{
  "id": "gen9championsbssregma-2587301431",
  "format": "[Gen 9 Champions] BSS Reg M-A",
  "players": [
    "Keyan_Sans",
    "git_iger"
  ],
  "log": "|j|\u2606Keyan_Sans\n|j|\u2606git_iger\n|t:|1776519908\n|gametype|singles\n|player|p1|Keyan_Sans|hugh|1207\n|player|p2|git_iger|lucas|1345\n|gen|9\n|tier|[Gen 9 Champions] BSS Reg M-A\n|rated|\n|rule|Species Clause: Limit one of each Pok\u00e9mon\n|rule|Item Clause: Limit 1 of each item\n|clearpoke\n|poke|p1|Gyarados, L50, F|\n|poke|p1|Aegislash, L50, M|\n|poke|p1|Garchomp, L50, F|\n|poke|p1|Meowscarada, L50, F|\n|poke|p1|Gengar, L50, M|\n|poke|p1|Primarina, L50, M|\n|poke|p2|Garchomp, L50, F|\n|poke|p2|Floette-Eternal, L50, F|\n|poke|p2|Delphox, L50, F|\n|poke|p2|Toxapex, L50, F|\n|poke|p2|Umbreon, L50, F|\n|poke|p2|Basculegion, L50, M|\n|teampreview|3\n|inactive|Battle timer is ON: inactive players will automatically lose when time's up. (requested by Keyan_Sans)\n|\n|t:|1776519931\n|teamsize|p1|3\n|teamsize|p2|3\n|start\n|switch|p1a: Meowscarada|Meowscarada, L50, F|100/100\n|switch|p2a: Floette|Floette-Eternal, L50, F|100/100\n|turn|1\n|\n|t:|1776519939\n|detailschange|p2a: Floette|Floette-Mega, L50, F\n|-mega|p2a: Floette|Floette|Floettite\n|-ability|p2a: Floette|Fairy Aura\n|move|p1a: Meowscarada|U-turn|p2a: Floette\n|-start|p1a: Meowscarada|typechange|Bug|[from] ability: Protean\n|-resisted|p2a: Floette|1\n|-damage|p2a: Floette|86/100\n|\n|t:|1776519941\n|switch|p1a: Gengar|Gengar, L50, M|100/100|[from] U-turn\n|move|p2a: Floette|Moonblast|p1a: Gengar\n|-resisted|p1a: Gengar|1\n|-damage|p1a: Gengar|40/100\n|\n|upkeep\n|turn|2\n|inactive|git_iger has 30 seconds left.\n|\n|t:|1776519972\n|switch|p2a: Umbreon|Umbreon, L50, F|100/100\n|move|p1a: Gengar|Shadow Ball|p2a: Umbreon\n|-resisted|p2a: Umbreon|1\n|-damage|p2a: Umbreon|86/100\n|-unboost|p2a: Umbreon|spd|1\n|\n|-heal|p2a: Umbreon|92/100|[from] item: Leftovers\n|upkeep\n|turn|3\n|\n|t:|1776519982\n|switch|p1a: Meowscarada|Meowscarada, L50, F|100/100\n|move|p2a: Umbreon|Foul Play|p1a: Meowscarada\n|-resisted|p1a: Meowscarada|1\n|-damage|p1a: Meowscarada|69/100\n|\n|-heal|p2a: Umbreon|98/100|[from] item: Leftovers\n|upkeep\n|turn|4\n|\n|t:|1776519992\n|move|p2a: Umbreon|Protect|p2a: Umbreon\n|-singleturn|p2a: Umbreon|Protect\n|move|p1a: Meowscarada|U-turn|p2a: Umbreon\n|-start|p1a: Meowscarada|typechange|Bug|[from] ability: Protean\n|-activate|p2a: Umbreon|move: Protect\n|\n|-heal|p2a: Umbreon|100/100|[from] item: Leftovers\n|upkeep\n|turn|5\n|\n|t:|1776520005\n|switch|p1a: Gyarados|Gyarados, L50, F|100/100\n|-ability|p1a: Gyarados|Intimidate|boost\n|-fail|p2a: Umbreon|unboost|Attack|[from] ability: Inner Focus|[of] p2a: Umbreon\n|move|p2a: Umbreon|Foul Play|p1a: Gyarados\n|-damage|p1a: Gyarados|39/100\n|\n|upkeep\n|turn|6\n|\n|t:|1776520013\n|switch|p1a: Meowscarada|Meowscarada, L50, F|69/100\n|move|p2a: Umbreon|Foul Play|p1a: Meowscarada\n|-resisted|p1a: Meowscarada|1\n|-damage|p1a: Meowscarada|32/100\n|\n|upkeep\n|turn|7\n|\n|t:|1776520020\n|move|p2a: Umbreon|Protect|p2a: Umbreon\n|-singleturn|p2a: Umbreon|Protect\n|move|p1a: Meowscarada|Play Rough|p2a: Umbreon\n|-start|p1a: Meowscarada|typechange|Fairy|[from] ability: Protean\n|-activate|p2a: Umbreon|move: Protect\n|\n|upkeep\n|turn|8\n|\n|t:|1776520029\n|switch|p1a: Gengar|Gengar, L50, M|40/100\n|switch|p2a: Toxapex|Toxapex, L50, F|100/100\n|\n|upkeep\n|turn|9\n|\n|t:|1776520036\n|switch|p2a: Umbreon|Umbreon, L50, F|100/100\n|move|p1a: Gengar|Nasty Plot|p1a: Gengar\n|-boost|p1a: Gengar|spa|2\n|\n|upkeep\n|turn|10\n|\n|t:|1776520045\n|move|p1a: Gengar|Focus Blast|p2a: Umbreon\n|-supereffective|p2a: Umbreon|1\n|-damage|p2a: Umbreon|0 fnt\n|faint|p2a: Umbreon\n|\n|upkeep\n|\n|t:|1776520052\n|switch|p2a: Floette|Floette-Mega, L50, F|86/100\n|-ability|p2a: Floette|Fairy Aura\n|turn|11\n|\n|t:|1776520058\n|move|p1a: Gengar|Shadow Ball|p2a: Floette\n|-damage|p2a: Floette|25/100\n|move|p2a: Floette|Moonblast|p1a: Gengar\n|-resisted|p1a: Gengar|1\n|-damage|p1a: Gengar|0 fnt\n|-start|p2a: Floette|Disable|Moonblast|[from] ability: Cursed Body|[of] p1a: Gengar\n|faint|p1a: Gengar\n|\n|upkeep\n|\n|t:|1776520078\n|switch|p1a: Meowscarada|Meowscarada, L50, F|32/100\n|turn|12\n|\n|t:|1776520082\n|switch|p2a: Toxapex|Toxapex, L50, F|100/100\n|move|p1a: Meowscarada|Flower Trick|p2a: Toxapex\n|-start|p1a: Meowscarada|typechange|Grass|[from] ability: Protean\n|-crit|p2a: Toxapex\n|-damage|p2a: Toxapex|60/100\n|\n|upkeep\n|turn|13\n|\n|t:|1776520101\n|move|p1a: Meowscarada|Flower Trick|p2a: Toxapex\n|-crit|p2a: Toxapex\n|-damage|p2a: Toxapex|18/100\n|move|p2a: Toxapex|Recover|p2a: Toxapex\n|-heal|p2a: Toxapex|69/100\n|\n|upkeep\n|turn|14\n|\n|t:|1776520109\n|switch|p1a: Gyarados|Gyarados, L50, F|39/100\n|-ability|p1a: Gyarados|Intimidate|boost\n|-unboost|p2a: Toxapex|atk|1\n|move|p2a: Toxapex|Recover|p2a: Toxapex\n|-heal|p2a: Toxapex|100/100\n|\n|upkeep\n|turn|15\n|\n|t:|1776520123\n|move|p1a: Gyarados|Dragon Dance|p1a: Gyarados\n|-boost|p1a: Gyarados|atk|1\n|-boost|p1a: Gyarados|spe|1\n|move|p2a: Toxapex|Haze|p2a: Toxapex\n|-clearallboost\n|\n|upkeep\n|turn|16\n|\n|t:|1776520140\n|move|p1a: Gyarados|Dragon Dance|p1a: Gyarados\n|-boost|p1a: Gyarados|atk|1\n|-boost|p1a: Gyarados|spe|1\n|move|p2a: Toxapex|Haze|p2a: Toxapex\n|-clearallboost\n|\n|upkeep\n|turn|17\n|\n|t:|1776520150\n|move|p1a: Gyarados|Dragon Dance|p1a: Gyarados\n|-boost|p1a: Gyarados|atk|1\n|-boost|p1a: Gyarados|spe|1\n|move|p2a: Toxapex|Haze|p2a: Toxapex\n|-clearallboost\n|\n|upkeep\n|turn|18\n|\n|t:|1776520172\n|move|p1a: Gyarados|Earthquake|p2a: Toxapex\n|-supereffective|p2a: Toxapex|1\n|-crit|p2a: Toxapex\n|-damage|p2a: Toxapex|16/100\n|move|p2a: Toxapex|Haze|p2a: Toxapex\n|-clearallboost\n|\n|upkeep\n|turn|19\n|\n|t:|1776520179\n|move|p1a: Gyarados|Dragon Dance|p1a: Gyarados\n|-boost|p1a: Gyarados|atk|1\n|-boost|p1a: Gyarados|spe|1\n|move|p2a: Toxapex|Haze|p2a: Toxapex\n|-clearallboost\n|\n|upkeep\n|turn|20\n|\n|t:|1776520186\n|move|p1a: Gyarados|Dragon Dance|p1a: Gyarados\n|-boost|p1a: Gyarados|atk|1\n|-boost|p1a: Gyarados|spe|1\n|move|p2a: Toxapex|Haze|p2a: Toxapex\n|-clearallboost\n|\n|upkeep\n|turn|21\n|\n|t:|1776520193\n|move|p1a: Gyarados|Dragon Dance|p1a: Gyarados\n|-boost|p1a: Gyarados|atk|1\n|-boost|p1a: Gyarados|spe|1\n|move|p2a: Toxapex|Haze|p2a: Toxapex\n|-clearallboost\n|\n|upkeep\n|turn|22\n|\n|t:|1776520200\n|move|p1a: Gyarados|Dragon Dance|p1a: Gyarados\n|-boost|p1a: Gyarados|atk|1\n|-boost|p1a: Gyarados|spe|1\n|move|p2a: Toxapex|Haze|p2a: Toxapex\n|-clearallboost\n|\n|upkeep\n|turn|23\n|\n|t:|1776520207\n|move|p1a: Gyarados|Dragon Dance|p1a: Gyarados\n|-boost|p1a: Gyarados|atk|1\n|-boost|p1a: Gyarados|spe|1\n|move|p2a: Toxapex|Haze|p2a: Toxapex\n|-clearallboost\n|\n|upkeep\n|turn|24\n|\n|t:|1776520214\n|move|p1a: Gyarados|Dragon Dance|p1a: Gyarados\n|-boost|p1a: Gyarados|atk|1\n|-boost|p1a: Gyarados|spe|1\n|move|p2a: Toxapex|Haze|p2a: Toxapex\n|-clearallboost\n|\n|upkeep\n|turn|25\n|\n|t:|1776520222\n|move|p1a: Gyarados|Dragon Dance|p1a: Gyarados\n|-boost|p1a: Gyarados|atk|1\n|-boost|p1a: Gyarados|spe|1\n|move|p2a: Toxapex|Haze|p2a: Toxapex\n|-clearallboost\n|\n|upkeep\n|turn|26\n|\n|t:|1776520229\n|move|p1a: Gyarados|Dragon Dance|p1a: Gyarados\n|-boost|p1a: Gyarados|atk|1\n|-boost|p1a: Gyarados|spe|1\n|move|p2a: Toxapex|Haze|p2a: Toxapex\n|-clearallboost\n|\n|upkeep\n|turn|27\n|\n|t:|1776520236\n|move|p1a: Gyarados|Dragon Dance|p1a: Gyarados\n|-boost|p1a: Gyarados|atk|1\n|-boost|p1a: Gyarados|spe|1\n|move|p2a: Toxapex|Haze|p2a: Toxapex\n|-clearallboost\n|\n|upkeep\n|turn|28\n|\n|t:|1776520243\n|move|p1a: Gyarados|Dragon Dance|p1a: Gyarados\n|-boost|p1a: Gyarados|atk|1\n|-boost|p1a: Gyarados|spe|1\n|move|p2a: Toxapex|Haze|p2a: Toxapex\n|-clearallboost\n|\n|upkeep\n|turn|29\n|\n|t:|1776520250\n|move|p1a: Gyarados|Dragon Dance|p1a: Gyarados\n|-boost|p1a: Gyarados|atk|1\n|-boost|p1a: Gyarados|spe|1\n|move|p2a: Toxapex|Haze|p2a: Toxapex\n|-clearallboost\n|\n|upkeep\n|turn|30\n|\n|t:|1776520261\n|move|p1a: Gyarados|Dragon Dance|p1a: Gyarados\n|-boost|p1a: Gyarados|atk|1\n|-boost|p1a: Gyarados|spe|1\n|move|p2a: Toxapex|Haze|p2a: Toxapex\n|-clearallboost\n|\n|upkeep\n|turn|31\n|\n|t:|1776520270\n|move|p1a: Gyarados|Dragon Dance|p1a: Gyarados\n|-boost|p1a: Gyarados|atk|1\n|-boost|p1a: Gyarados|spe|1\n|move|p2a: Toxapex|Haze|p2a: Toxapex\n|-clearallboost\n|\n|upkeep\n|turn|32\n|\n|t:|1776520277\n|move|p1a: Gyarados|Dragon Dance|p1a: Gyarados\n|-boost|p1a: Gyarados|atk|1\n|-boost|p1a: Gyarados|spe|1\n|move|p2a: Toxapex|Haze|p2a: Toxapex\n|-clearallboost\n|\n|upkeep\n|turn|33\n|\n|t:|1776520284\n|move|p1a: Gyarados|Dragon Dance|p1a: Gyarados\n|-boost|p1a: Gyarados|atk|1\n|-boost|p1a: Gyarados|spe|1\n|move|p2a: Toxapex|Haze|p2a: Toxapex\n|-clearallboost\n|\n|upkeep\n|turn|34\n|\n|t:|1776520294\n|move|p1a: Gyarados|Dragon Dance|p1a: Gyarados\n|-boost|p1a: Gyarados|atk|1\n|-boost|p1a: Gyarados|spe|1\n|move|p2a: Toxapex|Haze|p2a: Toxapex\n|-clearallboost\n|\n|upkeep\n|turn|35\n|\n|t:|1776520303\n|move|p1a: Gyarados|Dragon Dance|p1a: Gyarados\n|-boost|p1a: Gyarados|atk|1\n|-boost|p1a: Gyarados|spe|1\n|move|p2a: Toxapex|Toxic|p1a: Gyarados\n|-status|p1a: Gyarados|tox\n|\n|-damage|p1a: Gyarados|33/100 tox|[from] psn\n|upkeep\n|turn|36\n|c|\u2606Keyan_Sans|Gg\n|\n|t:|1776520313\n|detailschange|p1a: Gyarados|Gyarados-Mega, L50, F\n|-mega|p1a: Gyarados|Gyarados|Gyaradosite\n|-ability|p1a: Gyarados|Mold Breaker\n|move|p1a: Gyarados|Earthquake|p2a: Toxapex\n|-supereffective|p2a: Toxapex|1\n|-damage|p2a: Toxapex|0 fnt\n|faint|p2a: Toxapex\n|\n|-damage|p1a: Gyarados|22/100 tox|[from] psn\n|upkeep\n|\n|t:|1776520323\n|switch|p2a: Floette|Floette-Mega, L50, F|25/100\n|-ability|p2a: Floette|Fairy Aura\n|turn|37\n|\n|t:|1776520337\n|move|p1a: Gyarados|Waterfall|p2a: Floette\n|-damage|p2a: Floette|0 fnt\n|faint|p2a: Floette\n|\n|win|Keyan_Sans\n|raw|Keyan_Sans's rating: 1207 &rarr; <strong>1239</strong><br />(+32 for winning)\n|raw|git_iger's rating: 1303 &rarr; <strong>1278</strong><br />(-25 for losing)\n",
  "uploadtime": 1776520343,
  "views": 12,
  "formatid": "gen9championsbssregma",
  "rating": 1239,
  "private": 0,
  "password": null
}