{
  "id": "gen9championsbssregma-2584862716",
  "format": "[Gen 9 Champions] BSS Reg M-A",
  "players": [
    "jhbbjjb",
    "jaybiz01"
  ],
  "log": "|j|\u2606jhbbjjb\n|j|\u2606jaybiz01\n|t:|1776289585\n|gametype|singles\n|player|p1|jhbbjjb|1|1035\n|player|p2|jaybiz01|veteran|1035\n|gen|9\n|tier|[Gen 9 Champions] BSS Reg M-A\n|rated|\n|rule|Species Clause: Limit one of each Pok\u00e9mon\n|rule|Item Clause: Limit 1 of each item\n|clearpoke\n|poke|p1|Charizard, L50, M|\n|poke|p1|Gardevoir, L50, M|\n|poke|p1|Mamoswine, L50, M|\n|poke|p1|Aegislash, L50, M|\n|poke|p1|Azumarill, L50, M|\n|poke|p1|Serperior, L50, M|\n|poke|p2|Aggron, L50, M|\n|poke|p2|Garchomp, L50, M|\n|poke|p2|Venusaur, L50, M|\n|poke|p2|Basculegion, L50, M|\n|poke|p2|Ninetales-Alola, L50, F|\n|poke|p2|Simisear, L50, F|\n|teampreview|3\n|inactive|Battle timer is ON: inactive players will automatically lose when time's up. (requested by jaybiz01)\n|\n|t:|1776289669\n|teamsize|p1|3\n|teamsize|p2|3\n|start\n|switch|p1a: Gardevoir|Gardevoir, L50, M|100/100\n|switch|p2a: Aggron|Aggron, L50, M, shiny|100/100\n|turn|1\n|\n|t:|1776289682\n|switch|p1a: Serperior|Serperior, L50, M|100/100\n|detailschange|p2a: Aggron|Aggron-Mega, L50, M, shiny\n|-mega|p2a: Aggron|Aggron|Aggronite\n|move|p2a: Aggron|Iron Head|p1a: Serperior\n|-damage|p1a: Serperior|52/100\n|\n|-heal|p1a: Serperior|59/100|[from] item: Leftovers\n|upkeep\n|turn|2\n|\n|t:|1776289695\n|move|p1a: Serperior|Reflect|p1a: Serperior\n|-sidestart|p1: jhbbjjb|Reflect\n|move|p2a: Aggron|Body Press|p1a: Serperior\n|-damage|p1a: Serperior|41/100\n|\n|-heal|p1a: Serperior|47/100|[from] item: Leftovers\n|upkeep\n|turn|3\n|\n|t:|1776289704\n|move|p1a: Serperior|Leaf Storm|p2a: Aggron\n|-resisted|p2a: Aggron|1\n|-damage|p2a: Aggron|77/100\n|-boost|p1a: Serperior|spa|2\n|move|p2a: Aggron|Iron Head|p1a: Serperior\n|-damage|p1a: Serperior|24/100\n|\n|-heal|p1a: Serperior|30/100|[from] item: Leftovers\n|upkeep\n|turn|4\n|\n|t:|1776289715\n|move|p1a: Serperior|Leaf Storm|p2a: Aggron\n|-resisted|p2a: Aggron|1\n|-damage|p2a: Aggron|38/100\n|-boost|p1a: Serperior|spa|2\n|move|p2a: Aggron|Dragon Claw|p1a: Serperior\n|-damage|p1a: Serperior|16/100\n|\n|-heal|p1a: Serperior|22/100|[from] item: Leftovers\n|upkeep\n|turn|5\n|\n|t:|1776289726\n|move|p1a: Serperior|Leaf Storm|p2a: Aggron|[miss]\n|-miss|p1a: Serperior|p2a: Aggron\n|move|p2a: Aggron|Dragon Claw|p1a: Serperior\n|-damage|p1a: Serperior|7/100\n|\n|-heal|p1a: Serperior|13/100|[from] item: Leftovers\n|upkeep\n|turn|6\n|\n|t:|1776289734\n|move|p1a: Serperior|Leaf Storm|p2a: Aggron|[miss]\n|-miss|p1a: Serperior|p2a: Aggron\n|move|p2a: Aggron|Dragon Claw|p1a: Serperior\n|-damage|p1a: Serperior|0 fnt\n|faint|p1a: Serperior\n|\n|-sideend|p1: jhbbjjb|Reflect\n|upkeep\n|\n|t:|1776289745\n|switch|p1a: Gardevoir|Gardevoir, L50, M|100/100\n|turn|7\n|\n|t:|1776289752\n|detailschange|p1a: Gardevoir|Gardevoir-Mega, L50, M\n|-mega|p1a: Gardevoir|Gardevoir|Gardevoirite\n|move|p1a: Gardevoir|Hyper Voice|p2a: Aggron\n|-resisted|p2a: Aggron|1\n|-damage|p2a: Aggron|0 fnt\n|faint|p2a: Aggron\n|\n|upkeep\n|\n|t:|1776289757\n|switch|p2a: Venusaur|Venusaur, L50, M|100/100\n|turn|8\n|\n|t:|1776289763\n|move|p1a: Gardevoir|Psychic Noise|p2a: Venusaur\n|-supereffective|p2a: Venusaur|1\n|-damage|p2a: Venusaur|0 fnt\n|faint|p2a: Venusaur\n|\n|upkeep\n|\n|t:|1776289767\n|switch|p2a: Basculegion|Basculegion, L50, M|100/100\n|turn|9\n|\n|t:|1776289786\n|move|p2a: Basculegion|Last Respects|p1a: Gardevoir\n|-supereffective|p1a: Gardevoir|1\n|-damage|p1a: Gardevoir|0 fnt\n|faint|p1a: Gardevoir\n|\n|upkeep\n|\n|t:|1776289792\n|switch|p1a: Azumarill|Azumarill, L50, M|100/100\n|turn|10\n|\n|t:|1776289800\n|move|p2a: Basculegion|Last Respects|p1a: Azumarill\n|-damage|p1a: Azumarill|0 fnt\n|faint|p1a: Azumarill\n|\n|win|jaybiz01\n|raw|jhbbjjb's rating: 1035 &rarr; <strong>1020</strong><br />(-15 for losing)\n|raw|jaybiz01's rating: 1035 &rarr; <strong>1070</strong><br />(+35 for winning)\n|l|\u2606jaybiz01\n|player|p2|\n",
  "uploadtime": 1776289805,
  "views": 4,
  "formatid": "gen9championsbssregma",
  "rating": 1020,
  "private": 0,
  "password": null
}