{
  "id": "gen9championsbssregma-2585447535",
  "format": "[Gen 9 Champions] BSS Reg M-A",
  "players": [
    "BBBkty",
    "i am the tryer 2"
  ],
  "log": "|j|\u2606BBBkty\n|j|\u2606i am the tryer 2\n|t:|1776347935\n|gametype|singles\n|player|p1|BBBkty|265|1124\n|player|p2|i am the tryer 2|2|1167\n|gen|9\n|tier|[Gen 9 Champions] BSS Reg M-A\n|rated|\n|rule|Species Clause: Limit one of each Pok\u00e9mon\n|rule|Item Clause: Limit 1 of each item\n|clearpoke\n|poke|p1|Dragapult, L50, F|\n|poke|p1|Alakazam, L50, M|\n|poke|p1|Azumarill, L50, M|\n|poke|p1|Clefable, L50, M|\n|poke|p1|Espathra, L50, M|\n|poke|p1|Glimmora, L50, M|\n|poke|p2|Gengar, L50, M|\n|poke|p2|Garchomp, L50, M|\n|poke|p2|Corviknight, L50, M|\n|poke|p2|Meowscarada, L50, M|\n|poke|p2|Bellibolt, L50, F|\n|poke|p2|Lopunny, L50, M|\n|teampreview|3\n|\n|t:|1776347966\n|teamsize|p1|3\n|teamsize|p2|3\n|start\n|switch|p1a: Glimmora|Glimmora, L50, M|100/100\n|switch|p2a: Meowscarada|Meowscarada, L50, M|100/100\n|turn|1\n|inactive|Battle timer is ON: inactive players will automatically lose when time's up. (requested by BBBkty)\n|\n|t:|1776347972\n|switch|p2a: Bellibolt|Bellibolt, L50, F|100/100\n|move|p1a: Glimmora|Stealth Rock|p2a: Bellibolt\n|-sidestart|p2: i am the tryer 2|move: Stealth Rock\n|\n|upkeep\n|turn|2\n|\n|t:|1776347987\n|move|p1a: Glimmora|Earth Power|p2a: Bellibolt\n|-supereffective|p2a: Bellibolt|1\n|-damage|p2a: Bellibolt|64/100\n|-start|p2a: Bellibolt|Charge|Earth Power|[from] ability: Electromorphosis\n|move|p2a: Bellibolt|Parabolic Charge|p1a: Glimmora\n|-damage|p1a: Glimmora|51/100\n|-heal|p2a: Bellibolt|83/100|[from] drain|[of] p1a: Glimmora\n|-end|p2a: Bellibolt|Charge|[silent]\n|\n|upkeep\n|turn|3\n|\n|t:|1776348006\n|move|p1a: Glimmora|Mortal Spin|p2a: Bellibolt\n|-damage|p2a: Bellibolt|77/100\n|-status|p2a: Bellibolt|psn\n|-start|p2a: Bellibolt|Charge|Mortal Spin|[from] ability: Electromorphosis\n|move|p2a: Bellibolt|Parabolic Charge|p1a: Glimmora\n|-damage|p1a: Glimmora|2/100\n|-heal|p2a: Bellibolt|95/100 psn|[from] drain|[of] p1a: Glimmora\n|-end|p2a: Bellibolt|Charge|[silent]\n|\n|-damage|p2a: Bellibolt|83/100 psn|[from] psn\n|upkeep\n|turn|4\n|\n|t:|1776348017\n|move|p1a: Glimmora|Earth Power|p2a: Bellibolt\n|-supereffective|p2a: Bellibolt|1\n|-damage|p2a: Bellibolt|48/100 psn\n|-start|p2a: Bellibolt|Charge|Earth Power|[from] ability: Electromorphosis\n|-enditem|p2a: Bellibolt|Sitrus Berry|[eat]\n|-heal|p2a: Bellibolt|73/100 psn|[from] item: Sitrus Berry\n|move|p2a: Bellibolt|Parabolic Charge|p1a: Glimmora\n|-damage|p1a: Glimmora|0 fnt\n|-heal|p2a: Bellibolt|74/100 psn|[from] drain|[of] p1a: Glimmora\n|faint|p1a: Glimmora\n|-end|p2a: Bellibolt|Charge|[silent]\n|\n|-damage|p2a: Bellibolt|61/100 psn|[from] psn\n|upkeep\n|\n|t:|1776348022\n|switch|p1a: Espathra|Espathra, L50, M, shiny|100/100\n|turn|5\n|\n|t:|1776348025\n|move|p1a: Espathra|Protect|p1a: Espathra\n|-singleturn|p1a: Espathra|Protect\n|move|p2a: Bellibolt|Toxic|p1a: Espathra\n|-activate|p1a: Espathra|move: Protect\n|\n|-damage|p2a: Bellibolt|49/100 psn|[from] psn\n|-ability|p1a: Espathra|Speed Boost|boost\n|-boost|p1a: Espathra|spe|1\n|upkeep\n|turn|6\n|\n|t:|1776348033\n|move|p1a: Espathra|Calm Mind|p1a: Espathra\n|-boost|p1a: Espathra|spa|1\n|-boost|p1a: Espathra|spd|1\n|move|p2a: Bellibolt|Volt Switch|p1a: Espathra\n|-damage|p1a: Espathra|82/100\n|\n|t:|1776348036\n|switch|p2a: Meowscarada|Meowscarada, L50, M|100/100|[from] Volt Switch\n|-damage|p2a: Meowscarada|88/100|[from] Stealth Rock\n|\n|-ability|p1a: Espathra|Speed Boost|boost\n|-boost|p1a: Espathra|spe|1\n|upkeep\n|turn|7\n|\n|t:|1776348041\n|move|p1a: Espathra|Protect|p1a: Espathra\n|-singleturn|p1a: Espathra|Protect\n|move|p2a: Meowscarada|Knock Off|p1a: Espathra\n|-start|p2a: Meowscarada|typechange|Dark|[from] ability: Protean\n|-activate|p1a: Espathra|move: Protect\n|\n|-ability|p1a: Espathra|Speed Boost|boost\n|-boost|p1a: Espathra|spe|1\n|upkeep\n|turn|8\n|\n|t:|1776348046\n|move|p2a: Meowscarada|Sucker Punch||[still]\n|-fail|p2a: Meowscarada\n|move|p1a: Espathra|Baton Pass|p1a: Espathra\n|\n|t:|1776348049\n|switch|p1a: Clefable|Clefable, L50, M, shiny|100/100|[from] Baton Pass\n|\n|upkeep\n|turn|9\n|\n|t:|1776348054\n|switch|p2a: Bellibolt|Bellibolt, L50, F|49/100 psn\n|-damage|p2a: Bellibolt|36/100 psn|[from] Stealth Rock\n|detailschange|p1a: Clefable|Clefable-Mega, L50, M, shiny\n|-mega|p1a: Clefable|Clefable|Clefablite\n|move|p1a: Clefable|Cosmic Power|p1a: Clefable\n|-boost|p1a: Clefable|def|1\n|-boost|p1a: Clefable|spd|1\n|\n|-damage|p2a: Bellibolt|24/100 psn|[from] psn\n|upkeep\n|turn|10\n|\n|t:|1776348067\n|move|p1a: Clefable|Cosmic Power|p1a: Clefable\n|-boost|p1a: Clefable|def|1\n|-boost|p1a: Clefable|spd|1\n|move|p2a: Bellibolt|Parabolic Charge|p1a: Clefable\n|-supereffective|p1a: Clefable|1\n|-damage|p1a: Clefable|85/100\n|-heal|p2a: Bellibolt|30/100 psn|[from] drain|[of] p1a: Clefable\n|\n|-damage|p2a: Bellibolt|17/100 psn|[from] psn\n|upkeep\n|turn|11\n|inactive|i am the tryer 2 has 30 seconds left.\n|\n|t:|1776348093\n|move|p1a: Clefable|Cosmic Power|p1a: Clefable\n|-boost|p1a: Clefable|def|1\n|-boost|p1a: Clefable|spd|1\n|move|p2a: Bellibolt|Volt Switch|p1a: Clefable\n|-supereffective|p1a: Clefable|1\n|-crit|p1a: Clefable\n|-damage|p1a: Clefable|23/100\n|\n|t:|1776348096\n|switch|p2a: Lopunny|Lopunny, L50, M|100/100|[from] Volt Switch\n|-damage|p2a: Lopunny|89/100|[from] Stealth Rock\n|\n|upkeep\n|turn|12\n|\n|t:|1776348105\n|detailschange|p2a: Lopunny|Lopunny-Mega, L50, M\n|-mega|p2a: Lopunny|Lopunny|Lopunnite\n|move|p2a: Lopunny|Fake Out|p1a: Clefable\n|-damage|p1a: Clefable|14/100\n|cant|p1a: Clefable|flinch\n|\n|upkeep\n|turn|13\n|\n|t:|1776348109\n|move|p1a: Clefable|Moonlight|p1a: Clefable\n|-heal|p1a: Clefable|64/100\n|move|p2a: Lopunny|Facade|p1a: Clefable\n|-damage|p1a: Clefable|52/100\n|\n|upkeep\n|turn|14\n|\n|t:|1776348121\n|move|p1a: Clefable|Stored Power|p2a: Lopunny\n|-supereffective|p2a: Lopunny|1\n|-damage|p2a: Lopunny|0 fnt\n|faint|p2a: Lopunny\n|\n|upkeep\n|\n|t:|1776348129\n|switch|p2a: Meowscarada|Meowscarada, L50, M|88/100\n|-damage|p2a: Meowscarada|76/100|[from] Stealth Rock\n|turn|15\n|\n|t:|1776348135\n|move|p1a: Clefable|Moonlight|p1a: Clefable\n|-heal|p1a: Clefable|100/100\n|move|p2a: Meowscarada|Triple Axel|p1a: Clefable\n|-start|p2a: Meowscarada|typechange|Ice|[from] ability: Protean\n|-supereffective|p1a: Clefable|1\n|-damage|p1a: Clefable|94/100\n|-supereffective|p1a: Clefable|1\n|-damage|p1a: Clefable|80/100\n|-supereffective|p1a: Clefable|1\n|-damage|p1a: Clefable|61/100\n|-hitcount|p1a: Clefable|3\n|\n|upkeep\n|turn|16\n|\n|t:|1776348143\n|move|p2a: Meowscarada|Sucker Punch|p1a: Clefable\n|-resisted|p1a: Clefable|1\n|-damage|p1a: Clefable|57/100\n|move|p1a: Clefable|Moonblast|p2a: Meowscarada\n|-damage|p2a: Meowscarada|0 fnt\n|faint|p2a: Meowscarada\n|\n|upkeep\n|-message|i am the tryer 2 forfeited.\n|\n|win|BBBkty\n|raw|BBBkty's rating: 1124 &rarr; <strong>1152</strong><br />(+28 for winning)\n|raw|i am the tryer 2's rating: 1167 &rarr; <strong>1139</strong><br />(-28 for losing)\n|l|\u2606i am the tryer 2\n|player|p2|\n",
  "uploadtime": 1776348150,
  "views": 5,
  "formatid": "gen9championsbssregma",
  "rating": 1139,
  "private": 0,
  "password": null
}