{
  "id": "gen9championsbssregma-2581855366",
  "format": "[Gen 9 Champions] BSS Reg M-A",
  "players": [
    "dialestdial",
    "ElTioLugia"
  ],
  "log": "|j|\u2606dialestdial\n|j|\u2606ElTioLugia\n|t:|1776034027\n|gametype|singles\n|player|p1|dialestdial|plasmagruntf|1057\n|player|p2|ElTioLugia|1|1034\n|gen|9\n|tier|[Gen 9 Champions] BSS Reg M-A\n|rated|\n|rule|Species Clause: Limit one of each Pok\u00e9mon\n|rule|Item Clause: Limit 1 of each item\n|clearpoke\n|poke|p1|Kingambit, L50, M|\n|poke|p1|Ditto, L50|\n|poke|p1|Gengar, L50, M|\n|poke|p1|Floette-Eternal, L50, F|\n|poke|p1|Skeledirge, L50, F|\n|poke|p1|Maushold-Four, L50|\n|poke|p2|Scovillain, L50, M|\n|poke|p2|Corviknight, L50, M|\n|poke|p2|Florges, L50, F|\n|teampreview|3\n|inactive|Battle timer is ON: inactive players will automatically lose when time's up. (requested by dialestdial)\n|\n|t:|1776034053\n|teamsize|p1|3\n|teamsize|p2|3\n|start\n|switch|p1a: Floette|Floette-Eternal, L50, F|100/100\n|switch|p2a: Scovillain|Scovillain, L50, M|100/100\n|turn|1\n|\n|t:|1776034064\n|detailschange|p1a: Floette|Floette-Mega, L50, F\n|-mega|p1a: Floette|Floette|Floettite\n|-ability|p1a: Floette|Fairy Aura\n|detailschange|p2a: Scovillain|Scovillain-Mega, L50, M\n|-mega|p2a: Scovillain|Scovillain|Scovillainite\n|move|p1a: Floette|Light of Ruin|p2a: Scovillain\n|-resisted|p2a: Scovillain|1\n|-damage|p2a: Scovillain|29/100\n|-status|p1a: Floette|brn|[from] ability: Spicy Spray|[of] p2a: Scovillain\n|-damage|p1a: Floette|59/100 brn|[from] Recoil\n|move|p2a: Scovillain|Leech Seed|p1a: Floette\n|-start|p1a: Floette|move: Leech Seed\n|\n|-damage|p1a: Floette|47/100 brn|[from] Leech Seed|[of] p2a: Scovillain\n|-heal|p2a: Scovillain|39/100|[silent]\n|-damage|p1a: Floette|41/100 brn|[from] brn\n|upkeep\n|turn|2\n|\n|t:|1776034084\n|switch|p2a: Corviknight|Corviknight, L50, M|100/100\n|move|p1a: Floette|Light of Ruin|p2a: Corviknight\n|-resisted|p2a: Corviknight|1\n|-damage|p2a: Corviknight|39/100\n|-damage|p1a: Floette|0 fnt|[from] Recoil\n|faint|p1a: Floette\n|\n|-heal|p2a: Corviknight|44/100|[from] item: Leftovers\n|upkeep\n|\n|t:|1776034094\n|switch|p1a: Skeledirge|Skeledirge, L50, F|100/100\n|turn|3\n|\n|t:|1776034100\n|switch|p2a: Florges|Florges, L50, F|100/100\n|move|p1a: Skeledirge|Torch Song|p2a: Florges\n|-damage|p2a: Florges|77/100\n|-boost|p1a: Skeledirge|spa|1\n|\n|upkeep\n|turn|4\n|\n|t:|1776034106\n|move|p2a: Florges|Chilling Water|p1a: Skeledirge\n|-supereffective|p1a: Skeledirge|1\n|-damage|p1a: Skeledirge|80/100\n|-unboost|p1a: Skeledirge|atk|1\n|move|p1a: Skeledirge|Torch Song|p2a: Florges\n|-damage|p2a: Florges|46/100\n|-boost|p1a: Skeledirge|spa|1\n|-enditem|p2a: Florges|Sitrus Berry|[eat]\n|-heal|p2a: Florges|71/100|[from] item: Sitrus Berry\n|\n|upkeep\n|turn|5\n|-message|ElTioLugia forfeited.\n|\n|win|dialestdial\n|raw|dialestdial's rating: 1057 &rarr; <strong>1086</strong><br />(+29 for winning)\n|raw|ElTioLugia's rating: 1034 &rarr; <strong>1020</strong><br />(-14 for losing)\n|l|\u2606ElTioLugia\n|player|p2|\n|j| eefren\n",
  "uploadtime": 1776034257,
  "views": 4,
  "formatid": "gen9championsbssregma",
  "rating": 1020,
  "private": 0,
  "password": null
}