{
  "id": "gen9championsbssregma-2587978654",
  "format": "[Gen 9 Champions] BSS Reg M-A",
  "players": [
    "toriware",
    "xjdkfkkfkf"
  ],
  "log": "|j|\u2606toriware\n|j|\u2606xjdkfkkfkf\n|t:|1776587866\n|gametype|singles\n|player|p1|toriware|swimmerf|1267\n|player|p2|xjdkfkkfkf|artist-gen4|1164\n|gen|9\n|tier|[Gen 9 Champions] BSS Reg M-A\n|rated|\n|rule|Species Clause: Limit one of each Pok\u00e9mon\n|rule|Item Clause: Limit 1 of each item\n|clearpoke\n|poke|p1|Azumarill, L50, M|\n|poke|p1|Garchomp, L50, M|\n|poke|p1|Gengar, L50, F|\n|poke|p1|Dragonite, L50, F|\n|poke|p1|Floette-Eternal, L50, F|\n|poke|p1|Espathra, L50, M|\n|poke|p2|Whimsicott, L50, F|\n|poke|p2|Dragapult, L50, M|\n|poke|p2|Pelipper, L50, F|\n|poke|p2|Basculegion, L50, M|\n|poke|p2|Salazzle, L50, F|\n|poke|p2|Tauros-Paldea-Blaze, L50, M|\n|teampreview|3\n|inactive|Battle timer is ON: inactive players will automatically lose when time's up. (requested by toriware)\n|inactive|toriware has 60 seconds left.\n|inactive|xjdkfkkfkf has 60 seconds left.\n|inactive|toriware has 30 seconds left.\n|inactive|xjdkfkkfkf has 30 seconds left.\n|inactive|xjdkfkkfkf has 20 seconds left.\n|\n|t:|1776587939\n|teamsize|p1|3\n|teamsize|p2|3\n|start\n|switch|p1a: Espathra|Espathra, L50, M|100/100\n|switch|p2a: Salazzle|Salazzle, L50, F|100/100\n|turn|1\n|inactive|toriware has 30 seconds left.\n|inactive|toriware has 20 seconds left.\n|\n|t:|1776587976\n|move|p1a: Espathra|Calm Mind|p1a: Espathra\n|-boost|p1a: Espathra|spa|1\n|-boost|p1a: Espathra|spd|1\n|move|p2a: Salazzle|Toxic Spikes|p1a: Espathra\n|-sidestart|p1: toriware|move: Toxic Spikes\n|\n|-ability|p1a: Espathra|Speed Boost|boost\n|-boost|p1a: Espathra|spe|1\n|upkeep\n|turn|2\n|\n|t:|1776587986\n|move|p1a: Espathra|Lumina Crash|p2a: Salazzle\n|-supereffective|p2a: Salazzle|1\n|-damage|p2a: Salazzle|0 fnt\n|faint|p2a: Salazzle\n|\n|-ability|p1a: Espathra|Speed Boost|boost\n|-boost|p1a: Espathra|spe|1\n|upkeep\n|\n|t:|1776587995\n|switch|p2a: Basculegion|Basculegion, L50, M|100/100\n|turn|3\n|\n|t:|1776588002\n|move|p1a: Espathra|Baton Pass|p1a: Espathra\n|\n|t:|1776588005\n|switch|p1a: Floette|Floette-Eternal, L50, F|100/100|[from] Baton Pass\n|-status|p1a: Floette|psn\n|move|p2a: Basculegion|Last Respects|p1a: Floette\n|-damage|p1a: Floette|11/100 psn\n|\n|-damage|p1a: Floette|0 fnt|[from] psn\n|faint|p1a: Floette\n|upkeep\n|\n|t:|1776588020\n|switch|p1a: Garchomp|Garchomp, L50, M|100/100\n|-status|p1a: Garchomp|psn\n|turn|4\n|\n|t:|1776588031\n|switch|p2a: Dragapult|Dragapult, L50, M|100/100\n|move|p1a: Garchomp|Rock Tomb|p2a: Dragapult\n|-damage|p2a: Dragapult|73/100\n|-unboost|p2a: Dragapult|spe|1\n|\n|-heal|p2a: Dragapult|80/100|[from] item: Leftovers\n|-damage|p1a: Garchomp|88/100 psn|[from] psn\n|upkeep\n|turn|5\n|\n|t:|1776588041\n|move|p1a: Garchomp|Outrage|p2a: Dragapult\n|-supereffective|p2a: Dragapult|1\n|-damage|p2a: Dragapult|0 fnt\n|faint|p2a: Dragapult\n|\n|-heal|p1a: Garchomp|94/100 psn|[from] item: Leftovers\n|-damage|p1a: Garchomp|82/100 psn|[from] psn\n|upkeep\n|\n|t:|1776588050\n|switch|p2a: Basculegion|Basculegion, L50, M|100/100\n|turn|6\n|\n|t:|1776588054\n|move|p2a: Basculegion|Last Respects|p1a: Garchomp\n|-damage|p1a: Garchomp|0 fnt\n|faint|p1a: Garchomp\n|\n|upkeep\n|\n|t:|1776588059\n|switch|p1a: Espathra|Espathra, L50, M|100/100\n|-status|p1a: Espathra|psn\n|turn|7\n|\n|t:|1776588067\n|move|p1a: Espathra|Protect|p1a: Espathra\n|-singleturn|p1a: Espathra|Protect\n|move|p2a: Basculegion|Last Respects|p1a: Espathra\n|-activate|p1a: Espathra|move: Protect\n|\n|-damage|p1a: Espathra|88/100 psn|[from] psn\n|-ability|p1a: Espathra|Speed Boost|boost\n|-boost|p1a: Espathra|spe|1\n|upkeep\n|turn|8\n|\n|t:|1776588077\n|move|p1a: Espathra|Lumina Crash|p2a: Basculegion\n|-crit|p2a: Basculegion\n|-damage|p2a: Basculegion|50/100\n|-unboost|p2a: Basculegion|spd|2\n|move|p2a: Basculegion|Last Respects|p1a: Espathra\n|-supereffective|p1a: Espathra|1\n|-damage|p1a: Espathra|0 fnt\n|faint|p1a: Espathra\n|\n|win|xjdkfkkfkf\n|raw|toriware's rating: 1267 &rarr; <strong>1235</strong><br />(-32 for losing)\n|raw|xjdkfkkfkf's rating: 1164 &rarr; <strong>1196</strong><br />(+32 for winning)\n",
  "uploadtime": 1776588088,
  "views": 7,
  "formatid": "gen9championsbssregma",
  "rating": 1196,
  "private": 0,
  "password": null
}