{
  "id": "gen9championsbssregma-2583635879",
  "format": "[Gen 9 Champions] BSS Reg M-A",
  "players": [
    "Effelon",
    "moonack2"
  ],
  "log": "|j|\u2606Effelon\n|j|\u2606moonack2\n|t:|1776187911\n|gametype|singles\n|player|p1|Effelon|colress|1257\n|player|p2|moonack2|170|1204\n|gen|9\n|tier|[Gen 9 Champions] BSS Reg M-A\n|rated|\n|rule|Species Clause: Limit one of each Pok\u00e9mon\n|rule|Item Clause: Limit 1 of each item\n|clearpoke\n|poke|p1|Orthworm, L50, M|\n|poke|p1|Basculegion, L50, M|\n|poke|p1|Blastoise, L50, M|\n|poke|p1|Sneasler, L50, F|\n|poke|p1|Floette-Eternal, L50, F|\n|poke|p1|Garchomp, L50, M|\n|poke|p2|Charizard, L50, M|\n|poke|p2|Whimsicott, L50, M|\n|poke|p2|Dragonite, L50, M|\n|poke|p2|Starmie, L50|\n|poke|p2|Aegislash, L50, M|\n|poke|p2|Garchomp, L50, M|\n|teampreview|3\n|\n|t:|1776187935\n|teamsize|p1|3\n|teamsize|p2|3\n|start\n|switch|p1a: Basculegion|Basculegion, L50, M|100/100\n|switch|p2a: Charizard|Charizard, L50, M|100/100\n|turn|1\n|\n|t:|1776187945\n|detailschange|p2a: Charizard|Charizard-Mega-Y, L50, M\n|-mega|p2a: Charizard|Charizard|Charizardite Y\n|-weather|SunnyDay|[from] ability: Drought|[of] p2a: Charizard\n|move|p1a: Basculegion|Wave Crash|p2a: Charizard\n|-supereffective|p2a: Charizard|1\n|-damage|p2a: Charizard|0 fnt\n|faint|p2a: Charizard\n|-damage|p1a: Basculegion|75/100|[from] Recoil\n|\n|-weather|SunnyDay|[upkeep]\n|upkeep\n|\n|t:|1776187956\n|switch|p2a: Starmie|Starmie, L50|100/100\n|turn|2\n|\n|t:|1776187966\n|switch|p1a: Orthworm|Orthworm, L50, M, shiny|100/100\n|move|p2a: Starmie|Minimize|p2a: Starmie\n|-boost|p2a: Starmie|evasion|2\n|\n|-weather|SunnyDay|[upkeep]\n|upkeep\n|turn|3\n|\n|t:|1776187975\n|move|p2a: Starmie|Minimize|p2a: Starmie\n|-boost|p2a: Starmie|evasion|2\n|move|p1a: Orthworm|Shed Tail|p1a: Orthworm\n|-start|p1a: Orthworm|Substitute|[from] move: Shed Tail\n|-damage|p1a: Orthworm|50/100\n|-enditem|p1a: Orthworm|Sitrus Berry|[eat]\n|-heal|p1a: Orthworm|75/100|[from] item: Sitrus Berry\n|\n|t:|1776187981\n|switch|p1a: Blastoise|Blastoise, L50, M|100/100|[from] Shed Tail\n|\n|-weather|SunnyDay|[upkeep]\n|upkeep\n|turn|4\n|\n|t:|1776187989\n|detailschange|p1a: Blastoise|Blastoise-Mega, L50, M\n|-mega|p1a: Blastoise|Blastoise|Blastoisinite\n|move|p2a: Starmie|Minimize|p2a: Starmie\n|-boost|p2a: Starmie|evasion|2\n|move|p1a: Blastoise|Dark Pulse|p2a: Starmie\n|-supereffective|p2a: Starmie|1\n|-damage|p2a: Starmie|0 fnt\n|faint|p2a: Starmie\n|\n|-weather|SunnyDay|[upkeep]\n|upkeep\n|\n|t:|1776188000\n|switch|p2a: Aegislash|Aegislash, L50, M|100/100\n|turn|5\n|\n|t:|1776188003\n|move|p1a: Blastoise|Dark Pulse|p2a: Aegislash\n|-supereffective|p2a: Aegislash|1\n|-damage|p2a: Aegislash|24/100\n|-formechange|p2a: Aegislash|Aegislash-Blade|\n|move|p2a: Aegislash|Solar Blade||[still]\n|-prepare|p2a: Aegislash|Solar Blade\n|-anim|p2a: Aegislash|Solar Blade|p1a: Blastoise\n|-supereffective|p1a: Blastoise|1\n|-end|p1a: Blastoise|Substitute\n|\n|-weather|none\n|-heal|p2a: Aegislash|30/100|[from] item: Leftovers\n|upkeep\n|turn|6\n|\n|t:|1776188015\n|move|p1a: Blastoise|Dark Pulse|p2a: Aegislash\n|-supereffective|p2a: Aegislash|1\n|-damage|p2a: Aegislash|0 fnt\n|faint|p2a: Aegislash\n|\n|win|Effelon\n|raw|Effelon's rating: 1257 &rarr; <strong>1278</strong><br />(+21 for winning)\n|raw|moonack2's rating: 1204 &rarr; <strong>1183</strong><br />(-21 for losing)\n",
  "uploadtime": 1776188018,
  "views": 6,
  "formatid": "gen9championsbssregma",
  "rating": 1183,
  "private": 0,
  "password": null
}