{
  "id": "gen9championsbssregma-2585940750",
  "format": "[Gen 9 Champions] BSS Reg M-A",
  "players": [
    "Bbbkty",
    "kllkjlkhk"
  ],
  "log": "|j|\u2606Bbbkty\n|j|\u2606kllkjlkhk\n|t:|1776383432\n|gametype|singles\n|player|p1|Bbbkty|169|1087\n|player|p2|kllkjlkhk|101|1073\n|gen|9\n|tier|[Gen 9 Champions] BSS Reg M-A\n|rated|\n|rule|Species Clause: Limit one of each Pok\u00e9mon\n|rule|Item Clause: Limit 1 of each item\n|clearpoke\n|poke|p1|Clefable, L50, F|\n|poke|p1|Charizard, L50, M|\n|poke|p1|Mimikyu, L50, M|\n|poke|p1|Kingambit, L50, M|\n|poke|p1|Espathra, L50, M|\n|poke|p1|Glimmora, L50, F|\n|poke|p2|Weavile, L50, M|\n|poke|p2|Floette-Eternal, L50, F|\n|poke|p2|Rotom-Wash, L50|\n|poke|p2|Incineroar, L50, M|\n|poke|p2|Mimikyu, L50, F|\n|poke|p2|Garchomp, L50, M|\n|teampreview|3\n|inactive|Battle timer is ON: inactive players will automatically lose when time's up. (requested by Bbbkty)\n|\n|t:|1776383466\n|teamsize|p1|3\n|teamsize|p2|3\n|start\n|switch|p1a: Glimmora|Glimmora, L50, F|100/100\n|switch|p2a: Weavile|Weavile, L50, M|100/100\n|-ability|p2a: Weavile|Pressure\n|turn|1\n|\n|t:|1776383474\n|move|p2a: Weavile|Fake Out|p1a: Glimmora\n|-resisted|p1a: Glimmora|1\n|-damage|p1a: Glimmora|95/100\n|-activate|p1a: Glimmora|ability: Toxic Debris\n|-sidestart|p2: kllkjlkhk|move: Toxic Spikes\n|cant|p1a: Glimmora|flinch\n|\n|upkeep\n|turn|2\n|\n|t:|1776383486\n|move|p2a: Weavile|Triple Axel|p1a: Glimmora\n|-damage|p1a: Glimmora|85/100\n|-activate|p1a: Glimmora|ability: Toxic Debris\n|-sidestart|p2: kllkjlkhk|move: Toxic Spikes\n|-damage|p1a: Glimmora|67/100\n|-damage|p1a: Glimmora|42/100\n|-hitcount|p1a: Glimmora|3\n|move|p1a: Glimmora|Stealth Rock|p2a: Weavile\n|-sidestart|p2: kllkjlkhk|move: Stealth Rock\n|\n|upkeep\n|turn|3\n|\n|t:|1776383500\n|move|p2a: Weavile|Triple Axel|p1a: Glimmora\n|-damage|p1a: Glimmora|34/100\n|-damage|p1a: Glimmora|17/100\n|-damage|p1a: Glimmora|0 fnt\n|faint|p1a: Glimmora\n|-hitcount|p1: Glimmora|3\n|\n|upkeep\n|\n|t:|1776383508\n|switch|p1a: Espathra|Espathra, L50, M|100/100\n|turn|4\n|\n|t:|1776383513\n|move|p1a: Espathra|Protect|p1a: Espathra\n|-singleturn|p1a: Espathra|Protect\n|move|p2a: Weavile|Knock Off|p1a: Espathra\n|-activate|p1a: Espathra|move: Protect\n|\n|-ability|p1a: Espathra|Speed Boost|boost\n|-boost|p1a: Espathra|spe|1\n|upkeep\n|turn|5\n|\n|t:|1776383520\n|move|p2a: Weavile|Knock Off|p1a: Espathra\n|-supereffective|p1a: Espathra|1\n|-damage|p1a: Espathra|0 fnt\n|-enditem|p1a: Espathra|Sitrus Berry|[from] move: Knock Off|[of] p2a: Weavile\n|faint|p1a: Espathra\n|\n|upkeep\n|\n|t:|1776383523\n|switch|p1a: Clefable|Clefable, L50, F|100/100\n|turn|6\n|\n|t:|1776383541\n|switch|p2a: Incineroar|Incineroar, L50, M|100/100\n|-status|p2a: Incineroar|tox\n|-damage|p2a: Incineroar|76/100 tox|[from] Stealth Rock\n|-ability|p2a: Incineroar|Intimidate|boost\n|-unboost|p1a: Clefable|atk|1\n|move|p1a: Clefable|Cosmic Power|p1a: Clefable\n|-boost|p1a: Clefable|def|1\n|-boost|p1a: Clefable|spd|1\n|\n|-damage|p2a: Incineroar|70/100 tox|[from] psn\n|upkeep\n|turn|7\n|\n|t:|1776383550\n|move|p2a: Incineroar|Fake Out|p1a: Clefable\n|-damage|p1a: Clefable|94/100\n|cant|p1a: Clefable|flinch\n|\n|-heal|p1a: Clefable|99/100|[from] item: Leftovers\n|-damage|p2a: Incineroar|58/100 tox|[from] psn\n|upkeep\n|turn|8\n|\n|t:|1776383554\n|move|p2a: Incineroar|Parting Shot|p1a: Clefable\n|-unboost|p1a: Clefable|atk|1\n|-unboost|p1a: Clefable|spa|1\n|\n|t:|1776383558\n|switch|p2a: Garchomp|Garchomp, L50, M|100/100|[from] Parting Shot\n|-status|p2a: Garchomp|tox\n|-damage|p2a: Garchomp|94/100 tox|[from] Stealth Rock\n|move|p1a: Clefable|Cosmic Power|p1a: Clefable\n|-boost|p1a: Clefable|def|1\n|-boost|p1a: Clefable|spd|1\n|\n|-heal|p1a: Clefable|100/100|[from] item: Leftovers\n|-damage|p2a: Garchomp|88/100 tox|[from] psn\n|upkeep\n|turn|9\n|\n|t:|1776383561\n|move|p2a: Garchomp|Poison Jab|p1a: Clefable\n|-supereffective|p1a: Clefable|1\n|-damage|p1a: Clefable|78/100\n|move|p1a: Clefable|Moonlight|p1a: Clefable\n|-heal|p1a: Clefable|100/100\n|\n|-damage|p2a: Garchomp|76/100 tox|[from] psn\n|upkeep\n|turn|10\n|\n|t:|1776383569\n|move|p2a: Garchomp|Poison Jab|p1a: Clefable\n|-supereffective|p1a: Clefable|1\n|-damage|p1a: Clefable|76/100\n|move|p1a: Clefable|Moonblast|p2a: Garchomp\n|-supereffective|p2a: Garchomp|1\n|-damage|p2a: Garchomp|29/100 tox\n|\n|-heal|p1a: Clefable|82/100|[from] item: Leftovers\n|-damage|p2a: Garchomp|11/100 tox|[from] psn\n|upkeep\n|turn|11\n|\n|t:|1776383574\n|move|p2a: Garchomp|Poison Jab|p1a: Clefable\n|-supereffective|p1a: Clefable|1\n|-damage|p1a: Clefable|59/100\n|move|p1a: Clefable|Cosmic Power|p1a: Clefable\n|-boost|p1a: Clefable|def|1\n|-boost|p1a: Clefable|spd|1\n|\n|-heal|p1a: Clefable|65/100|[from] item: Leftovers\n|-damage|p2a: Garchomp|0 fnt|[from] psn\n|faint|p2a: Garchomp\n|upkeep\n|\n|t:|1776383577\n|switch|p2a: Incineroar|Incineroar, L50, M|58/100 tox\n|-damage|p2a: Incineroar|33/100 tox|[from] Stealth Rock\n|-ability|p2a: Incineroar|Intimidate|boost\n|-unboost|p1a: Clefable|atk|1\n|-enditem|p2a: Incineroar|Sitrus Berry|[eat]\n|-heal|p2a: Incineroar|58/100 tox|[from] item: Sitrus Berry\n|turn|12\n|\n|t:|1776383581\n|move|p2a: Incineroar|Flare Blitz|p1a: Clefable\n|-damage|p1a: Clefable|49/100\n|-damage|p2a: Incineroar|53/100 tox|[from] Recoil\n|move|p1a: Clefable|Moonblast|p2a: Incineroar\n|-damage|p2a: Incineroar|39/100 tox\n|\n|-heal|p1a: Clefable|55/100|[from] item: Leftovers\n|-damage|p2a: Incineroar|33/100 tox|[from] psn\n|upkeep\n|turn|13\n|\n|t:|1776383590\n|move|p2a: Incineroar|Flare Blitz|p1a: Clefable\n|-damage|p1a: Clefable|39/100\n|-damage|p2a: Incineroar|28/100 tox|[from] Recoil\n|move|p1a: Clefable|Moonblast|p2a: Incineroar\n|-damage|p2a: Incineroar|14/100 tox\n|\n|-heal|p1a: Clefable|45/100|[from] item: Leftovers\n|-damage|p2a: Incineroar|2/100 tox|[from] psn\n|upkeep\n|turn|14\n|\n|t:|1776383598\n|move|p2a: Incineroar|Flare Blitz|p1a: Clefable\n|-damage|p1a: Clefable|28/100\n|-damage|p2a: Incineroar|0 fnt|[from] Recoil\n|faint|p2a: Incineroar\n|move|p1a: Clefable|Moonlight|p1a: Clefable\n|-heal|p1a: Clefable|78/100\n|\n|-heal|p1a: Clefable|84/100|[from] item: Leftovers\n|upkeep\n|\n|t:|1776383601\n|switch|p2a: Weavile|Weavile, L50, M|100/100\n|-status|p2a: Weavile|tox\n|-damage|p2a: Weavile|76/100 tox|[from] Stealth Rock\n|-ability|p2a: Weavile|Pressure\n|turn|15\n|\n|t:|1776383605\n|move|p2a: Weavile|Fake Out|p1a: Clefable\n|-damage|p1a: Clefable|80/100\n|cant|p1a: Clefable|flinch\n|\n|-heal|p1a: Clefable|86/100|[from] item: Leftovers\n|-damage|p2a: Weavile|70/100 tox|[from] psn\n|upkeep\n|turn|16\n|\n|t:|1776383610\n|move|p2a: Weavile|Triple Axel|p1a: Clefable\n|-damage|p1a: Clefable|82/100\n|-damage|p1a: Clefable|76/100\n|-damage|p1a: Clefable|66/100\n|-hitcount|p1a: Clefable|3\n|move|p1a: Clefable|Moonblast|p2a: Weavile\n|-supereffective|p2a: Weavile|1\n|-damage|p2a: Weavile|13/100 tox\n|\n|-heal|p1a: Clefable|72/100|[from] item: Leftovers\n|-damage|p2a: Weavile|0 fnt|[from] psn\n|faint|p2a: Weavile\n|\n|win|Bbbkty\n|raw|Bbbkty's rating: 1087 &rarr; <strong>1113</strong><br />(+26 for winning)\n|raw|kllkjlkhk's rating: 1073 &rarr; <strong>1053</strong><br />(-20 for losing)\n|l|\u2606kllkjlkhk\n|player|p2|\n",
  "uploadtime": 1776383614,
  "views": 4,
  "formatid": "gen9championsbssregma",
  "rating": 1053,
  "private": 0,
  "password": null
}