{
  "id": "gen9championsbssregma-2585440660",
  "format": "[Gen 9 Champions] BSS Reg M-A",
  "players": [
    "z-pokemaster2000",
    "darknightpt"
  ],
  "log": "|j|\u2606z-pokemaster2000\n|j|\u2606darknightpt\n|html|<table width=\"100%\"><tr><td align=\"left\">z-pokemaster2000</td><td align=\"right\">darknightpt</tr><tr><td align=\"left\"><i class=\"fa fa-circle-o\"></i> <i class=\"fa fa-circle-o\"></i> </td><td align=\"right\"><i class=\"fa fa-circle-o\"></i> <i class=\"fa fa-circle-o\"></i> </tr></table>\n|uhtml|bestof|<h2><strong>Game 1</strong> of <a href=\"/game-bestof3-gen9championsbssregma-2585440658\">a best-of-3</a></h2>\n|t:|1776347473\n|gametype|singles\n|player|p1|z-pokemaster2000|1|\n|player|p2|darknightpt|sabrina|\n|gen|9\n|tier|[Gen 9 Champions] BSS Reg M-A\n|rule|Species Clause: Limit one of each Pok\u00e9mon\n|rule|Item Clause: Limit 1 of each item\n|raw|<div class=\"infobox\"><details class=\"readmore\" open><summary><strong>1 custom rule:</strong></summary> Best of = 3</details></div>\n|clearpoke\n|poke|p1|Kangaskhan, L50, F|\n|poke|p1|Aegislash, L50, M|\n|poke|p1|Primarina, L50, M|\n|poke|p1|Rotom-Heat, L50|\n|poke|p1|Meowscarada, L50, M|\n|poke|p1|Slowbro-Galar, L50, M|\n|poke|p2|Gengar, L50, F|\n|poke|p2|Primarina, L50, F|\n|poke|p2|Garchomp, L50, M|\n|poke|p2|Corviknight, L50, M|\n|poke|p2|Lopunny, L50, M|\n|poke|p2|Meowscarada, L50, F|\n|teampreview|3\n|inactive|Battle timer is ON: inactive players will automatically lose when time's up. (requested by z-pokemaster2000)\n|c|\u2606darknightpt|QUICK CLAW IS BANNED IN MY HOUSE\n|inactive|darknightpt has 60 seconds left.\n|\n|t:|1776347525\n|teamsize|p1|3\n|teamsize|p2|3\n|start\n|switch|p1a: Primarina|Primarina, L50, M, shiny|100/100\n|switch|p2a: Gengar|Gengar, L50, F|100/100\n|turn|1\n|c|\u2606z-pokemaster2000|Well I'm cooked on lead\n|\n|t:|1776347541\n|detailschange|p2a: Gengar|Gengar-Mega, L50, F\n|-mega|p2a: Gengar|Gengar|Gengarite\n|move|p2a: Gengar|Nasty Plot|p2a: Gengar\n|-boost|p2a: Gengar|spa|2\n|move|p1a: Primarina|Alluring Voice|p2a: Gengar\n|-damage|p2a: Gengar|58/100\n|-start|p2a: Gengar|confusion\n|\n|upkeep\n|turn|2\n|c|\u2606z-pokemaster2000|Unless you int\n|c|\u2606darknightpt|wtf\n|c|\u2606darknightpt|why are you on that over moonblast :sob:\n|inactive|darknightpt has 30 seconds left.\n|\n|t:|1776347567\n|-activate|p2a: Gengar|confusion\n|-damage|p2a: Gengar|49/100|[from] confusion\n|move|p1a: Primarina|Alluring Voice|p2a: Gengar\n|-damage|p2a: Gengar|3/100\n|\n|upkeep\n|turn|3\n|\n|t:|1776347580\n|-activate|p2a: Gengar|confusion\n|move|p2a: Gengar|Sludge Wave|p1a: Primarina\n|-supereffective|p1a: Primarina|1\n|-damage|p1a: Primarina|0 fnt\n|faint|p1a: Primarina\n|\n|upkeep\n|\n|t:|1776347587\n|switch|p1a: Kangaskhan|Kangaskhan, L50, F|100/100\n|turn|4\n|\n|t:|1776347596\n|switch|p2a: Garchomp|Garchomp, L50, M|100/100\n|move|p1a: Kangaskhan|Fake Out|p2a: Garchomp\n|-damage|p2a: Garchomp|82/100\n|-damage|p1a: Kangaskhan|88/100|[from] ability: Rough Skin|[of] p2a: Garchomp\n|\n|upkeep\n|turn|5\n|inactive|z-pokemaster2000 has 30 seconds left.\n|c|\u2606z-pokemaster2000|Yeah without prim I lose to chompy\n|\n|t:|1776347631\n|detailschange|p1a: Kangaskhan|Kangaskhan-Mega, L50, F\n|-mega|p1a: Kangaskhan|Kangaskhan|Kangaskhanite\n|move|p2a: Garchomp|Earthquake|p1a: Kangaskhan\n|-damage|p1a: Kangaskhan|46/100\n|move|p1a: Kangaskhan|Rock Tomb|p2a: Garchomp\n|-resisted|p2a: Garchomp|1\n|-damage|p2a: Garchomp|71/100\n|-unboost|p2a: Garchomp|spe|1\n|-resisted|p2a: Garchomp|1\n|-damage|p2a: Garchomp|69/100\n|-unboost|p2a: Garchomp|spe|1\n|-hitcount|p2a: Garchomp|2\n|\n|upkeep\n|turn|6\n|\n|t:|1776347654\n|move|p1a: Kangaskhan|Body Slam|p2a: Garchomp\n|-crit|p2a: Garchomp\n|-damage|p2a: Garchomp|0 fnt\n|-damage|p1a: Kangaskhan|33/100|[from] ability: Rough Skin|[of] p2a: Garchomp\n|faint|p2a: Garchomp\n|-hitcount|p2: Garchomp|1\n|\n|upkeep\n|c|\u2606darknightpt|chomp, you're fired once again\n|c|\u2606darknightpt|every single time\n|inactive|darknightpt has 30 seconds left.\n|\n|t:|1776347680\n|switch|p2a: Corviknight|Corviknight, L50, M|100/100\n|-ability|p2a: Corviknight|Pressure\n|turn|7\n|c|\u2606z-pokemaster2000|Hot DANG\n|c|\u2606z-pokemaster2000|Calm down kang\n|\n|t:|1776347699\n|move|p1a: Kangaskhan|Rock Tomb|p2a: Corviknight\n|-damage|p2a: Corviknight|86/100\n|-unboost|p2a: Corviknight|spe|1\n|-damage|p2a: Corviknight|83/100\n|-unboost|p2a: Corviknight|spe|1\n|-hitcount|p2a: Corviknight|2\n|move|p2a: Corviknight|Iron Defense|p2a: Corviknight\n|-boost|p2a: Corviknight|def|2\n|\n|-heal|p2a: Corviknight|89/100|[from] item: Leftovers\n|upkeep\n|turn|8\n|\n|t:|1776347712\n|move|p1a: Kangaskhan|Body Slam|p2a: Corviknight\n|-resisted|p2a: Corviknight|1\n|-crit|p2a: Corviknight\n|-damage|p2a: Corviknight|68/100\n|-status|p2a: Corviknight|par\n|-resisted|p2a: Corviknight|1\n|-damage|p2a: Corviknight|67/100 par\n|-hitcount|p2a: Corviknight|2\n|move|p2a: Corviknight|Body Press|p1a: Kangaskhan\n|-supereffective|p1a: Kangaskhan|1\n|-damage|p1a: Kangaskhan|0 fnt\n|faint|p1a: Kangaskhan\n|\n|-heal|p2a: Corviknight|73/100 par|[from] item: Leftovers\n|upkeep\n|c|\u2606darknightpt|MAN WTF\n|c|\u2606z-pokemaster2000|AYO\n|c|\u2606darknightpt|did you feed your kangas\n|\n|t:|1776347725\n|switch|p1a: Slowbro|Slowbro-Galar, L50, M|100/100\n|turn|9\n|c|\u2606darknightpt|crit para\n|-activate|p1a: Slowbro|item: Quick Claw\n|\n|t:|1776347736\n|move|p1a: Slowbro|Psychic|p2a: Corviknight\n|-resisted|p2a: Corviknight|1\n|-damage|p2a: Corviknight|52/100 par\n|-unboost|p2a: Corviknight|spd|1\n|move|p2a: Corviknight|Brave Bird|p1a: Slowbro\n|-damage|p1a: Slowbro|66/100\n|-damage|p2a: Corviknight|41/100 par|[from] Recoil\n|\n|-heal|p2a: Corviknight|47/100 par|[from] item: Leftovers\n|upkeep\n|turn|10\n|c|\u2606z-pokemaster2000|Decent chance I still lose tho\n|c|\u2606darknightpt|can you stop\n|c|\u2606darknightpt|getting all the hax\n|c|\u2606z-pokemaster2000|....unless I also get the instant sp def drop\n|inactive|z-pokemaster2000 has 30 seconds left.\n|inactive|darknightpt has 30 seconds left.\n|c|\u2606z-pokemaster2000|Man the game just decided you need to lose today huh\n|\n|t:|1776347769\n|move|p1a: Slowbro|Psychic|p2a: Corviknight\n|-resisted|p2a: Corviknight|1\n|-damage|p2a: Corviknight|17/100 par\n|move|p2a: Corviknight|Roost|p2a: Corviknight\n|-heal|p2a: Corviknight|67/100 par\n|-singleturn|p2a: Corviknight|move: Roost\n|\n|-heal|p2a: Corviknight|73/100 par|[from] item: Leftovers\n|upkeep\n|turn|11\n|c|\u2606darknightpt|this is literally unplayable\n|-activate|p1a: Slowbro|ability: Quick Draw\n|\n|t:|1776347781\n|move|p1a: Slowbro|Psychic|p2a: Corviknight\n|-resisted|p2a: Corviknight|1\n|-damage|p2a: Corviknight|38/100 par\n|move|p2a: Corviknight|Roost|p2a: Corviknight\n|-heal|p2a: Corviknight|88/100 par\n|-singleturn|p2a: Corviknight|move: Roost\n|\n|-heal|p2a: Corviknight|94/100 par|[from] item: Leftovers\n|upkeep\n|turn|12\n|c|\u2606darknightpt|and watch my gengar get quick claw/draw hax'd too\n|\n|t:|1776347793\n|move|p1a: Slowbro|Slack Off|p1a: Slowbro\n|-heal|p1a: Slowbro|100/100\n|move|p2a: Corviknight|Brave Bird|p1a: Slowbro\n|-damage|p1a: Slowbro|64/100\n|-damage|p2a: Corviknight|82/100 par|[from] Recoil\n|\n|-heal|p2a: Corviknight|88/100 par|[from] item: Leftovers\n|upkeep\n|turn|13\n|\n|t:|1776347807\n|move|p1a: Slowbro|Psychic|p2a: Corviknight\n|-resisted|p2a: Corviknight|1\n|-damage|p2a: Corviknight|55/100 par\n|-unboost|p2a: Corviknight|spd|1\n|move|p2a: Corviknight|Brave Bird|p1a: Slowbro\n|-damage|p1a: Slowbro|27/100\n|-damage|p2a: Corviknight|44/100 par|[from] Recoil\n|\n|-heal|p2a: Corviknight|50/100 par|[from] item: Leftovers\n|upkeep\n|turn|14\n|\n|t:|1776347813\n|move|p1a: Slowbro|Slack Off|p1a: Slowbro\n|-heal|p1a: Slowbro|77/100\n|cant|p2a: Corviknight|par\n|\n|-heal|p2a: Corviknight|55/100 par|[from] item: Leftovers\n|upkeep\n|turn|15\n|\n|t:|1776347823\n|move|p1a: Slowbro|Psychic|p2a: Corviknight\n|-resisted|p2a: Corviknight|1\n|-damage|p2a: Corviknight|16/100 par\n|cant|p2a: Corviknight|par\n|\n|-heal|p2a: Corviknight|22/100 par|[from] item: Leftovers\n|upkeep\n|turn|16\n|c|\u2606darknightpt|this is why i use pressure\n|c|\u2606darknightpt|...\n|c|\u2606darknightpt|wasn't para nerfed?\n|c|\u2606darknightpt|dude\n|-activate|p1a: Slowbro|ability: Quick Draw\n|\n|t:|1776347839\n|move|p1a: Slowbro|Psychic|p2a: Corviknight\n|-resisted|p2a: Corviknight|1\n|-damage|p2a: Corviknight|0 fnt\n|faint|p2a: Corviknight\n|\n|upkeep\n|c|\u2606darknightpt|0 psychic left tho\n|c|\u2606z-pokemaster2000|Welp\n|c|\u2606darknightpt|so surely...\n|\n|t:|1776347850\n|switch|p2a: Gengar|Gengar-Mega, L50, F|3/100\n|turn|17\n|c|\u2606z-pokemaster2000|Game 1 just did not count\n|\n|t:|1776347857\n|move|p2a: Gengar|Shadow Ball|p1a: Slowbro\n|-supereffective|p1a: Slowbro|1\n|-damage|p1a: Slowbro|0 fnt\n|faint|p1a: Slowbro\n|\n|win|darknightpt\n||z-pokemaster2000 is ready for game 2.\n",
  "uploadtime": 1776347865,
  "views": 7,
  "formatid": "gen9championsbssregma",
  "rating": null,
  "private": 0,
  "password": null
}