{
  "id": "gen9championsbssregma-2580937706",
  "format": "[Gen 9 Champions] BSS Reg M-A",
  "players": [
    "EstemanACG1",
    "Selena2002"
  ],
  "log": "|j|\u2606EstemanACG1\n|j|\u2606Selena2002\n|t:|1775944906\n|gametype|singles\n|player|p1|EstemanACG1|riley|1106\n|player|p2|Selena2002|2|1017\n|gen|9\n|tier|[Gen 9 Champions] BSS Reg M-A\n|rated|\n|rule|Species Clause: Limit one of each Pok\u00e9mon\n|rule|Item Clause: Limit 1 of each item\n|clearpoke\n|poke|p1|Pinsir, L50, F|\n|poke|p1|Garganacl, L50, M|\n|poke|p1|Espathra, L50, M|\n|poke|p1|Polteageist-Antique, L50|\n|poke|p1|Meowscarada, L50, F|\n|poke|p1|Kommo-o, L50, F|\n|poke|p2|Spiritomb, L50, F|\n|poke|p2|Raichu-Alola, L50, M|\n|poke|p2|Tsareena, L50, F|\n|poke|p2|Volcarona, L50, M|\n|poke|p2|Skarmory, L50, M|\n|poke|p2|Dragapult, L50, F|\n|teampreview|3\n|c|\u2606EstemanACG1|glhf\n|\n|t:|1775944955\n|teamsize|p1|3\n|teamsize|p2|3\n|start\n|switch|p1a: Kommo-o|Kommo-o, L50, F|100/100\n|switch|p2a: Spiritomb|Spiritomb, L50, F|100/100\n|turn|1\n|inactive|Battle timer is ON: inactive players will automatically lose when time's up. (requested by EstemanACG1)\n|\n|t:|1775944974\n|move|p1a: Kommo-o|Clangorous Soul|p1a: Kommo-o\n|-boost|p1a: Kommo-o|atk|1\n|-boost|p1a: Kommo-o|def|1\n|-boost|p1a: Kommo-o|spa|1\n|-boost|p1a: Kommo-o|spd|1\n|-boost|p1a: Kommo-o|spe|1\n|-damage|p1a: Kommo-o|68/100\n|move|p2a: Spiritomb|Will-O-Wisp|p1a: Kommo-o\n|-status|p1a: Kommo-o|brn\n|\n|-damage|p1a: Kommo-o|62/100 brn|[from] brn\n|upkeep\n|turn|2\n|\n|t:|1775944988\n|move|p2a: Spiritomb|Protect|p2a: Spiritomb\n|-singleturn|p2a: Spiritomb|Protect\n|move|p1a: Kommo-o|Clanging Scales|p2a: Spiritomb\n|-activate|p2a: Spiritomb|move: Protect\n|\n|-damage|p1a: Kommo-o|56/100 brn|[from] brn\n|upkeep\n|turn|3\n|\n|t:|1775945001\n|move|p1a: Kommo-o|Clanging Scales|p2a: Spiritomb\n|-damage|p2a: Spiritomb|31/100\n|-unboost|p1a: Kommo-o|def|1\n|move|p2a: Spiritomb|Foul Play|p1a: Kommo-o\n|-resisted|p1a: Kommo-o|1\n|-damage|p1a: Kommo-o|34/100 brn\n|\n|-heal|p2a: Spiritomb|37/100|[from] item: Leftovers\n|-damage|p1a: Kommo-o|28/100 brn|[from] brn\n|upkeep\n|turn|4\n|inactive|Selena2002 has 30 seconds left.\n|\n|t:|1775945028\n|move|p2a: Spiritomb|Protect|p2a: Spiritomb\n|-singleturn|p2a: Spiritomb|Protect\n|move|p1a: Kommo-o|Flash Cannon|p2a: Spiritomb\n|-activate|p2a: Spiritomb|move: Protect\n|\n|-heal|p2a: Spiritomb|43/100|[from] item: Leftovers\n|-damage|p1a: Kommo-o|22/100 brn|[from] brn\n|upkeep\n|turn|5\n|\n|t:|1775945051\n|move|p2a: Spiritomb|Protect|p2a: Spiritomb\n|-singleturn|p2a: Spiritomb|Protect\n|move|p1a: Kommo-o|Clanging Scales|p2a: Spiritomb\n|-activate|p2a: Spiritomb|move: Protect\n|\n|-heal|p2a: Spiritomb|48/100|[from] item: Leftovers\n|-damage|p1a: Kommo-o|16/100 brn|[from] brn\n|upkeep\n|turn|6\n|\n|t:|1775945064\n|switch|p2a: Tsareena|Tsareena, L50, F|100/100\n|move|p1a: Kommo-o|Clanging Scales|p2a: Tsareena\n|-damage|p2a: Tsareena|8/100\n|-unboost|p1a: Kommo-o|def|1\n|\n|-damage|p1a: Kommo-o|10/100 brn|[from] brn\n|upkeep\n|turn|7\n|\n|t:|1775945076\n|move|p1a: Kommo-o|Flamethrower|p2a: Tsareena\n|-supereffective|p2a: Tsareena|1\n|-damage|p2a: Tsareena|0 fnt\n|faint|p2a: Tsareena\n|\n|-damage|p1a: Kommo-o|4/100 brn|[from] brn\n|upkeep\n|\n|t:|1775945084\n|switch|p2a: Spiritomb|Spiritomb, L50, F|48/100\n|turn|8\n|\n|t:|1775945089\n|move|p2a: Spiritomb|Protect|p2a: Spiritomb\n|-singleturn|p2a: Spiritomb|Protect\n|move|p1a: Kommo-o|Clanging Scales|p2a: Spiritomb\n|-activate|p2a: Spiritomb|move: Protect\n|\n|-heal|p2a: Spiritomb|54/100|[from] item: Leftovers\n|-damage|p1a: Kommo-o|0 fnt|[from] brn\n|faint|p1a: Kommo-o\n|upkeep\n|\n|t:|1775945092\n|switch|p1a: Polteageist|Polteageist-Antique, L50|100/100\n|turn|9\n|\n|t:|1775945102\n|move|p1a: Polteageist|Shell Smash|p1a: Polteageist\n|-unboost|p1a: Polteageist|def|1\n|-unboost|p1a: Polteageist|spd|1\n|-boost|p1a: Polteageist|atk|2\n|-boost|p1a: Polteageist|spa|2\n|-boost|p1a: Polteageist|spe|2\n|move|p2a: Spiritomb|Foul Play|p1a: Polteageist\n|-supereffective|p1a: Polteageist|1\n|-enditem|p1a: Polteageist|Focus Sash\n|-damage|p1a: Polteageist|1/100\n|-ability|p1a: Polteageist|Weak Armor|boost\n|-unboost|p1a: Polteageist|def|1\n|-boost|p1a: Polteageist|spe|2\n|\n|-heal|p2a: Spiritomb|60/100|[from] item: Leftovers\n|upkeep\n|turn|10\n|inactive|Selena2002 has 30 seconds left.\n|inactive|Selena2002 has 20 seconds left.\n|\n|t:|1775945139\n|move|p2a: Spiritomb|Protect|p2a: Spiritomb\n|-singleturn|p2a: Spiritomb|Protect\n|move|p1a: Polteageist|Shadow Ball|p2a: Spiritomb\n|-activate|p2a: Spiritomb|move: Protect\n|\n|-heal|p2a: Spiritomb|65/100|[from] item: Leftovers\n|upkeep\n|turn|11\n|\n|t:|1775945149\n|move|p1a: Polteageist|Shadow Ball|p2a: Spiritomb\n|-damage|p2a: Spiritomb|0 fnt\n|faint|p2a: Spiritomb\n|\n|upkeep\n|\n|t:|1775945154\n|switch|p2a: Raichu|Raichu-Alola, L50, M|100/100\n|turn|12\n|\n|t:|1775945159\n|move|p1a: Polteageist|Shadow Ball|p2a: Raichu\n|-supereffective|p2a: Raichu|1\n|-damage|p2a: Raichu|0 fnt\n|faint|p2a: Raichu\n|\n|win|EstemanACG1\n|raw|EstemanACG1's rating: 1106 &rarr; <strong>1125</strong><br />(+19 for winning)\n|raw|Selena2002's rating: 1017 &rarr; <strong>1008</strong><br />(-9 for losing)\n",
  "uploadtime": 1775945163,
  "views": 11,
  "formatid": "gen9championsbssregma",
  "rating": 1008,
  "private": 0,
  "password": null
}