{
  "id": "gen9championsbssregma-2589558867",
  "format": "[Gen 9 Champions] BSS Reg M-A",
  "players": [
    "iamisrael",
    "Gshs5"
  ],
  "log": "|j|\u2606iamisrael\n|j|\u2606Gshs5\n|t:|1776734059\n|gametype|singles\n|player|p1|iamisrael|2|1192\n|player|p2|Gshs5|169|1206\n|gen|9\n|tier|[Gen 9 Champions] BSS Reg M-A\n|rated|\n|rule|Species Clause: Limit one of each Pok\u00e9mon\n|rule|Item Clause: Limit 1 of each item\n|clearpoke\n|poke|p1|Aerodactyl, L50, F|\n|poke|p1|Aegislash, L50, M|\n|poke|p1|Primarina, L50, F|\n|poke|p1|Kommo-o, L50, M|\n|poke|p1|Gallade, L50, M|\n|poke|p1|Excadrill, L50, M|\n|poke|p2|Charizard, L50, F|\n|poke|p2|Primarina, L50, F|\n|poke|p2|Tyranitar, L50, F|\n|poke|p2|Scizor, L50, F|\n|poke|p2|Gliscor, L50, F|\n|poke|p2|Roserade, L50, M|\n|teampreview|3\n|\n|t:|1776734100\n|teamsize|p1|3\n|teamsize|p2|3\n|start\n|switch|p1a: Excadrill|Excadrill, L50, M|100/100\n|switch|p2a: Gliscor|Gliscor, L50, F|100/100\n|-ability|p1a: Excadrill|Mold Breaker\n|turn|1\n|inactive|Battle timer is ON: inactive players will automatically lose when time's up. (requested by Gshs5)\n|\n|t:|1776734114\n|move|p1a: Excadrill|Iron Head|p2a: Gliscor\n|-damage|p2a: Gliscor|55/100\n|move|p2a: Gliscor|Earthquake|p1a: Excadrill\n|-supereffective|p1a: Excadrill|1\n|-damage|p1a: Excadrill|0 fnt\n|faint|p1a: Excadrill\n|\n|upkeep\n|\n|t:|1776734126\n|switch|p1a: Aerodactyl|Aerodactyl, L50, F|100/100\n|turn|2\n|\n|t:|1776734140\n|detailschange|p1a: Aerodactyl|Aerodactyl-Mega, L50, F\n|-mega|p1a: Aerodactyl|Aerodactyl|Aerodactylite\n|move|p1a: Aerodactyl|Dual Wingbeat|p2a: Gliscor\n|-damage|p2a: Gliscor|25/100\n|-damage|p2a: Gliscor|0 fnt\n|faint|p2a: Gliscor\n|-hitcount|p2: Gliscor|2\n|\n|upkeep\n|\n|t:|1776734146\n|switch|p2a: Primarina|Primarina, L50, F|100/100\n|turn|3\n|\n|t:|1776734148\n|move|p1a: Aerodactyl|Iron Head|p2a: Primarina\n|-damage|p2a: Primarina|53/100\n|move|p2a: Primarina|Sparkling Aria|p1a: Aerodactyl\n|-supereffective|p1a: Aerodactyl|1\n|-damage|p1a: Aerodactyl|15/100\n|\n|-heal|p2a: Primarina|59/100|[from] item: Leftovers\n|upkeep\n|turn|4\n|\n|t:|1776734156\n|move|p1a: Aerodactyl|Iron Head|p2a: Primarina\n|-damage|p2a: Primarina|11/100\n|move|p2a: Primarina|Moonblast|p1a: Aerodactyl\n|-damage|p1a: Aerodactyl|0 fnt\n|faint|p1a: Aerodactyl\n|\n|-heal|p2a: Primarina|17/100|[from] item: Leftovers\n|upkeep\n|\n|t:|1776734158\n|switch|p1a: Gallade|Gallade, L50, M|100/100\n|turn|5\n|\n|t:|1776734161\n|move|p1a: Gallade|Psycho Cut|p2a: Primarina\n|-damage|p2a: Primarina|0 fnt\n|faint|p2a: Primarina\n|\n|upkeep\n|\n|t:|1776734162\n|switch|p2a: Charizard|Charizard, L50, F|100/100\n|turn|6\n|\n|t:|1776734172\n|detailschange|p2a: Charizard|Charizard-Mega-X, L50, F\n|-mega|p2a: Charizard|Charizard|Charizardite X\n|move|p2a: Charizard|Will-O-Wisp|p1a: Gallade\n|-status|p1a: Gallade|brn\n|move|p1a: Gallade|Aqua Cutter|p2a: Charizard\n|-crit|p2a: Charizard\n|-damage|p2a: Charizard|75/100\n|\n|-damage|p1a: Gallade|95/100 brn|[from] brn\n|upkeep\n|turn|7\n|\n|t:|1776734186\n|move|p2a: Charizard|Flare Blitz|p1a: Gallade\n|-damage|p1a: Gallade|0 fnt\n|faint|p1a: Gallade\n|-damage|p2a: Charizard|50/100|[from] Recoil\n|\n|win|Gshs5\n|raw|iamisrael's rating: 1192 &rarr; <strong>1168</strong><br />(-24 for losing)\n|raw|Gshs5's rating: 1206 &rarr; <strong>1230</strong><br />(+24 for winning)\n",
  "uploadtime": 1776734188,
  "views": 0,
  "formatid": "gen9championsbssregma",
  "rating": 1168,
  "private": 0,
  "password": null
}