{
  "id": "gen9championsbssregma-2587137348",
  "format": "[Gen 9 Champions] BSS Reg M-A",
  "players": [
    "joguri",
    "unica11"
  ],
  "log": "|j|\u2606joguri\n|j|\u2606unica11\n|t:|1776498820\n|gametype|singles\n|player|p1|joguri|dawn|1139\n|player|p2|unica11|lucas|1190\n|gen|9\n|tier|[Gen 9 Champions] BSS Reg M-A\n|rated|\n|rule|Species Clause: Limit one of each Pok\u00e9mon\n|rule|Item Clause: Limit 1 of each item\n|clearpoke\n|poke|p1|Clefable, L50, F|\n|poke|p1|Garchomp, L50, M|\n|poke|p1|Glimmora, L50, M|\n|poke|p1|Lopunny, L50, F|\n|poke|p1|Primarina, L50, M|\n|poke|p1|Corviknight, L50, M|\n|poke|p2|Aerodactyl, L50, F|\n|poke|p2|Starmie, L50|\n|poke|p2|Kingambit, L50, F|\n|poke|p2|Delphox, L50, F|\n|poke|p2|Archaludon, L50, M|\n|poke|p2|Mimikyu, L50, M|\n|teampreview|3\n|inactive|Battle timer is ON: inactive players will automatically lose when time's up. (requested by joguri)\n|\n|t:|1776498847\n|teamsize|p1|3\n|teamsize|p2|3\n|start\n|switch|p1a: Lopunny|Lopunny, L50, F|100/100\n|switch|p2a: Aerodactyl|Aerodactyl, L50, F|100/100\n|-ability|p2a: Aerodactyl|Unnerve\n|turn|1\n|inactive|unica11 has 30 seconds left.\n|\n|t:|1776498873\n|switch|p2a: Mimikyu|Mimikyu, L50, M|100/100\n|move|p1a: Lopunny|Agility|p1a: Lopunny\n|-boost|p1a: Lopunny|spe|2\n|\n|upkeep\n|turn|2\n|\n|t:|1776498884\n|move|p1a: Lopunny|Cotton Guard|p1a: Lopunny\n|-boost|p1a: Lopunny|def|3\n|move|p2a: Mimikyu|Swords Dance|p2a: Mimikyu\n|-boost|p2a: Mimikyu|atk|2\n|\n|upkeep\n|turn|3\n|\n|t:|1776498893\n|move|p1a: Lopunny|Cotton Guard|p1a: Lopunny\n|-boost|p1a: Lopunny|def|3\n|move|p2a: Mimikyu|Play Rough|p1a: Lopunny|[miss]\n|-miss|p2a: Mimikyu|p1a: Lopunny\n|\n|upkeep\n|turn|4\n|\n|t:|1776498903\n|move|p1a: Lopunny|Agility|p1a: Lopunny\n|-boost|p1a: Lopunny|spe|2\n|move|p2a: Mimikyu|Play Rough|p1a: Lopunny\n|-damage|p1a: Lopunny|76/100\n|\n|upkeep\n|turn|5\n|\n|t:|1776498912\n|move|p1a: Lopunny|Baton Pass|p1a: Lopunny\n|\n|t:|1776498914\n|switch|p1a: Clefable|Clefable, L50, F|100/100|[from] Baton Pass\n|move|p2a: Mimikyu|Play Rough|p1a: Clefable|[miss]\n|-miss|p2a: Mimikyu|p1a: Clefable\n|\n|upkeep\n|turn|6\n|\n|t:|1776498925\n|move|p1a: Clefable|Calm Mind|p1a: Clefable\n|-boost|p1a: Clefable|spa|1\n|-boost|p1a: Clefable|spd|1\n|move|p2a: Mimikyu|Shadow Claw|p1a: Clefable\n|-damage|p1a: Clefable|94/100\n|\n|upkeep\n|turn|7\n|\n|t:|1776498933\n|move|p1a: Clefable|Calm Mind|p1a: Clefable\n|-boost|p1a: Clefable|spa|1\n|-boost|p1a: Clefable|spd|1\n|move|p2a: Mimikyu|Shadow Claw|p1a: Clefable\n|-damage|p1a: Clefable|88/100\n|\n|upkeep\n|turn|8\n|\n|t:|1776498943\n|move|p1a: Clefable|Stored Power|p2a: Mimikyu\n|-activate|p2a: Mimikyu|ability: Disguise\n|-damage|p2a: Mimikyu|100/100\n|detailschange|p2a: Mimikyu|Mimikyu-Busted, L50, M\n|-damage|p2a: Mimikyu|88/100|[from] pokemon: Mimikyu-Busted\n|move|p2a: Mimikyu|Shadow Claw|p1a: Clefable\n|-damage|p1a: Clefable|81/100\n|\n|upkeep\n|turn|9\n|\n|t:|1776498956\n|move|p1a: Clefable|Stored Power|p2a: Mimikyu\n|-damage|p2a: Mimikyu|0 fnt\n|faint|p2a: Mimikyu\n|\n|upkeep\n|\n|t:|1776498961\n|switch|p2a: Archaludon|Archaludon, L50, M|100/100\n|turn|10\n|\n|t:|1776498967\n|move|p1a: Clefable|Moonblast|p2a: Archaludon\n|-damage|p2a: Archaludon|17/100\n|-ability|p2a: Archaludon|Stamina|boost\n|-boost|p2a: Archaludon|def|1\n|move|p2a: Archaludon|Flash Cannon|p1a: Clefable\n|-supereffective|p1a: Clefable|1\n|-damage|p1a: Clefable|39/100\n|\n|upkeep\n|turn|11\n|\n|t:|1776498978\n|move|p1a: Clefable|Stored Power|p2a: Archaludon\n|-resisted|p2a: Archaludon|1\n|-damage|p2a: Archaludon|0 fnt\n|faint|p2a: Archaludon\n|\n|upkeep\n|\n|t:|1776498983\n|switch|p2a: Aerodactyl|Aerodactyl, L50, F|100/100\n|-ability|p2a: Aerodactyl|Unnerve\n|turn|12\n|-message|unica11 forfeited.\n|\n|win|joguri\n|raw|joguri's rating: 1139 &rarr; <strong>1168</strong><br />(+29 for winning)\n|raw|unica11's rating: 1190 &rarr; <strong>1161</strong><br />(-29 for losing)\n|l|\u2606unica11\n|player|p2|\n",
  "uploadtime": 1776498989,
  "views": 3,
  "formatid": "gen9championsbssregma",
  "rating": 1161,
  "private": 0,
  "password": null
}