{
  "id": "gen9championsbssregma-2582478972",
  "format": "[Gen 9 Champions] BSS Reg M-A",
  "players": [
    "gshs5",
    "rai_grov_wat"
  ],
  "log": "|j|\u2606gshs5\n|j|\u2606rai_grov_wat\n|t:|1776094319\n|gametype|singles\n|player|p1|gshs5|266|1141\n|player|p2|rai_grov_wat|102|1150\n|gen|9\n|tier|[Gen 9 Champions] BSS Reg M-A\n|rated|\n|rule|Species Clause: Limit one of each Pok\u00e9mon\n|rule|Item Clause: Limit 1 of each item\n|clearpoke\n|poke|p1|Absol, L50, M|\n|poke|p1|Zoroark-Hisui, L50, F|\n|poke|p1|Gyarados, L50, M|\n|poke|p1|Garchomp, L50, F|\n|poke|p1|Empoleon, L50, M|\n|poke|p1|Gardevoir, L50, M|\n|poke|p2|Aggron, L50, M|\n|poke|p2|Gyarados, L50, F|\n|poke|p2|Heracross, L50, M|\n|poke|p2|Slowking-Galar, L50, F|\n|poke|p2|Araquanid, L50, F|\n|poke|p2|Archaludon, L50, F|\n|teampreview|3\n|\n|t:|1776094345\n|teamsize|p1|3\n|teamsize|p2|3\n|start\n|switch|p1a: \ud0b9\uac13\ud669\uc194|Absol, L50, M|100/100\n|switch|p2a: Aggron|Aggron, L50, M|100/100\n|-ability|p1a: \ud0b9\uac13\ud669\uc194|Pressure\n|turn|1\n|\n|t:|1776094351\n|detailschange|p1a: \ud0b9\uac13\ud669\uc194|Absol-Mega, L50, M\n|-mega|p1a: \ud0b9\uac13\ud669\uc194|Absol|Absolite\n|move|p1a: \ud0b9\uac13\ud669\uc194|Will-O-Wisp|p2a: Aggron\n|-status|p2a: Aggron|brn\n|move|p2a: Aggron|Rock Tomb|p1a: \ud0b9\uac13\ud669\uc194\n|-damage|p1a: \ud0b9\uac13\ud669\uc194|73/100\n|-unboost|p1a: \ud0b9\uac13\ud669\uc194|spe|1\n|\n|-damage|p2a: Aggron|94/100 brn|[from] brn\n|upkeep\n|turn|2\n|\n|t:|1776094362\n|move|p1a: \ud0b9\uac13\ud669\uc194|Knock Off|p2a: Aggron\n|-damage|p2a: Aggron|54/100 brn\n|-enditem|p2a: Aggron|Mental Herb|[from] move: Knock Off|[of] p1a: \ud0b9\uac13\ud669\uc194\n|move|p2a: Aggron|Rock Tomb|p1a: \ud0b9\uac13\ud669\uc194|[miss]\n|-miss|p2a: Aggron|p1a: \ud0b9\uac13\ud669\uc194\n|\n|-damage|p2a: Aggron|48/100 brn|[from] brn\n|upkeep\n|turn|3\n|\n|t:|1776094370\n|switch|p1a: Gyarados|Gyarados, L50, M|100/100\n|-ability|p1a: Gyarados|Intimidate|boost\n|-unboost|p2a: Aggron|atk|1\n|move|p2a: Aggron|Rock Tomb|p1a: Gyarados\n|-supereffective|p1a: Gyarados|1\n|-damage|p1a: Gyarados|85/100\n|-unboost|p1a: Gyarados|spe|1\n|\n|-damage|p2a: Aggron|42/100 brn|[from] brn\n|upkeep\n|turn|4\n|\n|t:|1776094384\n|switch|p1a: \ud0b9\uac13\ud669\uc194|Absol-Mega, L50, M|73/100\n|move|p2a: Aggron|Rock Tomb|p1a: \ud0b9\uac13\ud669\uc194\n|-damage|p1a: \ud0b9\uac13\ud669\uc194|55/100\n|-unboost|p1a: \ud0b9\uac13\ud669\uc194|spe|1\n|\n|-damage|p2a: Aggron|36/100 brn|[from] brn\n|upkeep\n|turn|5\n|\n|t:|1776094392\n|move|p1a: \ud0b9\uac13\ud669\uc194|Knock Off|p2a: Aggron\n|-damage|p2a: Aggron|7/100 brn\n|move|p2a: Aggron|Rock Tomb|p1a: \ud0b9\uac13\ud669\uc194\n|-damage|p1a: \ud0b9\uac13\ud669\uc194|38/100\n|-unboost|p1a: \ud0b9\uac13\ud669\uc194|spe|1\n|\n|-damage|p2a: Aggron|0 fnt|[from] brn\n|faint|p2a: Aggron\n|upkeep\n|\n|t:|1776094405\n|switch|p2a: Gyarados|Gyarados, L50, F|100/100\n|turn|6\n|\n|t:|1776094410\n|switch|p1a: Gyarados|Gyarados, L50, M|85/100\n|-ability|p1a: Gyarados|Intimidate|boost\n|-unboost|p2a: Gyarados|atk|1\n|move|p2a: Gyarados|Waterfall|p1a: Gyarados\n|-resisted|p1a: Gyarados|1\n|-damage|p1a: Gyarados|74/100\n|\n|upkeep\n|turn|7\n|\n|t:|1776094418\n|move|p2a: Gyarados|Taunt|p1a: Gyarados\n|-start|p1a: Gyarados|move: Taunt\n|cant|p1a: Gyarados|move: Taunt|Thunder Wave\n|\n|upkeep\n|turn|8\n|\n|t:|1776094423\n|move|p2a: Gyarados|Dragon Dance|p2a: Gyarados\n|-boost|p2a: Gyarados|atk|1\n|-boost|p2a: Gyarados|spe|1\n|move|p1a: Gyarados|Dragon Tail|p2a: Gyarados\n|-damage|p2a: Gyarados|80/100\n|drag|p2a: Archaludon|Archaludon, L50, F|100/100\n|\n|upkeep\n|turn|9\n|\n|t:|1776094434\n|move|p2a: Archaludon|Thunderbolt|p1a: Gyarados\n|-supereffective|p1a: Gyarados|2\n|-damage|p1a: Gyarados|0 fnt\n|faint|p1a: Gyarados\n|\n|upkeep\n|\n|t:|1776094440\n|switch|p1a: \ud0b9\uac13\ud669\uc194|Absol-Mega, L50, M|100/100\n|turn|10\n|\n|t:|1776094445\n|move|p1a: \ud0b9\uac13\ud669\uc194|Nasty Plot|p1a: \ud0b9\uac13\ud669\uc194\n|-boost|p1a: \ud0b9\uac13\ud669\uc194|spa|2\n|move|p2a: Archaludon|Draco Meteor|p1a: \ud0b9\uac13\ud669\uc194|[miss]\n|-miss|p2a: Archaludon|p1a: \ud0b9\uac13\ud669\uc194\n|\n|upkeep\n|turn|11\n|\n|t:|1776094451\n|move|p1a: \ud0b9\uac13\ud669\uc194|Bitter Malice|p2a: Archaludon\n|-damage|p2a: Archaludon|6/100\n|-unboost|p2a: Archaludon|atk|1\n|-ability|p2a: Archaludon|Stamina|boost\n|-boost|p2a: Archaludon|def|1\n|-enditem|p2a: Archaludon|Sitrus Berry|[eat]\n|-heal|p2a: Archaludon|30/100|[from] item: Sitrus Berry\n|move|p2a: Archaludon|Roar|p1a: \ud0b9\uac13\ud669\uc194\n|drag|p1a: \ud0b9\uac13\ud669\uc194|Absol-Mega, L50, M|38/100\n|\n|upkeep\n|turn|12\n|\n|t:|1776094471\n|move|p1a: \ud0b9\uac13\ud669\uc194|Knock Off|p2a: Archaludon\n|-damage|p2a: Archaludon|12/100\n|-ability|p2a: Archaludon|Stamina|boost\n|-boost|p2a: Archaludon|def|1\n|move|p2a: Archaludon|Thunderbolt|p1a: \ud0b9\uac13\ud669\uc194\n|-damage|p1a: \ud0b9\uac13\ud669\uc194|0 fnt\n|faint|p1a: \ud0b9\uac13\ud669\uc194\n|\n|upkeep\n|\n|t:|1776094476\n|switch|p1a: Zoroak|Zoroark-Hisui, L50, F|100/100\n|turn|13\n|\n|t:|1776094481\n|move|p1a: Zoroak|Bitter Malice|p2a: Archaludon\n|-damage|p2a: Archaludon|0 fnt\n|faint|p2a: Archaludon\n|\n|upkeep\n|\n|t:|1776094487\n|switch|p2a: Gyarados|Gyarados, L50, F|80/100\n|turn|14\n|\n|t:|1776094505\n|detailschange|p2a: Gyarados|Gyarados-Mega, L50, F\n|-mega|p2a: Gyarados|Gyarados|Gyaradosite\n|-ability|p2a: Gyarados|Mold Breaker\n|move|p1a: Zoroak|Hyper Voice|p2a: Gyarados\n|-damage|p2a: Gyarados|43/100\n|move|p2a: Gyarados|Dragon Dance|p2a: Gyarados\n|-boost|p2a: Gyarados|atk|1\n|-boost|p2a: Gyarados|spe|1\n|\n|upkeep\n|turn|15\n|\n|t:|1776094513\n|move|p2a: Gyarados|Waterfall|p1a: Zoroak\n|-enditem|p1a: Zoroak|Focus Sash\n|-damage|p1a: Zoroak|1/100\n|move|p1a: Zoroak|Icy Wind|p2a: Gyarados\n|-resisted|p2a: Gyarados|1\n|-damage|p2a: Gyarados|34/100\n|-unboost|p2a: Gyarados|spe|1\n|\n|upkeep\n|turn|16\n|\n|t:|1776094521\n|move|p1a: Zoroak|Hyper Voice|p2a: Gyarados\n|-damage|p2a: Gyarados|0 fnt\n|faint|p2a: Gyarados\n|\n|win|gshs5\n|raw|gshs5's rating: 1141 &rarr; <strong>1167</strong><br />(+26 for winning)\n|raw|rai_grov_wat's rating: 1150 &rarr; <strong>1124</strong><br />(-26 for losing)\n",
  "uploadtime": 1776094523,
  "views": 4,
  "formatid": "gen9championsbssregma",
  "rating": 1124,
  "private": 0,
  "password": null
}