{
  "id": "gen9championsbssregma-2584247493",
  "format": "[Gen 9 Champions] BSS Reg M-A",
  "players": [
    "fletchyfletchy",
    "Knocksun"
  ],
  "log": "|j|\u2606fletchyfletchy\n|j|\u203dKnocksun\n|t:|1776242890\n|gametype|singles\n|player|p1|fletchyfletchy|liko|1134\n|player|p2|Knocksun|170|1190\n|gen|9\n|tier|[Gen 9 Champions] BSS Reg M-A\n|rated|\n|rule|Species Clause: Limit one of each Pok\u00e9mon\n|rule|Item Clause: Limit 1 of each item\n|clearpoke\n|poke|p1|Lopunny, L50, M|\n|poke|p1|Basculegion, L50, M|\n|poke|p1|Meowscarada, L50, M|\n|poke|p1|Aegislash, L50, M|\n|poke|p1|Charizard, L50, F|\n|poke|p1|Ninetales-Alola, L50, M|\n|poke|p2|Greninja-*, L50, M|\n|poke|p2|Garchomp, L50, F|\n|poke|p2|Corviknight, L50, M|\n|poke|p2|Primarina, L50, M|\n|poke|p2|Rotom-Wash, L50|\n|poke|p2|Delphox, L50, F|\n|teampreview|3\n|\n|t:|1776242965\n|teamsize|p1|3\n|teamsize|p2|3\n|start\n|switch|p1a: Ninetales|Ninetales-Alola, L50, M|100/100\n|switch|p2a: Rotom|Rotom-Wash, L50, shiny|100/100\n|-weather|Snowscape|[from] ability: Snow Warning|[of] p1a: Ninetales\n|turn|1\n|inactive|Battle timer is ON: inactive players will automatically lose when time's up. (requested by Knocksun)\n|\n|t:|1776242974\n|move|p2a: Rotom|Trick|p1a: Ninetales\n|-activate|p2a: Rotom|move: Trick|[of] p1a: Ninetales\n|-item|p1a: Ninetales|Choice Scarf|[from] move: Trick\n|-item|p2a: Rotom|Sitrus Berry|[from] move: Trick\n|move|p1a: Ninetales|Aurora Veil|p1a: Ninetales\n|-sidestart|p1: fletchyfletchy|move: Aurora Veil\n|\n|-weather|Snowscape|[upkeep]\n|upkeep\n|turn|2\n|\n|t:|1776242991\n|switch|p1a: Aegislash|Aegislash, L50, M|100/100\n|move|p2a: Rotom|Discharge|p1a: Aegislash\n|-damage|p1a: Aegislash|87/100\n|\n|-weather|Snowscape|[upkeep]\n|-heal|p1a: Aegislash|93/100|[from] item: Leftovers\n|upkeep\n|turn|3\n|\n|t:|1776243011\n|move|p2a: Rotom|Volt Switch|p1a: Aegislash\n|-damage|p1a: Aegislash|81/100\n|\n|t:|1776243013\n|switch|p2a: Corviknight|Corviknight, L50, M, shiny|100/100|[from] Volt Switch\n|-ability|p2a: Corviknight|Pressure\n|move|p1a: Aegislash|Swords Dance|p1a: Aegislash\n|-boost|p1a: Aegislash|atk|2\n|\n|-weather|Snowscape|[upkeep]\n|-heal|p1a: Aegislash|87/100|[from] item: Leftovers\n|upkeep\n|turn|4\n|\n|t:|1776243018\n|move|p2a: Corviknight|Iron Defense|p2a: Corviknight\n|-boost|p2a: Corviknight|def|2\n|move|p1a: Aegislash|Swords Dance|p1a: Aegislash\n|-boost|p1a: Aegislash|atk|2\n|\n|-weather|Snowscape|[upkeep]\n|-heal|p1a: Aegislash|93/100|[from] item: Leftovers\n|upkeep\n|turn|5\n|\n|t:|1776243025\n|move|p2a: Corviknight|Iron Defense|p2a: Corviknight\n|-boost|p2a: Corviknight|def|2\n|move|p1a: Aegislash|Swords Dance|p1a: Aegislash\n|-boost|p1a: Aegislash|atk|2\n|\n|-weather|none\n|-heal|p1a: Aegislash|99/100|[from] item: Leftovers\n|-sideend|p1: fletchyfletchy|move: Aurora Veil\n|upkeep\n|turn|6\n|\n|t:|1776243034\n|move|p2a: Corviknight|Iron Defense|p2a: Corviknight\n|-boost|p2a: Corviknight|def|2\n|-formechange|p1a: Aegislash|Aegislash-Blade|\n|move|p1a: Aegislash|Sacred Sword|p2a: Corviknight\n|-damage|p2a: Corviknight|13/100\n|\n|-heal|p2a: Corviknight|19/100|[from] item: Leftovers\n|-heal|p1a: Aegislash|100/100|[from] item: Leftovers\n|upkeep\n|turn|7\n|\n|t:|1776243043\n|move|p2a: Corviknight|Roost|p2a: Corviknight\n|-heal|p2a: Corviknight|69/100\n|-singleturn|p2a: Corviknight|move: Roost\n|move|p1a: Aegislash|Sacred Sword|p2a: Corviknight\n|-supereffective|p2a: Corviknight|1\n|-damage|p2a: Corviknight|0 fnt\n|faint|p2a: Corviknight\n|\n|upkeep\n|\n|t:|1776243049\n|switch|p2a: Greninja|Greninja, L50, M, shiny|100/100\n|turn|8\n|c|\u2606fletchyfletchy|sacred sword ignores boosts\n|\n|t:|1776243065\n|detailschange|p2a: Greninja|Greninja-Mega, L50, M, shiny\n|-mega|p2a: Greninja|Greninja|Greninjite\n|move|p1a: Aegislash|Shadow Sneak|p2a: Greninja\n|-resisted|p2a: Greninja|1\n|-damage|p2a: Greninja|27/100\n|move|p2a: Greninja|Night Slash|p1a: Aegislash\n|-start|p2a: Greninja|typechange|Dark|[from] ability: Protean\n|-supereffective|p1a: Aegislash|1\n|-damage|p1a: Aegislash|0 fnt\n|faint|p1a: Aegislash\n|\n|upkeep\n|\n|t:|1776243078\n|switch|p1a: Ninetales|Ninetales-Alola, L50, M|100/100\n|-weather|Snowscape|[from] ability: Snow Warning|[of] p1a: Ninetales\n|turn|9\n|\n|t:|1776243099\n|switch|p2a: Rotom|Rotom-Wash, L50, shiny|100/100\n|move|p1a: Ninetales|Moonblast|p2a: Rotom\n|-damage|p2a: Rotom|55/100\n|\n|-weather|Snowscape|[upkeep]\n|upkeep\n|turn|10\n|\n|t:|1776243108\n|move|p1a: Ninetales|Moonblast|p2a: Rotom\n|-damage|p2a: Rotom|9/100\n|-enditem|p2a: Rotom|Sitrus Berry|[eat]\n|-heal|p2a: Rotom|34/100|[from] item: Sitrus Berry\n|move|p2a: Rotom|Trick|p1a: Ninetales\n|-activate|p2a: Rotom|move: Trick|[of] p1a: Ninetales\n|-enditem|p1a: Ninetales|Choice Scarf|[silent]|[from] move: Trick\n|-item|p2a: Rotom|Choice Scarf|[from] move: Trick\n|\n|-weather|Snowscape|[upkeep]\n|upkeep\n|turn|11\n|\n|t:|1776243127\n|move|p2a: Rotom|Discharge|p1a: Ninetales\n|-damage|p1a: Ninetales|60/100\n|-status|p1a: Ninetales|par\n|cant|p1a: Ninetales|par\n|\n|-weather|Snowscape|[upkeep]\n|upkeep\n|turn|12\n|\n|t:|1776243136\n|move|p2a: Rotom|Discharge|p1a: Ninetales\n|-damage|p1a: Ninetales|20/100 par\n|move|p1a: Ninetales|Aurora Veil|p1a: Ninetales\n|-sidestart|p1: fletchyfletchy|move: Aurora Veil\n|\n|-weather|Snowscape|[upkeep]\n|upkeep\n|turn|13\n|\n|t:|1776243141\n|move|p2a: Rotom|Discharge|p1a: Ninetales\n|-crit|p1a: Ninetales\n|-damage|p1a: Ninetales|0 fnt\n|faint|p1a: Ninetales\n|\n|-weather|none\n|upkeep\n|\n|t:|1776243144\n|switch|p1a: Charizard|Charizard, L50, F|100/100\n|turn|14\n|\n|t:|1776243148\n|detailschange|p1a: Charizard|Charizard-Mega-Y, L50, F\n|-mega|p1a: Charizard|Charizard|Charizardite Y\n|-weather|SunnyDay|[from] ability: Drought|[of] p1a: Charizard\n|move|p2a: Rotom|Discharge|p1a: Charizard\n|-supereffective|p1a: Charizard|1\n|-damage|p1a: Charizard|63/100\n|-status|p1a: Charizard|par\n|move|p1a: Charizard|Solar Beam||[still]\n|-prepare|p1a: Charizard|Solar Beam\n|-anim|p1a: Charizard|Solar Beam|p2a: Rotom\n|-supereffective|p2a: Rotom|1\n|-damage|p2a: Rotom|0 fnt\n|faint|p2a: Rotom\n|\n|-weather|SunnyDay|[upkeep]\n|upkeep\n|c|\u2606fletchyfletchy|ggs\n|\n|t:|1776243157\n|switch|p2a: Greninja|Greninja-Mega, L50, M, shiny|27/100\n|turn|15\n|\n|t:|1776243167\n|move|p2a: Greninja|Gunk Shot|p1a: Charizard\n|-start|p2a: Greninja|typechange|Poison|[from] ability: Protean\n|-damage|p1a: Charizard|19/100 par\n|move|p1a: Charizard|Solar Beam||[still]\n|-prepare|p1a: Charizard|Solar Beam\n|-anim|p1a: Charizard|Solar Beam|p2a: Greninja\n|-resisted|p2a: Greninja|1\n|-damage|p2a: Greninja|0 fnt\n|faint|p2a: Greninja\n|\n|win|fletchyfletchy\n|raw|fletchyfletchy's rating: 1134 &rarr; <strong>1163</strong><br />(+29 for winning)\n|raw|Knocksun's rating: 1190 &rarr; <strong>1161</strong><br />(-29 for losing)\n|l|\u203dKnocksun\n|player|p2|\n|l|\u2606fletchyfletchy\n|player|p1|\n|j|\u2606fletchyfletchy\n|player|p1|fletchyfletchy|liko|\n",
  "uploadtime": 1776243168,
  "views": 4,
  "formatid": "gen9championsbssregma",
  "rating": 1161,
  "private": 0,
  "password": null
}