{
  "id": "gen9championsbssregma-2587991469",
  "format": "[Gen 9 Champions] BSS Reg M-A",
  "players": [
    "harap",
    "ninano200"
  ],
  "log": "|j|\u2606harap\n|j|\u2606ninano200\n|t:|1776589767\n|gametype|singles\n|player|p1|harap|101|1377\n|player|p2|ninano200|266|1456\n|gen|9\n|tier|[Gen 9 Champions] BSS Reg M-A\n|rated|\n|rule|Species Clause: Limit one of each Pok\u00e9mon\n|rule|Item Clause: Limit 1 of each item\n|clearpoke\n|poke|p1|Tyranitar, L50, F|\n|poke|p1|Skarmory, L50, F|\n|poke|p1|Meganium, L50, M|\n|poke|p1|Slowking-Galar, L50, M|\n|poke|p1|Forretress, L50, F|\n|poke|p1|Feraligatr, L50, F|\n|poke|p2|Charizard, L50, F|\n|poke|p2|Hippowdon, L50, M|\n|poke|p2|Greninja, L50, M|\n|poke|p2|Mimikyu, L50, M|\n|poke|p2|Corviknight, L50, F|\n|poke|p2|Lopunny, L50, F|\n|teampreview|3\n|inactive|Battle timer is ON: inactive players will automatically lose when time's up. (requested by ninano200)\n|inactive|ninano200 has 60 seconds left.\n|\n|t:|1776589801\n|teamsize|p1|3\n|teamsize|p2|3\n|start\n|switch|p1a: Tyranitar|Tyranitar, L50, F|100/100\n|switch|p2a: Greninja|Greninja, L50, M|100/100\n|-weather|Sandstorm|[from] ability: Sand Stream|[of] p1a: Tyranitar\n|turn|1\n|\n|t:|1776589811\n|move|p2a: Greninja|Surf|p1a: Tyranitar\n|-supereffective|p1a: Tyranitar|1\n|-crit|p1a: Tyranitar\n|-damage|p1a: Tyranitar|43/100\n|move|p1a: Tyranitar|Thunder Wave|p2a: Greninja\n|-status|p2a: Greninja|par\n|\n|-weather|Sandstorm|[upkeep]\n|-damage|p2a: Greninja|94/100 par|[from] Sandstorm\n|upkeep\n|turn|2\n|\n|t:|1776589822\n|switch|p2a: Mimikyu|Mimikyu, L50, M|100/100\n|switch|p1a: Meganium|Meganium, L50, M|100/100\n|\n|-weather|Sandstorm|[upkeep]\n|-damage|p2a: Mimikyu|95/100|[from] Sandstorm\n|-damage|p1a: Meganium|95/100|[from] Sandstorm\n|upkeep\n|turn|3\n|\n|t:|1776589834\n|detailschange|p1a: Meganium|Meganium-Mega, L50, M\n|-mega|p1a: Meganium|Meganium|Meganiumite\n|move|p2a: Mimikyu|Swords Dance|p2a: Mimikyu\n|-boost|p2a: Mimikyu|atk|2\n|move|p1a: Meganium|Solar Beam||[still]\n|-prepare|p1a: Meganium|Solar Beam\n|-activate|p1a: Meganium|ability: Mega Sol\n|-anim|p1a: Meganium|Solar Beam|p2a: Mimikyu\n|-activate|p2a: Mimikyu|ability: Disguise\n|-damage|p2a: Mimikyu|95/100\n|detailschange|p2a: Mimikyu|Mimikyu-Busted, L50, M\n|-damage|p2a: Mimikyu|83/100|[from] pokemon: Mimikyu-Busted\n|\n|-weather|Sandstorm|[upkeep]\n|-damage|p2a: Mimikyu|77/100|[from] Sandstorm\n|-damage|p1a: Meganium|89/100|[from] Sandstorm\n|upkeep\n|turn|4\n|\n|t:|1776589853\n|move|p2a: Mimikyu|Play Rough|p1a: Meganium\n|-damage|p1a: Meganium|18/100\n|move|p1a: Meganium|Solar Beam||[still]\n|-prepare|p1a: Meganium|Solar Beam\n|-activate|p1a: Meganium|ability: Mega Sol\n|-anim|p1a: Meganium|Solar Beam|p2a: Mimikyu\n|-damage|p2a: Mimikyu|0 fnt\n|faint|p2a: Mimikyu\n|\n|-weather|Sandstorm|[upkeep]\n|-damage|p1a: Meganium|12/100|[from] Sandstorm\n|upkeep\n|\n|t:|1776589857\n|switch|p2a: Charizard|Charizard, L50, F|100/100\n|turn|5\n|\n|t:|1776589868\n|switch|p1a: Tyranitar|Tyranitar, L50, F|43/100\n|move|p2a: Charizard|Dragon Dance|p2a: Charizard\n|-boost|p2a: Charizard|atk|1\n|-boost|p2a: Charizard|spe|1\n|\n|-weather|none\n|upkeep\n|turn|6\n|\n|t:|1776589876\n|detailschange|p2a: Charizard|Charizard-Mega-X, L50, F\n|-mega|p2a: Charizard|Charizard|Charizardite X\n|move|p2a: Charizard|Dragon Claw|p1a: Tyranitar\n|-damage|p1a: Tyranitar|0 fnt\n|faint|p1a: Tyranitar\n|\n|upkeep\n|\n|t:|1776589882\n|switch|p1a: Slowking|Slowking-Galar, L50, M|100/100\n|turn|7\n|\n|t:|1776589887\n|move|p2a: Charizard|Thunder Punch|p1a: Slowking\n|-damage|p1a: Slowking|38/100\n|move|p1a: Slowking|Yawn|p2a: Charizard\n|-start|p2a: Charizard|move: Yawn|[of] p1a: Slowking\n|\n|upkeep\n|turn|8\n|\n|t:|1776589896\n|switch|p1a: Meganium|Meganium-Mega, L50, M|12/100\n|move|p2a: Charizard|Flare Blitz|p1a: Meganium\n|-supereffective|p1a: Meganium|1\n|-damage|p1a: Meganium|0 fnt\n|faint|p1a: Meganium\n|-damage|p2a: Charizard|96/100|[from] Recoil\n|\n|-end|p2a: Charizard|move: Yawn|[silent]\n|-status|p2a: Charizard|slp\n|upkeep\n|\n|t:|1776589908\n|switch|p1a: Slowking|Slowking-Galar, L50, M|71/100\n|turn|9\n|-message|harap forfeited.\n|\n|win|ninano200\n|raw|harap's rating: 1377 &rarr; <strong>1361</strong><br />(-16 for losing)\n|raw|ninano200's rating: 1456 &rarr; <strong>1472</strong><br />(+16 for winning)\n|l|\u2606harap\n|player|p1|\n",
  "uploadtime": 1776589914,
  "views": 3,
  "formatid": "gen9championsbssregma",
  "rating": 1361,
  "private": 0,
  "password": null
}