{
  "id": "gen9championsbssregma-2580608680",
  "format": "[Gen 9 Champions] BSS Reg M-A",
  "players": [
    "yes eye on1",
    "astonmaachan"
  ],
  "log": "|j|\u2606yes eye on1\n|j|\u2606astonmaachan\n|t:|1775917698\n|gametype|singles\n|player|p1|yes eye on1|102|1000\n|player|p2|astonmaachan|doctor|1000\n|gen|9\n|tier|[Gen 9 Champions] BSS Reg M-A\n|rated|\n|rule|Species Clause: Limit one of each Pok\u00e9mon\n|rule|Item Clause: Limit 1 of each item\n|clearpoke\n|poke|p1|Hippowdon, L50, M|\n|poke|p1|Delphox, L50, F|\n|poke|p1|Chesnaught, L50, M|\n|poke|p1|Starmie, L50|\n|poke|p1|Gengar, L50, M|\n|poke|p1|Ninetales-Alola, L50, F|\n|poke|p2|Polteageist, L50|\n|poke|p2|Kleavor, L50, F|\n|poke|p2|Lucario, L50, M|\n|poke|p2|Rotom-Wash, L50|\n|poke|p2|Slowking-Galar, L50, F|\n|poke|p2|Medicham, L50, M|\n|teampreview|3\n|\n|t:|1775917740\n|teamsize|p1|3\n|teamsize|p2|3\n|start\n|switch|p1a: \u6559\u5b98|Starmie, L50|100/100\n|switch|p2a: Kleavor|Kleavor, L50, F|100/100\n|turn|1\n|inactive|Battle timer is ON: inactive players will automatically lose when time's up. (requested by astonmaachan)\n|\n|t:|1775917750\n|detailschange|p1a: \u6559\u5b98|Starmie-Mega, L50\n|-mega|p1a: \u6559\u5b98|Starmie|Starminite\n|move|p1a: \u6559\u5b98|Flip Turn|p2a: Kleavor\n|-supereffective|p2a: Kleavor|1\n|-enditem|p2a: Kleavor|Focus Sash\n|-damage|p2a: Kleavor|1/100\n|\n|t:|1775917756\n|switch|p1a: Mariron|Chesnaught, L50, M|100/100|[from] Flip Turn\n|move|p2a: Kleavor|Stone Axe|p1a: Mariron\n|-resisted|p1a: Mariron|1\n|-damage|p1a: Mariron|83/100\n|-sidestart|p1: yes eye on1|move: Stealth Rock\n|\n|-heal|p1a: Mariron|89/100|[from] item: Leftovers\n|upkeep\n|turn|2\n|\n|t:|1775917765\n|move|p2a: Kleavor|X-Scissor|p1a: Mariron\n|-damage|p1a: Mariron|46/100\n|move|p1a: Mariron|Iron Defense|p1a: Mariron\n|-boost|p1a: Mariron|def|2\n|\n|-heal|p1a: Mariron|52/100|[from] item: Leftovers\n|upkeep\n|turn|3\n|\n|t:|1775917773\n|move|p2a: Kleavor|Swords Dance|p2a: Kleavor\n|-boost|p2a: Kleavor|atk|2\n|move|p1a: Mariron|Iron Defense|p1a: Mariron\n|-boost|p1a: Mariron|def|2\n|\n|-heal|p1a: Mariron|58/100|[from] item: Leftovers\n|upkeep\n|turn|4\n|\n|t:|1775917778\n|move|p2a: Kleavor|X-Scissor|p1a: Mariron\n|-damage|p1a: Mariron|31/100\n|move|p1a: Mariron|Seed Bomb|p2a: Kleavor\n|-crit|p2a: Kleavor\n|-damage|p2a: Kleavor|0 fnt\n|faint|p2a: Kleavor\n|\n|-heal|p1a: Mariron|37/100|[from] item: Leftovers\n|upkeep\n|\n|t:|1775917801\n|switch|p2a: Rotom|Rotom-Wash, L50|100/100\n|turn|5\n|\n|t:|1775917816\n|move|p2a: Rotom|Will-O-Wisp|p1a: Mariron\n|-status|p1a: Mariron|brn\n|move|p1a: Mariron|Leech Seed|p2a: Rotom\n|-start|p2a: Rotom|move: Leech Seed\n|\n|-heal|p1a: Mariron|44/100 brn|[from] item: Leftovers\n|-damage|p2a: Rotom|88/100|[from] Leech Seed|[of] p1a: Mariron\n|-heal|p1a: Mariron|53/100 brn|[silent]\n|-damage|p1a: Mariron|47/100 brn|[from] brn\n|upkeep\n|turn|6\n|\n|t:|1775917824\n|move|p2a: Rotom|Hydro Pump|p1a: Mariron\n|-resisted|p1a: Mariron|1\n|-damage|p1a: Mariron|26/100 brn\n|move|p1a: Mariron|Iron Defense|p1a: Mariron\n|-boost|p1a: Mariron|def|2\n|\n|-heal|p2a: Rotom|94/100|[from] item: Leftovers\n|-heal|p1a: Mariron|32/100 brn|[from] item: Leftovers\n|-damage|p2a: Rotom|82/100|[from] Leech Seed|[of] p1a: Mariron\n|-heal|p1a: Mariron|42/100 brn|[silent]\n|-damage|p1a: Mariron|35/100 brn|[from] brn\n|upkeep\n|turn|7\n|\n|t:|1775917837\n|move|p2a: Rotom|Hydro Pump|p1a: Mariron\n|-resisted|p1a: Mariron|1\n|-damage|p1a: Mariron|17/100 brn\n|move|p1a: Mariron|Seed Bomb|p2a: Rotom\n|-supereffective|p2a: Rotom|1\n|-damage|p2a: Rotom|50/100\n|\n|-heal|p2a: Rotom|55/100|[from] item: Leftovers\n|-heal|p1a: Mariron|23/100 brn|[from] item: Leftovers\n|-damage|p2a: Rotom|43/100|[from] Leech Seed|[of] p1a: Mariron\n|-heal|p1a: Mariron|33/100 brn|[silent]\n|-damage|p1a: Mariron|27/100 brn|[from] brn\n|upkeep\n|turn|8\n|\n|t:|1775917850\n|move|p2a: Rotom|Hydro Pump|p1a: Mariron\n|-resisted|p1a: Mariron|1\n|-damage|p1a: Mariron|6/100 brn\n|move|p1a: Mariron|Body Press|p2a: Rotom\n|-damage|p2a: Rotom|0 fnt\n|faint|p2a: Rotom\n|\n|-heal|p1a: Mariron|12/100 brn|[from] item: Leftovers\n|-damage|p1a: Mariron|6/100 brn|[from] brn\n|upkeep\n|\n|t:|1775917853\n|switch|p2a: Polteageist|Polteageist, L50|100/100\n|turn|9\n|\n|t:|1775917866\n|move|p2a: Polteageist|Shell Smash|p2a: Polteageist\n|-unboost|p2a: Polteageist|def|1\n|-unboost|p2a: Polteageist|spd|1\n|-boost|p2a: Polteageist|atk|2\n|-boost|p2a: Polteageist|spa|2\n|-boost|p2a: Polteageist|spe|2\n|-enditem|p2a: Polteageist|White Herb\n|-clearnegativeboost|p2a: Polteageist|[silent]\n|move|p1a: Mariron|Leech Seed|p2a: Polteageist\n|-start|p2a: Polteageist|move: Leech Seed\n|\n|-heal|p1a: Mariron|12/100 brn|[from] item: Leftovers\n|-damage|p2a: Polteageist|89/100|[from] Leech Seed|[of] p1a: Mariron\n|-heal|p1a: Mariron|22/100 brn|[silent]\n|-damage|p1a: Mariron|16/100 brn|[from] brn\n|upkeep\n|turn|10\n|\n|t:|1775917875\n|move|p2a: Polteageist|Shadow Ball|p1a: Mariron\n|-immune|p1a: Mariron|[from] ability: Bulletproof\n|move|p1a: Mariron|Seed Bomb|p2a: Polteageist\n|-damage|p2a: Polteageist|71/100\n|\n|-heal|p1a: Mariron|22/100 brn|[from] item: Leftovers\n|-damage|p2a: Polteageist|59/100|[from] Leech Seed|[of] p1a: Mariron\n|-heal|p1a: Mariron|32/100 brn|[silent]\n|-damage|p1a: Mariron|26/100 brn|[from] brn\n|upkeep\n|turn|11\n|-message|astonmaachan forfeited.\n|\n|win|yes eye on1\n|raw|yes eye on1's rating: 1000 &rarr; <strong>1040</strong><br />(+40 for winning)\n|raw|astonmaachan's rating: 1000 &rarr; <strong>1000</strong><br />(+0 for losing)\n|l|\u2606astonmaachan\n|player|p2|\n",
  "uploadtime": 1775917889,
  "views": 18,
  "formatid": "gen9championsbssregma",
  "rating": 1000,
  "private": 0,
  "password": null
}