{
  "id": "gen9championsbssregma-2585194397",
  "format": "[Gen 9 Champions] BSS Reg M-A",
  "players": [
    "Keyan_Sans",
    "nidarex21"
  ],
  "log": "|j|\u2606Keyan_Sans\n|j|\u2606nidarex21\n|t:|1776323479\n|gametype|singles\n|player|p1|Keyan_Sans|hugh|1158\n|player|p2|nidarex21|102|1154\n|gen|9\n|tier|[Gen 9 Champions] BSS Reg M-A\n|rated|\n|rule|Species Clause: Limit one of each Pok\u00e9mon\n|rule|Item Clause: Limit 1 of each item\n|clearpoke\n|poke|p1|Aegislash, L50, F|\n|poke|p1|Primarina, L50, M|\n|poke|p1|Glimmora, L50, M|\n|poke|p1|Meowscarada, L50, F|\n|poke|p1|Dragonite, L50, M|\n|poke|p1|Lopunny, L50, F|\n|poke|p2|Charizard, L50, M|\n|poke|p2|Ditto, L50|\n|poke|p2|Dragonite, L50, M|\n|poke|p2|Slowking-Galar, L50, M|\n|poke|p2|Lopunny, L50, M|\n|poke|p2|Mamoswine, L50, M|\n|teampreview|3\n|inactive|Battle timer is ON: inactive players will automatically lose when time's up. (requested by Keyan_Sans)\n|inactive|Keyan_Sans has 60 seconds left.\n|inactive|nidarex21 has 60 seconds left.\n|inactive|nidarex21 has 30 seconds left.\n|inactive|Keyan_Sans has 30 seconds left.\n|inactive|nidarex21 has 20 seconds left.\n|inactive|nidarex21 has 15 seconds left.\n|inactive|nidarex21 has 10 seconds left.\n|inactive|nidarex21 has 5 seconds left.\n|\n|t:|1776323570\n|teamsize|p1|3\n|teamsize|p2|3\n|start\n|switch|p1a: Glimmora|Glimmora, L50, M|100/100\n|switch|p2a: Slowking|Slowking-Galar, L50, M|100/100\n|turn|1\n|\n|t:|1776323578\n|move|p1a: Glimmora|Stealth Rock|p2a: Slowking\n|-sidestart|p2: nidarex21|move: Stealth Rock\n|move|p2a: Slowking|Psychic|p1a: Glimmora\n|-supereffective|p1a: Glimmora|1\n|-damage|p1a: Glimmora|16/100\n|\n|upkeep\n|turn|2\n|\n|t:|1776323597\n|move|p1a: Glimmora|Earth Power|p2a: Slowking\n|-supereffective|p2a: Slowking|1\n|-damage|p2a: Slowking|51/100\n|move|p2a: Slowking|Psychic|p1a: Glimmora\n|-supereffective|p1a: Glimmora|1\n|-damage|p1a: Glimmora|0 fnt\n|faint|p1a: Glimmora\n|\n|upkeep\n|\n|t:|1776323599\n|switch|p1a: Dragonite|Dragonite, L50, M|100/100\n|turn|3\n|\n|t:|1776323614\n|move|p1a: Dragonite|Dragon Dance|p1a: Dragonite\n|-boost|p1a: Dragonite|atk|1\n|-boost|p1a: Dragonite|spe|1\n|-prepare|p2a: Slowking|Chilly Reception|[premajor]\n|move|p2a: Slowking|Chilly Reception|p2a: Slowking\n|-weather|Snowscape\n|\n|t:|1776323620\n|switch|p2a: Lopunny|Lopunny, L50, M|100/100|[from] Chilly Reception\n|-damage|p2a: Lopunny|89/100|[from] Stealth Rock\n|\n|-weather|Snowscape|[upkeep]\n|upkeep\n|turn|4\n|\n|t:|1776323630\n|detailschange|p2a: Lopunny|Lopunny-Mega, L50, M\n|-mega|p2a: Lopunny|Lopunny|Lopunnite\n|move|p2a: Lopunny|Fake Out|p1a: Dragonite\n|-damage|p1a: Dragonite|90/100\n|cant|p1a: Dragonite|flinch\n|\n|-weather|Snowscape|[upkeep]\n|upkeep\n|turn|5\n|\n|t:|1776323641\n|switch|p2a: Slowking|Slowking-Galar, L50, M|51/100\n|-damage|p2a: Slowking|39/100|[from] Stealth Rock\n|-enditem|p2a: Slowking|Sitrus Berry|[eat]\n|-heal|p2a: Slowking|63/100|[from] item: Sitrus Berry\n|move|p1a: Dragonite|Earthquake|p2a: Slowking\n|-supereffective|p2a: Slowking|1\n|-damage|p2a: Slowking|0 fnt\n|faint|p2a: Slowking\n|\n|-weather|Snowscape|[upkeep]\n|upkeep\n|\n|t:|1776323658\n|switch|p2a: Dragonite|Dragonite, L50, M|100/100\n|-damage|p2a: Dragonite|75/100|[from] Stealth Rock\n|turn|6\n|\n|t:|1776323666\n|move|p1a: Dragonite|Extreme Speed|p2a: Dragonite\n|-damage|p2a: Dragonite|32/100\n|move|p2a: Dragonite|Scale Shot|p1a: Dragonite\n|-supereffective|p1a: Dragonite|1\n|-damage|p1a: Dragonite|57/100\n|-supereffective|p1a: Dragonite|1\n|-damage|p1a: Dragonite|23/100\n|-supereffective|p1a: Dragonite|1\n|-damage|p1a: Dragonite|0 fnt\n|faint|p1a: Dragonite\n|-hitcount|p1: Dragonite|3\n|-unboost|p2a: Dragonite|def|1\n|-boost|p2a: Dragonite|spe|1\n|\n|-weather|Snowscape|[upkeep]\n|upkeep\n|\n|t:|1776323669\n|switch|p1a: Meowscarada|Meowscarada, L50, F|100/100\n|turn|7\n|\n|t:|1776323684\n|move|p2a: Dragonite|Extreme Speed|p1a: Meowscarada\n|-damage|p1a: Meowscarada|50/100\n|move|p1a: Meowscarada|Play Rough|p2a: Dragonite\n|-start|p1a: Meowscarada|typechange|Fairy|[from] ability: Protean\n|-supereffective|p2a: Dragonite|1\n|-damage|p2a: Dragonite|0 fnt\n|faint|p2a: Dragonite\n|\n|-weather|none\n|upkeep\n|c|\u2606Keyan_Sans|Gg\n|\n|t:|1776323696\n|switch|p2a: Lopunny|Lopunny-Mega, L50, M|89/100\n|-damage|p2a: Lopunny|83/100|[from] Stealth Rock\n|turn|8\n|\n|t:|1776323700\n|move|p2a: Lopunny|Fake Out|p1a: Meowscarada\n|-damage|p1a: Meowscarada|20/100\n|cant|p1a: Meowscarada|flinch\n|\n|upkeep\n|turn|9\n|inactive|nidarex21 has 30 seconds left.\n|inactive|nidarex21 has 20 seconds left.\n|inactive|nidarex21 has 15 seconds left.\n|inactive|nidarex21 has 10 seconds left.\n|\n|t:|1776323747\n|move|p1a: Meowscarada|Play Rough|p2a: Lopunny\n|-supereffective|p2a: Lopunny|1\n|-damage|p2a: Lopunny|0 fnt\n|faint|p2a: Lopunny\n|\n|win|Keyan_Sans\n|raw|Keyan_Sans's rating: 1158 &rarr; <strong>1183</strong><br />(+25 for winning)\n|raw|nidarex21's rating: 1154 &rarr; <strong>1129</strong><br />(-25 for losing)\n",
  "uploadtime": 1776323751,
  "views": 12,
  "formatid": "gen9championsbssregma",
  "rating": 1129,
  "private": 0,
  "password": null
}