{
  "id": "gen9championsbssregma-2587567988",
  "format": "[Gen 9 Champions] BSS Reg M-A",
  "players": [
    "joguri",
    "Lp7604"
  ],
  "log": "|j|\u2606joguri\n|j|\u2606Lp7604\n|t:|1776542984\n|gametype|singles\n|player|p1|joguri|dawn|1273\n|player|p2|Lp7604|170|1127\n|gen|9\n|tier|[Gen 9 Champions] BSS Reg M-A\n|rated|\n|rule|Species Clause: Limit one of each Pok\u00e9mon\n|rule|Item Clause: Limit 1 of each item\n|clearpoke\n|poke|p1|Clefable, L50, F|\n|poke|p1|Garchomp, L50, F|\n|poke|p1|Glimmora, L50, F|\n|poke|p1|Lopunny, L50, F|\n|poke|p1|Primarina, L50, M|\n|poke|p1|Corviknight, L50, M|\n|poke|p2|Primarina, L50, F, shiny|\n|poke|p2|Ceruledge, L50, M|\n|poke|p2|Charizard, L50, M|\n|poke|p2|Meowscarada, L50, F|\n|poke|p2|Rotom-Wash, L50|\n|poke|p2|Medicham, L50, M, shiny|\n|teampreview|3\n|inactive|Battle timer is ON: inactive players will automatically lose when time's up. (requested by joguri)\n|\n|t:|1776543010\n|teamsize|p1|3\n|teamsize|p2|3\n|start\n|switch|p1a: Lopunny|Lopunny, L50, F|100/100\n|switch|p2a: Primarina|Primarina, L50, F, shiny|100/100\n|turn|1\n|\n|t:|1776543022\n|move|p1a: Lopunny|Cotton Guard|p1a: Lopunny\n|-boost|p1a: Lopunny|def|3\n|move|p2a: Primarina|Moonblast|p1a: Lopunny\n|-damage|p1a: Lopunny|41/100\n|\n|upkeep\n|turn|2\n|\n|t:|1776543038\n|move|p1a: Lopunny|Baton Pass|p1a: Lopunny\n|\n|t:|1776543040\n|switch|p1a: Clefable|Clefable, L50, F|100/100|[from] Baton Pass\n|move|p2a: Primarina|Moonblast|p1a: Clefable\n|-damage|p1a: Clefable|48/100\n|\n|upkeep\n|turn|3\n|\n|t:|1776543053\n|detailschange|p1a: Clefable|Clefable-Mega, L50, F\n|-mega|p1a: Clefable|Clefable|Clefablite\n|move|p1a: Clefable|Calm Mind|p1a: Clefable\n|-boost|p1a: Clefable|spa|1\n|-boost|p1a: Clefable|spd|1\n|move|p2a: Primarina|Moonblast|p1a: Clefable\n|-damage|p1a: Clefable|21/100\n|\n|upkeep\n|turn|4\n|\n|t:|1776543069\n|move|p1a: Clefable|Moonlight|p1a: Clefable\n|-heal|p1a: Clefable|71/100\n|move|p2a: Primarina|Encore|p1a: Clefable\n|move|p1a: Clefable|Encore||[from] ability: Magic Bounce|[still]\n|-fail|p1a: Clefable\n|\n|upkeep\n|turn|5\n|\n|t:|1776543081\n|move|p1a: Clefable|Calm Mind|p1a: Clefable\n|-boost|p1a: Clefable|spa|1\n|-boost|p1a: Clefable|spd|1\n|move|p2a: Primarina|Moonblast|p1a: Clefable\n|-damage|p1a: Clefable|51/100\n|\n|upkeep\n|turn|6\n|\n|t:|1776543090\n|move|p1a: Clefable|Calm Mind|p1a: Clefable\n|-boost|p1a: Clefable|spa|1\n|-boost|p1a: Clefable|spd|1\n|move|p2a: Primarina|Moonblast|p1a: Clefable\n|-damage|p1a: Clefable|33/100\n|\n|upkeep\n|turn|7\n|\n|t:|1776543097\n|move|p1a: Clefable|Moonlight|p1a: Clefable\n|-heal|p1a: Clefable|83/100\n|move|p2a: Primarina|Moonblast|p1a: Clefable\n|-damage|p1a: Clefable|67/100\n|\n|upkeep\n|turn|8\n|\n|t:|1776543104\n|move|p1a: Clefable|Calm Mind|p1a: Clefable\n|-boost|p1a: Clefable|spa|1\n|-boost|p1a: Clefable|spd|1\n|move|p2a: Primarina|Moonblast|p1a: Clefable\n|-damage|p1a: Clefable|51/100\n|\n|upkeep\n|turn|9\n|\n|t:|1776543113\n|switch|p2a: Meowscarada|Meowscarada, L50, F|100/100\n|move|p1a: Clefable|Moonlight|p1a: Clefable\n|-heal|p1a: Clefable|100/100\n|\n|upkeep\n|turn|10\n|\n|t:|1776543122\n|move|p2a: Meowscarada|Flower Trick|p1a: Clefable\n|-start|p2a: Meowscarada|typechange|Grass|[from] ability: Protean\n|-resisted|p1a: Clefable|1\n|-crit|p1a: Clefable\n|-damage|p1a: Clefable|81/100\n|move|p1a: Clefable|Moonblast|p2a: Meowscarada\n|-damage|p2a: Meowscarada|0 fnt\n|faint|p2a: Meowscarada\n|\n|upkeep\n|-message|Lp7604 forfeited.\n|\n|win|joguri\n|raw|joguri's rating: 1273 &rarr; <strong>1288</strong><br />(+15 for winning)\n|raw|Lp7604's rating: 1127 &rarr; <strong>1112</strong><br />(-15 for losing)\n|l|\u2606Lp7604\n|player|p2|\n",
  "uploadtime": 1776543135,
  "views": 1,
  "formatid": "gen9championsbssregma",
  "rating": 1112,
  "private": 0,
  "password": null
}