{
  "id": "gen9championsbssregma-2582131611",
  "format": "[Gen 9 Champions] BSS Reg M-A",
  "players": [
    "KevMev",
    "karbain"
  ],
  "log": "|j|\u2606KevMev\n|j|\u2606karbain\n|t:|1776062052\n|gametype|singles\n|player|p1|KevMev|1|1225\n|player|p2|karbain|170|1239\n|gen|9\n|tier|[Gen 9 Champions] BSS Reg M-A\n|rated|\n|rule|Species Clause: Limit one of each Pok\u00e9mon\n|rule|Item Clause: Limit 1 of each item\n|clearpoke\n|poke|p1|Sneasler, L50, F|\n|poke|p1|Archaludon, L50, M|\n|poke|p1|Gyarados, L50, F|\n|poke|p1|Meowscarada, L50, M|\n|poke|p1|Primarina, L50, M|\n|poke|p1|Mimikyu, L50, M|\n|poke|p2|Basculegion, L50, M|\n|poke|p2|Delphox, L50, F|\n|poke|p2|Lopunny, L50, F|\n|poke|p2|Corviknight, L50, M|\n|poke|p2|Bellibolt, L50, F|\n|poke|p2|Garchomp, L50, M|\n|teampreview|3\n|inactive|Battle timer is ON: inactive players will automatically lose when time's up. (requested by karbain)\n|\n|t:|1776062121\n|teamsize|p1|3\n|teamsize|p2|3\n|start\n|switch|p1a: Sneasler|Sneasler, L50, F, shiny|100/100\n|switch|p2a: Lopunny|Lopunny, L50, F, shiny|100/100\n|turn|1\n|\n|t:|1776062134\n|switch|p1a: Gyarados|Gyarados, L50, F, shiny|100/100\n|-ability|p1a: Gyarados|Intimidate|boost\n|-unboost|p2a: Lopunny|atk|1\n|detailschange|p2a: Lopunny|Lopunny-Mega, L50, F, shiny\n|-mega|p2a: Lopunny|Lopunny|Lopunnite\n|move|p2a: Lopunny|Fake Out|p1a: Gyarados\n|-damage|p1a: Gyarados|87/100\n|\n|upkeep\n|turn|2\n|\n|t:|1776062147\n|switch|p2a: Corviknight|Corviknight, L50, M|100/100\n|-ability|p2a: Corviknight|Pressure\n|switch|p1a: Sneasler|Sneasler, L50, F, shiny|100/100\n|\n|upkeep\n|turn|3\n|j| p74\n|\n|t:|1776062160\n|move|p1a: Sneasler|Swords Dance|p1a: Sneasler\n|-boost|p1a: Sneasler|atk|2\n|move|p2a: Corviknight|Iron Defense|p2a: Corviknight\n|-boost|p2a: Corviknight|def|2\n|\n|upkeep\n|turn|4\n|\n|t:|1776062173\n|move|p1a: Sneasler|Swords Dance|p1a: Sneasler\n|-boost|p1a: Sneasler|atk|2\n|move|p2a: Corviknight|Iron Defense|p2a: Corviknight\n|-boost|p2a: Corviknight|def|2\n|\n|upkeep\n|turn|5\n|\n|t:|1776062178\n|move|p1a: Sneasler|Swords Dance|p1a: Sneasler\n|-boost|p1a: Sneasler|atk|2\n|move|p2a: Corviknight|Body Press|p1a: Sneasler\n|-resisted|p1a: Sneasler|1\n|-damage|p1a: Sneasler|37/100\n|\n|upkeep\n|turn|6\n|\n|t:|1776062184\n|move|p1a: Sneasler|Close Combat|p2a: Corviknight\n|-crit|p2a: Corviknight\n|-damage|p2a: Corviknight|0 fnt\n|-unboost|p1a: Sneasler|def|1\n|-unboost|p1a: Sneasler|spd|1\n|faint|p2a: Corviknight\n|\n|upkeep\n|\n|t:|1776062191\n|switch|p2a: Lopunny|Lopunny-Mega, L50, F, shiny|100/100\n|turn|7\n|\n|t:|1776062196\n|move|p2a: Lopunny|Fake Out|p1a: Sneasler\n|-damage|p1a: Sneasler|0 fnt\n|faint|p1a: Sneasler\n|\n|upkeep\n|\n|t:|1776062200\n|switch|p1a: Gyarados|Gyarados, L50, F, shiny|87/100\n|-ability|p1a: Gyarados|Intimidate|boost\n|-fail|p2a: Lopunny|unboost|Attack|[from] ability: Scrappy|[of] p2a: Lopunny\n|turn|8\n|\n|t:|1776062209\n|switch|p2a: Bellibolt|Bellibolt, L50, F|100/100\n|move|p1a: Gyarados|Dragon Dance|p1a: Gyarados\n|-boost|p1a: Gyarados|atk|1\n|-boost|p1a: Gyarados|spe|1\n|\n|upkeep\n|turn|9\n|\n|t:|1776062220\n|detailschange|p1a: Gyarados|Gyarados-Mega, L50, F, shiny\n|-mega|p1a: Gyarados|Gyarados|Gyaradosite\n|-ability|p1a: Gyarados|Mold Breaker\n|move|p1a: Gyarados|Dragon Dance|p1a: Gyarados\n|-boost|p1a: Gyarados|atk|1\n|-boost|p1a: Gyarados|spe|1\n|move|p2a: Bellibolt|Volt Switch|p1a: Gyarados\n|-supereffective|p1a: Gyarados|1\n|-damage|p1a: Gyarados|33/100\n|\n|t:|1776062230\n|switch|p2a: Lopunny|Lopunny-Mega, L50, F, shiny|100/100|[from] Volt Switch\n|\n|upkeep\n|turn|10\n|\n|t:|1776062235\n|move|p2a: Lopunny|Fake Out|p1a: Gyarados\n|-damage|p1a: Gyarados|19/100\n|cant|p1a: Gyarados|flinch\n|\n|upkeep\n|turn|11\n|\n|t:|1776062240\n|move|p2a: Lopunny|Mach Punch|p1a: Gyarados\n|-supereffective|p1a: Gyarados|1\n|-damage|p1a: Gyarados|0 fnt\n|faint|p1a: Gyarados\n|\n|upkeep\n|\n|t:|1776062242\n|switch|p1a: Archaludon|Archaludon, L50, M, shiny|100/100\n|turn|12\n|\n|t:|1776062254\n|switch|p2a: Bellibolt|Bellibolt, L50, F|100/100\n|move|p1a: Archaludon|Draco Meteor|p2a: Bellibolt\n|-damage|p2a: Bellibolt|38/100\n|-unboost|p1a: Archaludon|spa|2\n|-start|p2a: Bellibolt|Charge|Draco Meteor|[from] ability: Electromorphosis\n|-enditem|p2a: Bellibolt|Sitrus Berry|[eat]\n|-heal|p2a: Bellibolt|63/100|[from] item: Sitrus Berry\n|\n|upkeep\n|turn|13\n|-message|KevMev forfeited.\n|\n|win|karbain\n|raw|KevMev's rating: 1225 &rarr; <strong>1201</strong><br />(-24 for losing)\n|raw|karbain's rating: 1239 &rarr; <strong>1263</strong><br />(+24 for winning)\n|l|\u2606KevMev\n|player|p1|\n|l|\u2606karbain\n|player|p2|\n",
  "uploadtime": 1776062305,
  "views": 11,
  "formatid": "gen9championsbssregma",
  "rating": 1201,
  "private": 0,
  "password": null
}