{
  "id": "gen9championsbssregma-2584085669",
  "format": "[Gen 9 Champions] BSS Reg M-A",
  "players": [
    "sca1031",
    "Kings_Uchiha"
  ],
  "log": "|j|\u2606sca1031\n|j|\u2606Kings_Uchiha\n|t:|1776223626\n|gametype|singles\n|player|p1|sca1031|169|1384\n|player|p2|Kings_Uchiha|steven|1286\n|gen|9\n|tier|[Gen 9 Champions] BSS Reg M-A\n|rated|\n|rule|Species Clause: Limit one of each Pok\u00e9mon\n|rule|Item Clause: Limit 1 of each item\n|clearpoke\n|poke|p1|Clefable, L50, F|\n|poke|p1|Archaludon, L50, M|\n|poke|p1|Snorlax, L50, F|\n|poke|p1|Gyarados, L50, M|\n|poke|p1|Hippowdon, L50, M|\n|poke|p1|Aegislash, L50, F|\n|poke|p2|Meowscarada, L50, M|\n|poke|p2|Greninja-*, L50, M|\n|poke|p2|Lucario, L50, M|\n|poke|p2|Garchomp, L50, M|\n|poke|p2|Slowking-Galar, L50, F|\n|poke|p2|Ceruledge, L50, F|\n|teampreview|3\n|\n|t:|1776223643\n|teamsize|p1|3\n|teamsize|p2|3\n|start\n|switch|p1a: Clefable|Clefable, L50, F|100/100\n|switch|p2a: Meowscarada|Meowscarada, L50, M|100/100\n|turn|1\n|\n|t:|1776223661\n|switch|p1a: Archaludon|Archaludon, L50, M|100/100\n|move|p2a: Meowscarada|Flower Trick|p1a: Archaludon\n|-start|p2a: Meowscarada|typechange|Grass|[from] ability: Protean\n|-resisted|p1a: Archaludon|2\n|-crit|p1a: Archaludon\n|-damage|p1a: Archaludon|92/100\n|-ability|p1a: Archaludon|Stamina|boost\n|-boost|p1a: Archaludon|def|1\n|\n|upkeep\n|turn|2\n|\n|t:|1776223672\n|switch|p2a: Garchomp|Garchomp, L50, M|100/100\n|move|p1a: Archaludon|Aura Sphere|p2a: Garchomp\n|-damage|p2a: Garchomp|71/100\n|\n|-heal|p2a: Garchomp|77/100|[from] item: Leftovers\n|upkeep\n|turn|3\n|\n|t:|1776223681\n|move|p1a: Archaludon|Draco Meteor|p2a: Garchomp\n|-supereffective|p2a: Garchomp|1\n|-damage|p2a: Garchomp|0 fnt\n|-unboost|p1a: Archaludon|spa|2\n|faint|p2a: Garchomp\n|\n|upkeep\n|\n|t:|1776223687\n|switch|p2a: Lucario|Lucario, L50, M|100/100\n|turn|4\n|\n|t:|1776223694\n|detailschange|p2a: Lucario|Lucario-Mega, L50, M\n|-mega|p2a: Lucario|Lucario|Lucarionite\n|move|p2a: Lucario|Swords Dance|p2a: Lucario\n|-boost|p2a: Lucario|atk|2\n|move|p1a: Archaludon|Aura Sphere|p2a: Lucario\n|-supereffective|p2a: Lucario|1\n|-damage|p2a: Lucario|50/100\n|\n|upkeep\n|turn|5\n|j| p74\n|\n|t:|1776223707\n|move|p2a: Lucario|Close Combat|p1a: Archaludon\n|-supereffective|p1a: Archaludon|1\n|-enditem|p1a: Archaludon|Chople Berry|[eat]\n|-enditem|p1a: Archaludon|Chople Berry|[weaken]\n|-damage|p1a: Archaludon|8/100\n|-unboost|p2a: Lucario|def|1\n|-unboost|p2a: Lucario|spd|1\n|-ability|p1a: Archaludon|Stamina|boost\n|-boost|p1a: Archaludon|def|1\n|move|p1a: Archaludon|Aura Sphere|p2a: Lucario\n|-supereffective|p2a: Lucario|1\n|-damage|p2a: Lucario|0 fnt\n|faint|p2a: Lucario\n|\n|upkeep\n|\n|t:|1776223719\n|switch|p2a: Meowscarada|Meowscarada, L50, M|100/100\n|turn|6\n|\n|t:|1776223725\n|move|p2a: Meowscarada|Flower Trick|p1a: Archaludon\n|-start|p2a: Meowscarada|typechange|Grass|[from] ability: Protean\n|-resisted|p1a: Archaludon|2\n|-crit|p1a: Archaludon\n|-damage|p1a: Archaludon|0 fnt\n|faint|p1a: Archaludon\n|\n|upkeep\n|\n|t:|1776223732\n|switch|p1a: Clefable|Clefable, L50, F|100/100\n|turn|7\n|\n|t:|1776223741\n|detailschange|p1a: Clefable|Clefable-Mega, L50, F\n|-mega|p1a: Clefable|Clefable|Clefablite\n|move|p2a: Meowscarada|Flower Trick|p1a: Clefable\n|-resisted|p1a: Clefable|1\n|-crit|p1a: Clefable\n|-damage|p1a: Clefable|72/100\n|move|p1a: Clefable|Mystical Fire|p2a: Meowscarada\n|-supereffective|p2a: Meowscarada|1\n|-damage|p2a: Meowscarada|4/100\n|-unboost|p2a: Meowscarada|spa|1\n|\n|upkeep\n|turn|8\n|\n|t:|1776223752\n|move|p2a: Meowscarada|Flower Trick|p1a: Clefable\n|-resisted|p1a: Clefable|1\n|-crit|p1a: Clefable\n|-damage|p1a: Clefable|42/100\n|move|p1a: Clefable|Mystical Fire|p2a: Meowscarada\n|-supereffective|p2a: Meowscarada|1\n|-damage|p2a: Meowscarada|0 fnt\n|faint|p2a: Meowscarada\n|\n|win|sca1031\n|raw|sca1031's rating: 1384 &rarr; <strong>1399</strong><br />(+15 for winning)\n|raw|Kings_Uchiha's rating: 1286 &rarr; <strong>1268</strong><br />(-18 for losing)\n|l|\u2606Kings_Uchiha\n|player|p2|\n|l|\u2606sca1031\n|player|p1|\n",
  "uploadtime": 1776223833,
  "views": 1,
  "formatid": "gen9championsbssregma",
  "rating": 1268,
  "private": 0,
  "password": null
}