{
  "id": "gen9championsbssregma-2589516256",
  "format": "[Gen 9 Champions] BSS Reg M-A",
  "players": [
    "Gshs5",
    "wapop10086"
  ],
  "log": "|j|\u2606Gshs5\n|j|\u2606wapop10086\n|t:|1776730080\n|gametype|singles\n|player|p1|Gshs5|169|1218\n|player|p2|wapop10086|hilbert-wonderlauncher|1104\n|gen|9\n|tier|[Gen 9 Champions] BSS Reg M-A\n|rated|\n|rule|Species Clause: Limit one of each Pok\u00e9mon\n|rule|Item Clause: Limit 1 of each item\n|clearpoke\n|poke|p1|Venusaur, L50, M|\n|poke|p1|Hippowdon, L50, F|\n|poke|p1|Aegislash, L50, M|\n|poke|p1|Rotom-Wash, L50|\n|poke|p1|Sylveon, L50, M|\n|poke|p1|Altaria, L50, M|\n|poke|p2|Banette, L50, F|\n|poke|p2|Basculegion, L50, M|\n|poke|p2|Ditto, L50|\n|poke|p2|Archaludon, L50, F|\n|poke|p2|Araquanid, L50, F|\n|poke|p2|Mimikyu, L50, F|\n|teampreview|3\n|inactive|Battle timer is ON: inactive players will automatically lose when time's up. (requested by Gshs5)\n|\n|t:|1776730107\n|teamsize|p1|3\n|teamsize|p2|3\n|start\n|switch|p1a: Rotom|Rotom-Wash, L50|100/100\n|switch|p2a: Banette|Banette, L50, F|100/100\n|-item|p1a: Rotom|Leftovers|[from] ability: Frisk|[of] p2a: Banette\n|turn|1\n|\n|t:|1776730118\n|detailschange|p2a: Banette|Banette-Mega, L50, F\n|-mega|p2a: Banette|Banette|Banettite\n|move|p1a: Rotom|Thunder Wave|p2a: Banette\n|-status|p2a: Banette|par\n|move|p2a: Banette|Poltergeist|p1a: Rotom\n|-activate|p1a: Rotom|move: Poltergeist|Leftovers\n|-damage|p1a: Rotom|37/100\n|\n|-heal|p1a: Rotom|43/100|[from] item: Leftovers\n|upkeep\n|turn|2\n|\n|t:|1776730130\n|move|p1a: Rotom|Volt Switch|p2a: Banette\n|-damage|p2a: Banette|67/100 par\n|\n|t:|1776730133\n|switch|p1a: Venusaur|Venusaur, L50, M|100/100|[from] Volt Switch\n|move|p2a: Banette|Poltergeist|p1a: Venusaur\n|-activate|p1a: Venusaur|move: Poltergeist|Venusaurite\n|-damage|p1a: Venusaur|25/100\n|\n|upkeep\n|turn|3\n|\n|t:|1776730143\n|detailschange|p1a: Venusaur|Venusaur-Mega, L50, M\n|-mega|p1a: Venusaur|Venusaur|Venusaurite\n|move|p2a: Banette|Shadow Sneak|p1a: Venusaur\n|-damage|p1a: Venusaur|4/100\n|move|p1a: Venusaur|Synthesis|p1a: Venusaur\n|-heal|p1a: Venusaur|53/100\n|\n|upkeep\n|turn|4\n|\n|t:|1776730151\n|move|p1a: Venusaur|Synthesis|p1a: Venusaur\n|-heal|p1a: Venusaur|100/100\n|move|p2a: Banette|Poltergeist|p1a: Venusaur\n|-activate|p1a: Venusaur|move: Poltergeist|Venusaurite\n|-damage|p1a: Venusaur|41/100\n|\n|upkeep\n|turn|5\n|\n|t:|1776730161\n|move|p2a: Banette|Destiny Bond|p2a: Banette\n|-singlemove|p2a: Banette|Destiny Bond\n|move|p1a: Venusaur|Synthesis|p1a: Venusaur\n|-heal|p1a: Venusaur|90/100\n|\n|upkeep\n|turn|6\n|\n|t:|1776730167\n|move|p2a: Banette|Encore|p1a: Venusaur\n|-start|p1a: Venusaur|Encore\n|move|p1a: Venusaur|Synthesis|p1a: Venusaur\n|-heal|p1a: Venusaur|100/100\n|\n|upkeep\n|turn|7\n|\n|t:|1776730173\n|switch|p1a: Rotom|Rotom-Wash, L50|43/100\n|move|p2a: Banette|Poltergeist|p1a: Rotom\n|-activate|p1a: Rotom|move: Poltergeist|Leftovers\n|-damage|p1a: Rotom|0 fnt\n|faint|p1a: Rotom\n|\n|upkeep\n|\n|t:|1776730176\n|switch|p1a: Venusaur|Venusaur-Mega, L50, M|100/100\n|turn|8\n|\n|t:|1776730184\n|move|p2a: Banette|Destiny Bond|p2a: Banette\n|-singlemove|p2a: Banette|Destiny Bond\n|move|p1a: Venusaur|Giga Drain|p2a: Banette\n|-damage|p2a: Banette|30/100 par\n|\n|upkeep\n|turn|9\n|\n|t:|1776730192\n|move|p1a: Venusaur|Sludge Wave|p2a: Banette\n|-resisted|p2a: Banette|1\n|-damage|p2a: Banette|8/100 par\n|move|p2a: Banette|Poltergeist|p1a: Venusaur\n|-activate|p1a: Venusaur|move: Poltergeist|Venusaurite\n|-damage|p1a: Venusaur|44/100\n|\n|upkeep\n|turn|10\n|\n|t:|1776730200\n|move|p2a: Banette|Destiny Bond|p2a: Banette\n|-singlemove|p2a: Banette|Destiny Bond\n|move|p1a: Venusaur|Giga Drain|p2a: Banette\n|-damage|p2a: Banette|0 fnt\n|-heal|p1a: Venusaur|48/100|[from] drain|[of] p2a: Banette\n|faint|p2a: Banette\n|-activate|p2a: Banette|move: Destiny Bond\n|faint|p1a: Venusaur\n|\n|upkeep\n|\n|t:|1776730210\n|switch|p1a: Aegislash|Aegislash, L50, M|100/100\n|switch|p2a: Mimikyu|Mimikyu, L50, F|100/100\n|turn|11\n|\n|t:|1776730218\n|move|p2a: Mimikyu|Curse|p1a: Aegislash\n|-start|p1a: Aegislash|Curse|[of] p2a: Mimikyu\n|-damage|p2a: Mimikyu|51/100\n|-formechange|p1a: Aegislash|Aegislash-Blade|\n|move|p1a: Aegislash|Shadow Ball|p2a: Mimikyu\n|-activate|p2a: Mimikyu|ability: Disguise\n|-damage|p2a: Mimikyu|51/100\n|detailschange|p2a: Mimikyu|Mimikyu-Busted, L50, F\n|-damage|p2a: Mimikyu|39/100|[from] pokemon: Mimikyu-Busted\n|\n|-damage|p1a: Aegislash|76/100|[from] Curse\n|upkeep\n|turn|12\n|\n|t:|1776730233\n|move|p2a: Mimikyu|Shadow Sneak|p1a: Aegislash\n|-supereffective|p1a: Aegislash|1\n|-damage|p1a: Aegislash|3/100\n|move|p1a: Aegislash|Shadow Sneak|p2a: Mimikyu\n|-supereffective|p2a: Mimikyu|1\n|-damage|p2a: Mimikyu|0 fnt\n|faint|p2a: Mimikyu\n|\n|-damage|p1a: Aegislash|0 fnt|[from] Curse\n|faint|p1a: Aegislash\n|\n|win|wapop10086\n|raw|Gshs5's rating: 1218 &rarr; <strong>1185</strong><br />(-33 for losing)\n|raw|wapop10086's rating: 1104 &rarr; <strong>1137</strong><br />(+33 for winning)\n",
  "uploadtime": 1776730235,
  "views": 1,
  "formatid": "gen9championsbssregma",
  "rating": 1137,
  "private": 0,
  "password": null
}