{
  "id": "gen9championsbssregma-2581891739",
  "format": "[Gen 9 Champions] BSS Reg M-A",
  "players": [
    "zakshian",
    "Thompson_trainer"
  ],
  "log": "|j|\u2606zakshian\n|j|\u2606Thompson_trainer\n|t:|1776037257\n|gametype|singles\n|player|p1|zakshian|102|1000\n|player|p2|Thompson_trainer|266|1000\n|gen|9\n|tier|[Gen 9 Champions] BSS Reg M-A\n|rated|\n|rule|Species Clause: Limit one of each Pok\u00e9mon\n|rule|Item Clause: Limit 1 of each item\n|clearpoke\n|poke|p1|Gengar, L50, M|\n|poke|p1|Samurott-Hisui, L50, M|\n|poke|p1|Meowscarada, L50, M|\n|poke|p1|Garchomp, L50, F|\n|poke|p1|Incineroar, L50, M|\n|poke|p1|Corviknight, L50, F|\n|poke|p2|Beedrill, L50, F|\n|poke|p2|Garchomp, L50, M|\n|poke|p2|Gengar, L50, F|\n|poke|p2|Hydreigon, L50, M|\n|poke|p2|Scizor, L50, M|\n|poke|p2|Dragonite, L50, F|\n|teampreview|3\n|inactive|Battle timer is ON: inactive players will automatically lose when time's up. (requested by zakshian)\n|inactive|zakshian has 60 seconds left.\n|inactive|Thompson_trainer has 60 seconds left.\n|inactive|Thompson_trainer has 30 seconds left.\n|\n|t:|1776037325\n|teamsize|p1|3\n|teamsize|p2|3\n|start\n|switch|p1a: Incineroar|Incineroar, L50, M|100/100\n|switch|p2a: Garchomp|Garchomp, L50, M|100/100\n|-ability|p1a: Incineroar|Intimidate|boost\n|-unboost|p2a: Garchomp|atk|1\n|turn|1\n|\n|t:|1776037334\n|switch|p1a: Corviknight|Corviknight, L50, F|100/100\n|-ability|p1a: Corviknight|Pressure\n|move|p2a: Garchomp|Stealth Rock|p1a: Corviknight\n|-sidestart|p1: zakshian|move: Stealth Rock\n|\n|upkeep\n|turn|2\n|\n|t:|1776037354\n|switch|p2a: Gengar|Gengar, L50, F|100/100\n|move|p1a: Corviknight|Bulk Up|p1a: Corviknight\n|-boost|p1a: Corviknight|atk|1\n|-boost|p1a: Corviknight|def|1\n|\n|upkeep\n|turn|3\n|\n|t:|1776037363\n|move|p2a: Gengar|Shadow Ball|p1a: Corviknight\n|-damage|p1a: Corviknight|74/100\n|move|p1a: Corviknight|Steel Wing|p2a: Gengar\n|-damage|p2a: Gengar|35/100\n|\n|upkeep\n|turn|4\n|\n|t:|1776037372\n|move|p2a: Gengar|Destiny Bond|p2a: Gengar\n|-singlemove|p2a: Gengar|Destiny Bond\n|move|p1a: Corviknight|Roost|p1a: Corviknight\n|-heal|p1a: Corviknight|100/100\n|-singleturn|p1a: Corviknight|move: Roost\n|\n|upkeep\n|turn|5\n|\n|t:|1776037388\n|move|p2a: Gengar|Shadow Ball|p1a: Corviknight\n|-damage|p1a: Corviknight|71/100\n|-unboost|p1a: Corviknight|spd|1\n|move|p1a: Corviknight|Bulk Up|p1a: Corviknight\n|-boost|p1a: Corviknight|atk|1\n|-boost|p1a: Corviknight|def|1\n|\n|upkeep\n|turn|6\n|\n|t:|1776037399\n|move|p2a: Gengar|Shadow Ball|p1a: Corviknight\n|-damage|p1a: Corviknight|28/100\n|move|p1a: Corviknight|Roost|p1a: Corviknight\n|-heal|p1a: Corviknight|79/100\n|-singleturn|p1a: Corviknight|move: Roost\n|\n|upkeep\n|turn|7\n|\n|t:|1776037404\n|move|p2a: Gengar|Shadow Ball|p1a: Corviknight\n|-damage|p1a: Corviknight|36/100\n|move|p1a: Corviknight|Steel Wing|p2a: Gengar\n|-damage|p2a: Gengar|0 fnt\n|-start|p1a: Corviknight|Disable|Steel Wing|[from] ability: Cursed Body|[of] p2a: Gengar\n|-enditem|p1a: Corviknight|Mental Herb\n|-end|p1a: Corviknight|Disable\n|faint|p2a: Gengar\n|\n|upkeep\n|\n|t:|1776037411\n|switch|p2a: Hydreigon|Hydreigon, L50, M|100/100\n|turn|8\n|inactive|Thompson_trainer has 30 seconds left.\n|\n|t:|1776037437\n|move|p2a: Hydreigon|Dark Pulse|p1a: Corviknight\n|-damage|p1a: Corviknight|0 fnt\n|faint|p1a: Corviknight\n|\n|upkeep\n|\n|t:|1776037445\n|switch|p1a: Samurott|Samurott-Hisui, L50, M|100/100\n|-damage|p1a: Samurott|89/100|[from] Stealth Rock\n|turn|9\n|inactive|Thompson_trainer has 30 seconds left.\n|inactive|Thompson_trainer has 20 seconds left.\n|inactive|Thompson_trainer has 15 seconds left.\n|inactive|Thompson_trainer has 10 seconds left.\n|\n|t:|1776037490\n|switch|p2a: Garchomp|Garchomp, L50, M|100/100\n|move|p1a: Samurott|Sacred Sword|p2a: Garchomp\n|-damage|p2a: Garchomp|77/100\n|-damage|p1a: Samurott|77/100|[from] ability: Rough Skin|[of] p2a: Garchomp\n|\n|upkeep\n|turn|10\n|\n|t:|1776037513\n|switch|p1a: Incineroar|Incineroar, L50, M|100/100\n|-damage|p1a: Incineroar|76/100|[from] Stealth Rock\n|-ability|p1a: Incineroar|Intimidate|boost\n|-unboost|p2a: Garchomp|atk|1\n|move|p2a: Garchomp|Earthquake|p1a: Incineroar\n|-supereffective|p1a: Incineroar|1\n|-damage|p1a: Incineroar|26/100\n|\n|-heal|p1a: Incineroar|32/100|[from] item: Leftovers\n|upkeep\n|turn|11\n|\n|t:|1776037529\n|move|p1a: Incineroar|Fake Out|p2a: Garchomp\n|-damage|p2a: Garchomp|69/100\n|-damage|p1a: Incineroar|20/100|[from] ability: Rough Skin|[of] p2a: Garchomp\n|cant|p2a: Garchomp|flinch\n|\n|-heal|p1a: Incineroar|26/100|[from] item: Leftovers\n|upkeep\n|turn|12\n|\n|t:|1776037534\n|move|p2a: Garchomp|Earthquake|p1a: Incineroar\n|-supereffective|p1a: Incineroar|1\n|-crit|p1a: Incineroar\n|-damage|p1a: Incineroar|0 fnt\n|faint|p1a: Incineroar\n|\n|upkeep\n|\n|t:|1776037536\n|switch|p1a: Samurott|Samurott-Hisui, L50, M|77/100\n|-damage|p1a: Samurott|65/100|[from] Stealth Rock\n|turn|13\n|\n|t:|1776037545\n|move|p1a: Samurott|Aqua Cutter|p2a: Garchomp\n|-crit|p2a: Garchomp\n|-damage|p2a: Garchomp|24/100\n|-enditem|p2a: Garchomp|Sitrus Berry|[eat]\n|-heal|p2a: Garchomp|48/100|[from] item: Sitrus Berry\n|move|p2a: Garchomp|Earthquake|p1a: Samurott\n|-damage|p1a: Samurott|30/100\n|\n|upkeep\n|turn|14\n|\n|t:|1776037553\n|move|p1a: Samurott|Aqua Cutter|p2a: Garchomp\n|-damage|p2a: Garchomp|16/100\n|move|p2a: Garchomp|Earthquake|p1a: Samurott\n|-damage|p1a: Samurott|0 fnt\n|faint|p1a: Samurott\n|\n|win|Thompson_trainer\n|raw|zakshian's rating: 1000 &rarr; <strong>1000</strong><br />(+0 for losing)\n|raw|Thompson_trainer's rating: 1000 &rarr; <strong>1040</strong><br />(+40 for winning)\n|l|\u2606zakshian\n|player|p1|\n",
  "uploadtime": 1776037559,
  "views": 15,
  "formatid": "gen9championsbssregma",
  "rating": 1000,
  "private": 0,
  "password": null
}