{
  "id": "gen9championsbssregma-2586695987",
  "format": "[Gen 9 Champions] BSS Reg M-A",
  "players": [
    "Lord Queefus",
    "jigunih"
  ],
  "log": "|j|\u2606Lord Queefus\n|j|\u2606jigunih\n|t:|1776452872\n|gametype|singles\n|player|p1|Lord Queefus|swimmer-gen4dp|1177\n|player|p2|jigunih|2|1070\n|gen|9\n|tier|[Gen 9 Champions] BSS Reg M-A\n|rated|\n|rule|Species Clause: Limit one of each Pok\u00e9mon\n|rule|Item Clause: Limit 1 of each item\n|clearpoke\n|poke|p1|Clefable, L50, M|\n|poke|p1|Dragapult, L50, M|\n|poke|p1|Starmie, L50|\n|poke|p1|Ditto, L50|\n|poke|p1|Mamoswine, L50, F|\n|poke|p1|Kingambit, L50, F|\n|poke|p2|Meganium, L50, M|\n|poke|p2|Pelipper, L50, M|\n|poke|p2|Garchomp, L50, F|\n|poke|p2|Archaludon, L50, F|\n|poke|p2|Aegislash, L50, F|\n|poke|p2|Sneasler, L50, M|\n|teampreview|3\n|inactive|Battle timer is ON: inactive players will automatically lose when time's up. (requested by Lord Queefus)\n|\n|t:|1776452901\n|teamsize|p1|3\n|teamsize|p2|3\n|start\n|switch|p1a: Dragapult|Dragapult, L50, M|100/100\n|switch|p2a: Aegislash|Aegislash, L50, F|100/100\n|turn|1\n|\n|t:|1776452915\n|move|p2a: Aegislash|King's Shield|p2a: Aegislash\n|-singleturn|p2a: Aegislash|Protect\n|move|p1a: Dragapult|Will-O-Wisp|p2a: Aegislash\n|-status|p2a: Aegislash|brn\n|\n|-damage|p2a: Aegislash|95/100 brn|[from] brn\n|upkeep\n|turn|2\n|\n|t:|1776452925\n|move|p1a: Dragapult|Hex|p2a: Aegislash\n|-supereffective|p2a: Aegislash|1\n|-damage|p2a: Aegislash|0 fnt\n|faint|p2a: Aegislash\n|\n|upkeep\n|\n|t:|1776452932\n|switch|p2a: Sneasler|Sneasler, L50, M|100/100\n|turn|3\n|\n|t:|1776452942\n|move|p1a: Dragapult|Will-O-Wisp|p2a: Sneasler|[miss]\n|-miss|p1a: Dragapult|p2a: Sneasler\n|move|p2a: Sneasler|Dire Claw|p1a: Dragapult\n|-resisted|p1a: Dragapult|1\n|-damage|p1a: Dragapult|70/100\n|\n|upkeep\n|turn|4\n|\n|t:|1776452950\n|move|p1a: Dragapult|Will-O-Wisp|p2a: Sneasler\n|-status|p2a: Sneasler|brn\n|move|p2a: Sneasler|Dire Claw|p1a: Dragapult\n|-resisted|p1a: Dragapult|1\n|-damage|p1a: Dragapult|56/100\n|\n|-damage|p2a: Sneasler|95/100 brn|[from] brn\n|upkeep\n|turn|5\n|\n|t:|1776452971\n|switch|p2a: Meganium|Meganium, L50, M|100/100\n|move|p1a: Dragapult|Hex|p2a: Meganium\n|-damage|p2a: Meganium|60/100\n|\n|upkeep\n|turn|6\n|\n|t:|1776452979\n|detailschange|p2a: Meganium|Meganium-Mega, L50, M\n|-mega|p2a: Meganium|Meganium|Meganiumite\n|move|p1a: Dragapult|Thunder Wave|p2a: Meganium\n|-status|p2a: Meganium|par\n|move|p2a: Meganium|Dazzling Gleam|p1a: Dragapult\n|-supereffective|p1a: Dragapult|1\n|-damage|p1a: Dragapult|0 fnt\n|faint|p1a: Dragapult\n|\n|upkeep\n|\n|t:|1776452990\n|switch|p1a: Ditto|Ditto, L50, shiny|100/100\n|-transform|p1a: Ditto|p2a: Meganium|[from] ability: Imposter\n|turn|7\n|\n|t:|1776453002\n|move|p1a: Ditto|Solar Beam||[still]\n|-prepare|p1a: Ditto|Solar Beam\n|-activate|p1a: Ditto|ability: Mega Sol\n|-anim|p1a: Ditto|Solar Beam|p2a: Meganium\n|-resisted|p2a: Meganium|1\n|-damage|p2a: Meganium|22/100 par\n|move|p2a: Meganium|Synthesis|p2a: Meganium\n|-heal|p2a: Meganium|88/100 par\n|\n|upkeep\n|turn|8\n|\n|t:|1776453024\n|move|p1a: Ditto|Solar Beam||[still]\n|-prepare|p1a: Ditto|Solar Beam\n|-activate|p1a: Ditto|ability: Mega Sol\n|-anim|p1a: Ditto|Solar Beam|p2a: Meganium\n|-resisted|p2a: Meganium|1\n|-damage|p2a: Meganium|52/100 par\n|cant|p2a: Meganium|par\n|\n|upkeep\n|turn|9\n|\n|t:|1776453034\n|switch|p1a: Starmie|Starmie, L50|100/100\n|move|p2a: Meganium|Synthesis|p2a: Meganium\n|-heal|p2a: Meganium|100/100 par\n|\n|upkeep\n|turn|10\n|\n|t:|1776453046\n|switch|p2a: Sneasler|Sneasler, L50, M|95/100 brn\n|detailschange|p1a: Starmie|Starmie-Mega, L50\n|-mega|p1a: Starmie|Starmie|Starminite\n|move|p1a: Starmie|Zen Headbutt|p2a: Sneasler\n|-supereffective|p2a: Sneasler|2\n|-damage|p2a: Sneasler|0 fnt\n|faint|p2a: Sneasler\n|\n|upkeep\n|\n|t:|1776453064\n|switch|p2a: Meganium|Meganium-Mega, L50, M|100/100 par\n|turn|11\n|\n|t:|1776453073\n|move|p1a: Starmie|Zen Headbutt|p2a: Meganium\n|-damage|p2a: Meganium|36/100 par\n|cant|p2a: Meganium|flinch\n|\n|upkeep\n|turn|12\n|-message|jigunih forfeited.\n|\n|win|Lord Queefus\n|raw|Lord Queefus's rating: 1177 &rarr; <strong>1195</strong><br />(+18 for winning)\n|raw|jigunih's rating: 1070 &rarr; <strong>1056</strong><br />(-14 for losing)\n|l|\u2606jigunih\n|player|p2|\n",
  "uploadtime": 1776453088,
  "views": 7,
  "formatid": "gen9championsbssregma",
  "rating": 1056,
  "private": 0,
  "password": null
}