{
  "id": "gen9championsbssregma-2583061515",
  "format": "[Gen 9 Champions] BSS Reg M-A",
  "players": [
    "lstdddsb",
    "hrztkb"
  ],
  "log": "|j|\u2606lstdddsb\n|j|\u2606hrztkb\n|t:|1776137813\n|gametype|singles\n|player|p1|lstdddsb|riley|1240\n|player|p2|hrztkb|266|1306\n|gen|9\n|tier|[Gen 9 Champions] BSS Reg M-A\n|rated|\n|rule|Species Clause: Limit one of each Pok\u00e9mon\n|rule|Item Clause: Limit 1 of each item\n|clearpoke\n|poke|p1|Gallade, L50, M|\n|poke|p1|Hydreigon, L50, F|\n|poke|p1|Mimikyu, L50, M|\n|poke|p1|Clefable, L50, M|\n|poke|p1|Volcarona, L50, F|\n|poke|p1|Venusaur, L50, F|\n|poke|p2|Hatterene, L50, F|\n|poke|p2|Volcarona, L50, F|\n|poke|p2|Hydreigon, L50, F|\n|poke|p2|Gyarados, L50, M|\n|poke|p2|Aegislash, L50, F|\n|poke|p2|Garchomp, L50, M|\n|teampreview|3\n|inactive|Battle timer is ON: inactive players will automatically lose when time's up. (requested by lstdddsb)\n|inactive|lstdddsb has 60 seconds left.\n|inactive|hrztkb has 60 seconds left.\n|\n|t:|1776137873\n|teamsize|p1|3\n|teamsize|p2|3\n|start\n|switch|p1a: Venusaur|Venusaur, L50, F|100/100\n|switch|p2a: Gyarados|Gyarados, L50, M, shiny|100/100\n|-ability|p2a: Gyarados|Intimidate|boost\n|-unboost|p1a: Venusaur|atk|1\n|turn|1\n|\n|t:|1776137889\n|switch|p2a: Hatterene|Hatterene, L50, F|100/100\n|detailschange|p1a: Venusaur|Venusaur-Mega, L50, F\n|-mega|p1a: Venusaur|Venusaur|Venusaurite\n|move|p1a: Venusaur|Leech Seed|p2a: Hatterene\n|move|p2a: Hatterene|Leech Seed|p1a: Venusaur|[from] ability: Magic Bounce\n|-immune|p1a: Venusaur\n|\n|upkeep\n|turn|2\n|\n|t:|1776137900\n|move|p1a: Venusaur|Sludge Bomb|p2a: Hatterene\n|-supereffective|p2a: Hatterene|1\n|-damage|p2a: Hatterene|15/100\n|-enditem|p2a: Hatterene|Sitrus Berry|[eat]\n|-heal|p2a: Hatterene|40/100|[from] item: Sitrus Berry\n|move|p2a: Hatterene|Calm Mind|p2a: Hatterene\n|-boost|p2a: Hatterene|spa|1\n|-boost|p2a: Hatterene|spd|1\n|\n|upkeep\n|turn|3\n|\n|t:|1776137916\n|move|p1a: Venusaur|Sludge Bomb|p2a: Hatterene\n|-supereffective|p2a: Hatterene|1\n|-damage|p2a: Hatterene|0 fnt\n|faint|p2a: Hatterene\n|\n|upkeep\n|\n|t:|1776137921\n|switch|p2a: Gyarados|Gyarados, L50, M, shiny|100/100\n|-ability|p2a: Gyarados|Intimidate|boost\n|-unboost|p1a: Venusaur|atk|1\n|turn|4\n|\n|t:|1776137926\n|move|p2a: Gyarados|Dragon Dance|p2a: Gyarados\n|-boost|p2a: Gyarados|atk|1\n|-boost|p2a: Gyarados|spe|1\n|move|p1a: Venusaur|Leech Seed|p2a: Gyarados\n|-start|p2a: Gyarados|move: Leech Seed\n|\n|-damage|p2a: Gyarados|88/100|[from] Leech Seed|[of] p1a: Venusaur\n|upkeep\n|turn|5\n|\n|t:|1776137938\n|detailschange|p2a: Gyarados|Gyarados-Mega, L50, M, shiny\n|-mega|p2a: Gyarados|Gyarados|Gyaradosite\n|-ability|p2a: Gyarados|Mold Breaker\n|move|p2a: Gyarados|Dragon Dance|p2a: Gyarados\n|-boost|p2a: Gyarados|atk|1\n|-boost|p2a: Gyarados|spe|1\n|move|p1a: Venusaur|Sludge Bomb|p2a: Gyarados\n|-damage|p2a: Gyarados|55/100\n|-status|p2a: Gyarados|psn\n|\n|-damage|p2a: Gyarados|43/100 psn|[from] Leech Seed|[of] p1a: Venusaur\n|-damage|p2a: Gyarados|31/100 psn|[from] psn\n|upkeep\n|turn|6\n|j| gawayneou\n|j| p74\n|inactive|lstdddsb has 30 seconds left.\n|\n|t:|1776137964\n|switch|p1a: Mimikyu|Mimikyu, L50, M|100/100\n|move|p2a: Gyarados|Crunch|p1a: Mimikyu\n|-damage|p1a: Mimikyu|0 fnt\n|faint|p1a: Mimikyu\n|\n|-damage|p2a: Gyarados|18/100 psn|[from] psn\n|upkeep\n|\n|t:|1776137975\n|switch|p1a: Venusaur|Venusaur-Mega, L50, F|100/100\n|turn|7\n|\n|t:|1776137979\n|move|p2a: Gyarados|Crunch|p1a: Venusaur\n|-crit|p1a: Venusaur\n|-damage|p1a: Venusaur|0 fnt\n|faint|p1a: Venusaur\n|\n|-damage|p2a: Gyarados|6/100 psn|[from] psn\n|upkeep\n|\n|t:|1776137986\n|switch|p1a: Hydreigon|Hydreigon, L50, F|100/100\n|turn|8\n|\n|t:|1776137990\n|move|p2a: Gyarados|Earthquake|p1a: Hydreigon\n|-damage|p1a: Hydreigon|0 fnt\n|faint|p1a: Hydreigon\n|\n|win|hrztkb\n|raw|lstdddsb's rating: 1240 &rarr; <strong>1220</strong><br />(-20 for losing)\n|raw|hrztkb's rating: 1306 &rarr; <strong>1322</strong><br />(+16 for winning)\n|l|\u2606lstdddsb\n|player|p1|\n|l|\u2606hrztkb\n|player|p2|\n",
  "uploadtime": 1776138011,
  "views": 2,
  "formatid": "gen9championsbssregma",
  "rating": 1220,
  "private": 0,
  "password": null
}