{
  "id": "gen9championsbssregma-2585863095",
  "format": "[Gen 9 Champions] BSS Reg M-A",
  "players": [
    "drafeon",
    "bzukanarf"
  ],
  "log": "|j|\u2606drafeon\n|j|\u2606bzukanarf\n|t:|1776376468\n|gametype|singles\n|player|p1|drafeon|elesa|1143\n|player|p2|bzukanarf|doubleteam|1250\n|gen|9\n|tier|[Gen 9 Champions] BSS Reg M-A\n|rated|\n|rule|Species Clause: Limit one of each Pok\u00e9mon\n|rule|Item Clause: Limit 1 of each item\n|clearpoke\n|poke|p1|Alakazam, L50, M|\n|poke|p1|Crabominable, L50, M|\n|poke|p1|Chandelure, L50, M|\n|poke|p1|Rhyperior, L50, F|\n|poke|p1|Roserade, L50, M|\n|poke|p1|Kingambit, L50, M|\n|poke|p2|Victreebel, L50, M|\n|poke|p2|Primarina, L50, F|\n|poke|p2|Garchomp, L50, M|\n|poke|p2|Aegislash, L50, M|\n|poke|p2|Clefable, L50, M|\n|poke|p2|Glimmora, L50, M|\n|teampreview|3\n|inactive|Battle timer is ON: inactive players will automatically lose when time's up. (requested by drafeon)\n|inactive|drafeon has 60 seconds left.\n|inactive|drafeon has 30 seconds left.\n|\n|t:|1776376532\n|teamsize|p1|3\n|teamsize|p2|3\n|start\n|switch|p1a: Alakazam|Alakazam, L50, M, shiny|100/100\n|switch|p2a: Garchomp|Garchomp, L50, M|100/100\n|turn|1\n|\n|t:|1776376545\n|detailschange|p1a: Alakazam|Alakazam-Mega, L50, M, shiny\n|-mega|p1a: Alakazam|Alakazam|Alakazite\n|-ability|p1a: Alakazam|Rough Skin|Trace|[from] ability: Trace|[of] p2a: Garchomp\n|move|p1a: Alakazam|Psychic|p2a: Garchomp\n|-crit|p2a: Garchomp\n|-damage|p2a: Garchomp|19/100\n|-enditem|p2a: Garchomp|Sitrus Berry|[eat]\n|-heal|p2a: Garchomp|44/100|[from] item: Sitrus Berry\n|move|p2a: Garchomp|Dragon Tail|p1a: Alakazam\n|-damage|p1a: Alakazam|53/100\n|-damage|p2a: Garchomp|31/100|[from] ability: Rough Skin|[of] p1a: Alakazam\n|drag|p1a: Roserade|Roserade, L50, M|100/100\n|\n|upkeep\n|turn|2\n|\n|t:|1776376564\n|switch|p2a: Big Vic|Victreebel, L50, M|100/100\n|switch|p1a: Alakazam|Alakazam-Mega, L50, M, shiny|53/100\n|-ability|p1a: Alakazam|Chlorophyll|Trace|[from] ability: Trace|[of] p2a: Big Vic\n|\n|upkeep\n|turn|3\n|\n|t:|1776376588\n|detailschange|p2a: Big Vic|Victreebel-Mega, L50, M\n|-mega|p2a: Big Vic|Victreebel|Victreebelite\n|move|p2a: Big Vic|Sucker Punch||[still]\n|-fail|p2a: Big Vic\n|move|p1a: Alakazam|Nasty Plot|p1a: Alakazam\n|-boost|p1a: Alakazam|spa|2\n|\n|upkeep\n|turn|4\n|\n|t:|1776376596\n|move|p1a: Alakazam|Encore|p2a: Big Vic\n|-start|p2a: Big Vic|Encore\n|move|p2a: Big Vic|Sucker Punch||[still]\n|-fail|p2a: Big Vic\n|\n|upkeep\n|turn|5\n|\n|t:|1776376602\n|move|p2a: Big Vic|Sucker Punch||[still]\n|-fail|p2a: Big Vic\n|move|p1a: Alakazam|Nasty Plot|p1a: Alakazam\n|-boost|p1a: Alakazam|spa|2\n|\n|upkeep\n|turn|6\n|\n|t:|1776376606\n|move|p2a: Big Vic|Sucker Punch||[still]\n|-fail|p2a: Big Vic\n|move|p1a: Alakazam|Nasty Plot|p1a: Alakazam\n|-boost|p1a: Alakazam|spa|2\n|\n|-end|p2a: Big Vic|Encore\n|upkeep\n|turn|7\n|\n|t:|1776376611\n|move|p1a: Alakazam|Encore|p2a: Big Vic\n|-start|p2a: Big Vic|Encore\n|move|p2a: Big Vic|Sucker Punch||[still]\n|-fail|p2a: Big Vic\n|\n|upkeep\n|turn|8\n|\n|t:|1776376615\n|move|p2a: Big Vic|Sucker Punch||[still]\n|-fail|p2a: Big Vic\n|move|p1a: Alakazam|Nasty Plot|p1a: Alakazam\n|-boost|p1a: Alakazam|spa|0\n|\n|upkeep\n|turn|9\n|\n|t:|1776376620\n|move|p2a: Big Vic|Sucker Punch||[still]\n|-fail|p2a: Big Vic\n|move|p1a: Alakazam|Nasty Plot|p1a: Alakazam\n|-boost|p1a: Alakazam|spa|0\n|\n|-end|p2a: Big Vic|Encore\n|upkeep\n|turn|10\n|\n|t:|1776376628\n|move|p1a: Alakazam|Encore|p2a: Big Vic\n|-start|p2a: Big Vic|Encore\n|move|p2a: Big Vic|Sucker Punch||[still]\n|-fail|p2a: Big Vic\n|\n|-end|p2a: Big Vic|Encore\n|upkeep\n|turn|11\n|\n|t:|1776376633\n|move|p1a: Alakazam|Focus Blast|p2a: Big Vic|[miss]\n|-miss|p1a: Alakazam|p2a: Big Vic\n|move|p2a: Big Vic|Power Whip|p1a: Alakazam\n|-damage|p1a: Alakazam|0 fnt\n|faint|p1a: Alakazam\n|\n|upkeep\n|\n|t:|1776376635\n|switch|p1a: Roserade|Roserade, L50, M|100/100\n|turn|12\n|\n|t:|1776376644\n|move|p1a: Roserade|Sludge Bomb|p2a: Big Vic\n|-damage|p2a: Big Vic|57/100\n|move|p2a: Big Vic|Swords Dance|p2a: Big Vic\n|-boost|p2a: Big Vic|atk|2\n|\n|upkeep\n|turn|13\n|\n|t:|1776376650\n|move|p1a: Roserade|Sludge Bomb|p2a: Big Vic\n|-damage|p2a: Big Vic|14/100\n|move|p2a: Big Vic|Strength Sap|p1a: Roserade\n|-unboost|p1a: Roserade|atk|1\n|-heal|p2a: Big Vic|58/100\n|\n|upkeep\n|turn|14\n|\n|t:|1776376659\n|move|p1a: Roserade|Sludge Bomb|p2a: Big Vic\n|-damage|p2a: Big Vic|19/100\n|move|p2a: Big Vic|Power Whip|p1a: Roserade\n|-resisted|p1a: Roserade|2\n|-damage|p1a: Roserade|51/100\n|\n|-heal|p1a: Roserade|57/100|[from] item: Leftovers\n|upkeep\n|turn|15\n|\n|t:|1776376670\n|switch|p2a: Aegislash|Aegislash, L50, M|100/100\n|move|p1a: Roserade|Protect||[still]\n|-fail|p1a: Roserade\n|\n|-heal|p1a: Roserade|63/100|[from] item: Leftovers\n|upkeep\n|turn|16\n|\n|t:|1776376679\n|move|p1a: Roserade|Protect|p1a: Roserade\n|-singleturn|p1a: Roserade|Protect\n|-formechange|p2a: Aegislash|Aegislash-Blade|\n|move|p2a: Aegislash|Poltergeist|p1a: Roserade\n|-activate|p1a: Roserade|move: Protect\n|\n|-heal|p1a: Roserade|69/100|[from] item: Leftovers\n|upkeep\n|turn|17\n|\n|t:|1776376703\n|move|p2a: Aegislash|Poltergeist|p1a: Roserade\n|-activate|p1a: Roserade|move: Poltergeist|Leftovers\n|-damage|p1a: Roserade|0 fnt\n|faint|p1a: Roserade\n|\n|upkeep\n|\n|t:|1776376704\n|switch|p1a: Kingambit|Kingambit, L50, M|100/100\n|-activate|p1a: Kingambit|ability: Supreme Overlord\n|-start|p1a: Kingambit|fallen2|[silent]\n|turn|18\n|\n|t:|1776376710\n|move|p2a: Aegislash|Close Combat|p1a: Kingambit\n|-supereffective|p1a: Kingambit|2\n|-damage|p1a: Kingambit|0 fnt\n|-unboost|p2a: Aegislash|def|1\n|-unboost|p2a: Aegislash|spd|1\n|faint|p1a: Kingambit\n|-end|p1a: Kingambit|fallen2|[silent]\n|\n|win|bzukanarf\n|raw|drafeon's rating: 1143 &rarr; <strong>1125</strong><br />(-18 for losing)\n|raw|bzukanarf's rating: 1250 &rarr; <strong>1268</strong><br />(+18 for winning)\n|l|\u2606drafeon\n|player|p1|\n",
  "uploadtime": 1776376725,
  "views": 17,
  "formatid": "gen9championsbssregma",
  "rating": 1125,
  "private": 0,
  "password": null
}