{
  "id": "gen9championsbssregma-2585193882",
  "format": "[Gen 9 Champions] BSS Reg M-A",
  "players": [
    "longdan",
    "Auraguardian6"
  ],
  "log": "|j|\u2606longdan\n|j|\u2606Auraguardian6\n|t:|1776323416\n|gametype|singles\n|player|p1|longdan|alder|1176\n|player|p2|Auraguardian6|101|1189\n|gen|9\n|tier|[Gen 9 Champions] BSS Reg M-A\n|rated|\n|rule|Species Clause: Limit one of each Pok\u00e9mon\n|rule|Item Clause: Limit 1 of each item\n|clearpoke\n|poke|p1|Umbreon, L50, M|\n|poke|p1|Charizard, L50, M|\n|poke|p1|Venusaur, L50, F|\n|poke|p1|Basculegion, L50, M|\n|poke|p1|Garchomp, L50, F|\n|poke|p1|Corviknight, L50, F|\n|poke|p2|Greninja-*, L50, F|\n|poke|p2|Clefable, L50, M|\n|poke|p2|Garchomp, L50, M|\n|poke|p2|Meowscarada, L50, F|\n|poke|p2|Corviknight, L50, M|\n|poke|p2|Espathra, L50, F|\n|teampreview|3\n|inactive|Battle timer is ON: inactive players will automatically lose when time's up. (requested by longdan)\n|j| The Educated Fool\n|\n|t:|1776323451\n|teamsize|p1|3\n|teamsize|p2|3\n|start\n|switch|p1a: Legion|Basculegion, L50, M|100/100\n|switch|p2a: Clefable|Clefable, L50, M, shiny|100/100\n|turn|1\n|inactive|Auraguardian6 has 30 seconds left.\n|\n|t:|1776323485\n|switch|p2a: Espathra|Espathra, L50, F|100/100\n|move|p1a: Legion|Flip Turn|p2a: Espathra\n|-damage|p2a: Espathra|70/100\n|\n|t:|1776323492\n|switch|p1a: Seraph|Charizard, L50, M|100/100|[from] Flip Turn\n|\n|-heal|p2a: Espathra|76/100|[from] item: Leftovers\n|upkeep\n|turn|2\n|\n|t:|1776323502\n|detailschange|p1a: Seraph|Charizard-Mega-Y, L50, M\n|-mega|p1a: Seraph|Charizard|Charizardite Y\n|-weather|SunnyDay|[from] ability: Drought|[of] p1a: Seraph\n|move|p1a: Seraph|Overheat|p2a: Espathra\n|-damage|p2a: Espathra|0 fnt\n|-unboost|p1a: Seraph|spa|2\n|faint|p2a: Espathra\n|\n|-weather|SunnyDay|[upkeep]\n|upkeep\n|\n|t:|1776323510\n|switch|p2a: Clefable|Clefable, L50, M, shiny|100/100\n|turn|3\n|\n|t:|1776323515\n|switch|p1a: Sonam|Corviknight, L50, F|100/100\n|-ability|p1a: Sonam|Pressure\n|move|p2a: Clefable|Calm Mind|p2a: Clefable\n|-boost|p2a: Clefable|spa|1\n|-boost|p2a: Clefable|spd|1\n|\n|-weather|SunnyDay|[upkeep]\n|upkeep\n|turn|4\n|\n|t:|1776323536\n|detailschange|p2a: Clefable|Clefable-Mega, L50, M, shiny\n|-mega|p2a: Clefable|Clefable|Clefablite\n|move|p1a: Sonam|Brave Bird|p2a: Clefable\n|-damage|p2a: Clefable|69/100\n|-damage|p1a: Sonam|90/100|[from] Recoil\n|move|p2a: Clefable|Calm Mind|p2a: Clefable\n|-boost|p2a: Clefable|spa|1\n|-boost|p2a: Clefable|spd|1\n|\n|-weather|SunnyDay|[upkeep]\n|upkeep\n|turn|5\n|\n|t:|1776323546\n|move|p1a: Sonam|Brave Bird|p2a: Clefable\n|-damage|p2a: Clefable|40/100\n|-damage|p1a: Sonam|80/100|[from] Recoil\n|move|p2a: Clefable|Moonlight|p2a: Clefable\n|-heal|p2a: Clefable|100/100\n|\n|-weather|SunnyDay|[upkeep]\n|upkeep\n|turn|6\n|inactive|Auraguardian6 has 30 seconds left.\n|\n|t:|1776323576\n|move|p1a: Sonam|Brave Bird|p2a: Clefable\n|-damage|p2a: Clefable|72/100\n|-damage|p1a: Sonam|71/100|[from] Recoil\n|move|p2a: Clefable|Flamethrower|p1a: Sonam\n|-supereffective|p1a: Sonam|1\n|-damage|p1a: Sonam|0 fnt\n|faint|p1a: Sonam\n|\n|-weather|none\n|upkeep\n|\n|t:|1776323584\n|switch|p1a: Legion|Basculegion, L50, M|100/100\n|turn|7\n|\n|t:|1776323593\n|move|p1a: Legion|Last Respects|p2a: Clefable\n|-damage|p2a: Clefable|30/100\n|move|p2a: Clefable|Moonblast|p1a: Legion\n|-damage|p1a: Legion|0 fnt\n|faint|p1a: Legion\n|\n|upkeep\n|\n|t:|1776323598\n|switch|p1a: Seraph|Charizard-Mega-Y, L50, M|100/100\n|-weather|SunnyDay|[from] ability: Drought|[of] p1a: Seraph\n|turn|8\n|\n|t:|1776323603\n|move|p1a: Seraph|Overheat|p2a: Clefable\n|-damage|p2a: Clefable|0 fnt\n|-unboost|p1a: Seraph|spa|2\n|faint|p2a: Clefable\n|\n|-weather|SunnyDay|[upkeep]\n|upkeep\n|\n|t:|1776323610\n|switch|p2a: Meowscarada|Meowscarada, L50, F, shiny|100/100\n|turn|9\n|\n|t:|1776323615\n|move|p2a: Meowscarada|Knock Off|p1a: Seraph\n|-start|p2a: Meowscarada|typechange|Dark|[from] ability: Protean\n|-damage|p1a: Seraph|64/100\n|move|p1a: Seraph|Air Slash|p2a: Meowscarada\n|-damage|p2a: Meowscarada|63/100\n|\n|-weather|SunnyDay|[upkeep]\n|upkeep\n|turn|10\n|\n|t:|1776323623\n|move|p2a: Meowscarada|Knock Off|p1a: Seraph\n|-damage|p1a: Seraph|31/100\n|move|p1a: Seraph|Overheat|p2a: Meowscarada\n|-damage|p2a: Meowscarada|0 fnt\n|-unboost|p1a: Seraph|spa|2\n|faint|p2a: Meowscarada\n|\n|win|longdan\n|raw|longdan's rating: 1176 &rarr; <strong>1202</strong><br />(+26 for winning)\n|raw|Auraguardian6's rating: 1189 &rarr; <strong>1163</strong><br />(-26 for losing)\n|l|\u2606longdan\n|player|p1|\n|l|\u2606Auraguardian6\n|player|p2|\n",
  "uploadtime": 1776325458,
  "views": 6,
  "formatid": "gen9championsbssregma",
  "rating": 1163,
  "private": 0,
  "password": null
}