{
  "id": "gen9championsbssregma-2586938232",
  "format": "[Gen 9 Champions] BSS Reg M-A",
  "players": [
    "hijanu",
    "Sr Corbetta"
  ],
  "log": "|j|\u2606hijanu\n|j|\u2606Sr Corbetta\n|t:|1776473646\n|gametype|singles\n|player|p1|hijanu|hilbert-wonderlauncher|1032\n|player|p2|Sr Corbetta|veteran|1048\n|gen|9\n|tier|[Gen 9 Champions] BSS Reg M-A\n|rated|\n|rule|Species Clause: Limit one of each Pok\u00e9mon\n|rule|Item Clause: Limit 1 of each item\n|clearpoke\n|poke|p1|Corviknight, L50, M|\n|poke|p1|Furfrou, L50, M|\n|poke|p1|Ceruledge, L50, F|\n|poke|p1|Hawlucha, L50, M|\n|poke|p1|Rotom-Wash, L50|\n|poke|p1|Torterra, L50, M|\n|poke|p2|Delphox, L50, F|\n|poke|p2|Primarina, L50, F|\n|poke|p2|Sneasler, L50, M|\n|poke|p2|Mamoswine, L50, M|\n|poke|p2|Dragonite, L50, M|\n|poke|p2|Jolteon, L50, M|\n|teampreview|3\n|\n|t:|1776473668\n|teamsize|p1|3\n|teamsize|p2|3\n|start\n|switch|p1a: Rotom|Rotom-Wash, L50|100/100\n|switch|p2a: Mamoswine|Mamoswine, L50, M|100/100\n|turn|1\n|\n|t:|1776473681\n|move|p1a: Rotom|Hydro Pump|p2a: Mamoswine|[miss]\n|-miss|p1a: Rotom|p2a: Mamoswine\n|move|p2a: Mamoswine|Stealth Rock|p1a: Rotom\n|-sidestart|p1: hijanu|move: Stealth Rock\n|\n|upkeep\n|turn|2\n|\n|t:|1776473688\n|switch|p2a: Dragonite|Dragonite, L50, M|100/100\n|move|p1a: Rotom|Hydro Pump|p2a: Dragonite\n|-resisted|p2a: Dragonite|1\n|-damage|p2a: Dragonite|87/100\n|\n|upkeep\n|turn|3\n|\n|t:|1776473700\n|switch|p1a: Furfrou|Furfrou, L50, M|100/100\n|-damage|p1a: Furfrou|88/100|[from] Stealth Rock\n|move|p2a: Dragonite|Dragon Dance|p2a: Dragonite\n|-boost|p2a: Dragonite|atk|1\n|-boost|p2a: Dragonite|spe|1\n|\n|-heal|p1a: Furfrou|94/100|[from] item: Leftovers\n|upkeep\n|turn|4\n|inactive|Battle timer is ON: inactive players will automatically lose when time's up. (requested by Sr Corbetta)\n|\n|t:|1776473719\n|move|p2a: Dragonite|Dragon Claw|p1a: Furfrou\n|-damage|p1a: Furfrou|40/100\n|move|p1a: Furfrou|Cotton Guard|p1a: Furfrou\n|-boost|p1a: Furfrou|def|3\n|\n|-heal|p1a: Furfrou|46/100|[from] item: Leftovers\n|upkeep\n|turn|5\n|\n|t:|1776473727\n|move|p2a: Dragonite|Dragon Claw|p1a: Furfrou\n|-damage|p1a: Furfrou|26/100\n|move|p1a: Furfrou|Ice Fang|p2a: Dragonite\n|-supereffective|p2a: Dragonite|2\n|-damage|p2a: Dragonite|7/100\n|\n|-heal|p1a: Furfrou|32/100|[from] item: Leftovers\n|upkeep\n|turn|6\n|\n|t:|1776473737\n|move|p1a: Furfrou|Sucker Punch|p2a: Dragonite\n|-damage|p2a: Dragonite|0 fnt\n|faint|p2a: Dragonite\n|\n|-heal|p1a: Furfrou|38/100|[from] item: Leftovers\n|upkeep\n|\n|t:|1776473742\n|switch|p2a: Delphox|Delphox, L50, F|100/100\n|turn|7\n|\n|t:|1776473750\n|detailschange|p2a: Delphox|Delphox-Mega, L50, F\n|-mega|p2a: Delphox|Delphox|Delphoxite\n|move|p2a: Delphox|Calm Mind|p2a: Delphox\n|-boost|p2a: Delphox|spa|1\n|-boost|p2a: Delphox|spd|1\n|move|p1a: Furfrou|Thunder Wave|p2a: Delphox\n|-status|p2a: Delphox|par\n|\n|-heal|p1a: Furfrou|44/100|[from] item: Leftovers\n|upkeep\n|turn|8\n|\n|t:|1776473772\n|move|p1a: Furfrou|Sucker Punch|p2a: Delphox\n|-supereffective|p2a: Delphox|1\n|-damage|p2a: Delphox|47/100 par\n|move|p2a: Delphox|Fire Blast|p1a: Furfrou|[miss]\n|-miss|p2a: Delphox|p1a: Furfrou\n|\n|-heal|p1a: Furfrou|50/100|[from] item: Leftovers\n|upkeep\n|turn|9\n|-message|Sr Corbetta forfeited.\n|\n|win|hijanu\n|raw|hijanu's rating: 1032 &rarr; <strong>1069</strong><br />(+37 for winning)\n|raw|Sr Corbetta's rating: 1048 &rarr; <strong>1030</strong><br />(-18 for losing)\n|l|\u2606Sr Corbetta\n|player|p2|\n",
  "uploadtime": 1776473786,
  "views": 8,
  "formatid": "gen9championsbssregma",
  "rating": 1030,
  "private": 0,
  "password": null
}