{
  "id": "gen9championsbssregma-2586961819",
  "format": "[Gen 9 Champions] BSS Reg M-A",
  "players": [
    "zozotown",
    "ninano200"
  ],
  "log": "|j|\u203dzozotown\n|j|\u2606ninano200\n|t:|1776475981\n|gametype|singles\n|player|p1|zozotown|265|1329\n|player|p2|ninano200|2|1362\n|gen|9\n|tier|[Gen 9 Champions] BSS Reg M-A\n|rated|\n|rule|Species Clause: Limit one of each Pok\u00e9mon\n|rule|Item Clause: Limit 1 of each item\n|clearpoke\n|poke|p1|Glimmora, L50, M|\n|poke|p1|Kingambit, L50, M|\n|poke|p1|Froslass, L50, F|\n|poke|p1|Azumarill, L50, F|\n|poke|p1|Dragonite, L50, F|\n|poke|p1|Delphox, L50, M|\n|poke|p2|Charizard, L50, F|\n|poke|p2|Hippowdon, L50, M|\n|poke|p2|Greninja-*, L50, M|\n|poke|p2|Mimikyu, L50, F|\n|poke|p2|Corviknight, L50, M|\n|poke|p2|Lucario, L50, F|\n|teampreview|3\n|inactive|Battle timer is ON: inactive players will automatically lose when time's up. (requested by ninano200)\n|inactive|zozotown also wants the timer to be on.\n|\n|t:|1776475995\n|teamsize|p1|3\n|teamsize|p2|3\n|start\n|switch|p1a: Glimmora|Glimmora, L50, M|100/100\n|switch|p2a: Greninja|Greninja, L50, M|100/100\n|turn|1\n|inactive|zozotown has 30 seconds left.\n|\n|t:|1776476021\n|move|p2a: Greninja|Surf|p1a: Glimmora\n|-supereffective|p1a: Glimmora|1\n|-enditem|p1a: Glimmora|Focus Sash\n|-damage|p1a: Glimmora|1/100\n|move|p1a: Glimmora|Mud Shot|p2a: Greninja\n|-damage|p2a: Greninja|72/100\n|-unboost|p2a: Greninja|spe|1\n|\n|upkeep\n|turn|2\n|j| p74\n|\n|t:|1776476031\n|move|p2a: Greninja|Water Shuriken|p1a: Glimmora\n|-supereffective|p1a: Glimmora|1\n|-damage|p1a: Glimmora|0 fnt\n|faint|p1a: Glimmora\n|-hitcount|p1: Glimmora|1\n|\n|upkeep\n|\n|t:|1776476037\n|switch|p1a: Delphox|Delphox, L50, M|100/100\n|turn|3\n|\n|t:|1776476043\n|detailschange|p1a: Delphox|Delphox-Mega, L50, M\n|-mega|p1a: Delphox|Delphox|Delphoxite\n|move|p2a: Greninja|Water Shuriken|p1a: Delphox\n|-supereffective|p1a: Delphox|1\n|-damage|p1a: Delphox|87/100\n|-supereffective|p1a: Delphox|1\n|-damage|p1a: Delphox|74/100\n|-supereffective|p1a: Delphox|1\n|-crit|p1a: Delphox\n|-damage|p1a: Delphox|53/100\n|-supereffective|p1a: Delphox|1\n|-damage|p1a: Delphox|40/100\n|-hitcount|p1a: Delphox|4\n|move|p1a: Delphox|Encore|p2a: Greninja\n|-start|p2a: Greninja|Encore\n|\n|upkeep\n|turn|4\n|\n|t:|1776476051\n|move|p2a: Greninja|Water Shuriken|p1a: Delphox\n|-supereffective|p1a: Delphox|1\n|-damage|p1a: Delphox|26/100\n|-supereffective|p1a: Delphox|1\n|-damage|p1a: Delphox|13/100\n|-hitcount|p1a: Delphox|2\n|move|p1a: Delphox|Flamethrower|p2a: Greninja\n|-resisted|p2a: Greninja|1\n|-damage|p2a: Greninja|30/100\n|\n|upkeep\n|turn|5\n|\n|t:|1776476054\n|move|p2a: Greninja|Water Shuriken|p1a: Delphox\n|-supereffective|p1a: Delphox|1\n|-damage|p1a: Delphox|0 fnt\n|faint|p1a: Delphox\n|-hitcount|p1: Delphox|1\n|\n|upkeep\n|\n|t:|1776476056\n|switch|p1a: Kingambit|Kingambit, L50, M|100/100\n|-activate|p1a: Kingambit|ability: Supreme Overlord\n|-start|p1a: Kingambit|fallen2|[silent]\n|turn|6\n|\n|t:|1776476058\n|move|p2a: Greninja|Water Shuriken|p1a: Kingambit\n|-damage|p1a: Kingambit|90/100\n|-damage|p1a: Kingambit|79/100\n|-damage|p1a: Kingambit|67/100\n|-damage|p1a: Kingambit|56/100\n|-hitcount|p1a: Kingambit|4\n|move|p1a: Kingambit|Swords Dance|p1a: Kingambit\n|-boost|p1a: Kingambit|atk|2\n|\n|-end|p2a: Greninja|Encore\n|upkeep\n|turn|7\n|\n|t:|1776476063\n|move|p2a: Greninja|Water Shuriken|p1a: Kingambit\n|-crit|p1a: Kingambit\n|-damage|p1a: Kingambit|39/100\n|-damage|p1a: Kingambit|28/100\n|-damage|p1a: Kingambit|16/100\n|-hitcount|p1a: Kingambit|3\n|move|p1a: Kingambit|Sucker Punch||[still]\n|-fail|p1a: Kingambit\n|\n|upkeep\n|turn|8\n|\n|t:|1776476067\n|move|p2a: Greninja|Water Shuriken|p1a: Kingambit\n|-damage|p1a: Kingambit|5/100\n|-damage|p1a: Kingambit|0 fnt\n|faint|p1a: Kingambit\n|-end|p1a: Kingambit|fallen2|[silent]\n|-hitcount|p1: Kingambit|2\n|\n|win|ninano200\n|raw|zozotown's rating: 1329 &rarr; <strong>1311</strong><br />(-18 for losing)\n|raw|ninano200's rating: 1362 &rarr; <strong>1380</strong><br />(+18 for winning)\n|l|\u203dzozotown\n|player|p1|\n|l|\u2606ninano200\n|player|p2|\n",
  "uploadtime": 1776476232,
  "views": 7,
  "formatid": "gen9championsbssregma",
  "rating": 1311,
  "private": 0,
  "password": null
}