{
  "id": "gen9championsbssregma-2586845030",
  "format": "[Gen 9 Champions] BSS Reg M-A",
  "players": [
    "lionyx98",
    "dasfdasfdas21"
  ],
  "log": "|j|\u2606lionyx98\n|j|\u2606dasfdasfdas21\n|t:|1776464752\n|gametype|singles\n|player|p1|lionyx98|norman-gen3|1174\n|player|p2|dasfdasfdas21|lance|1074\n|gen|9\n|tier|[Gen 9 Champions] BSS Reg M-A\n|rated|\n|rule|Species Clause: Limit one of each Pok\u00e9mon\n|rule|Item Clause: Limit 1 of each item\n|clearpoke\n|poke|p1|Feraligatr, L50, M|\n|poke|p1|Victreebel, L50, M|\n|poke|p1|Toxapex, L50, M|\n|poke|p1|Aggron, L50, M|\n|poke|p1|Rotom-Heat, L50|\n|poke|p1|Garchomp, L50, M|\n|poke|p2|Hippowdon, L50, F|\n|poke|p2|Charizard, L50, F|\n|poke|p2|Hydreigon, L50, M|\n|poke|p2|Aegislash, L50, F|\n|poke|p2|Greninja-*, L50, M|\n|poke|p2|Floette-Eternal, L50, F|\n|teampreview|3\n|inactive|Battle timer is ON: inactive players will automatically lose when time's up. (requested by lionyx98)\n|\n|t:|1776464779\n|teamsize|p1|3\n|teamsize|p2|3\n|start\n|switch|p1a: Feraligatr|Feraligatr, L50, M, shiny|100/100\n|switch|p2a: Greninja|Greninja, L50, M, shiny|100/100\n|turn|1\n|inactive|dasfdasfdas21 has 30 seconds left.\n|inactive|dasfdasfdas21 has 20 seconds left.\n|inactive|dasfdasfdas21 has 15 seconds left.\n|\n|t:|1776464824\n|detailschange|p1a: Feraligatr|Feraligatr-Mega, L50, M, shiny\n|-mega|p1a: Feraligatr|Feraligatr|Feraligite\n|move|p2a: Greninja|Sludge Wave|p1a: Feraligatr\n|-start|p2a: Greninja|typechange|Poison|[from] ability: Protean\n|-damage|p1a: Feraligatr|45/100\n|move|p1a: Feraligatr|Dragon Dance|p1a: Feraligatr\n|-boost|p1a: Feraligatr|atk|1\n|-boost|p1a: Feraligatr|spe|1\n|\n|upkeep\n|turn|2\n|\n|t:|1776464835\n|move|p1a: Feraligatr|Liquidation|p2a: Greninja\n|-enditem|p2a: Greninja|Focus Sash\n|-damage|p2a: Greninja|1/100\n|move|p2a: Greninja|Sludge Wave|p1a: Feraligatr\n|-crit|p1a: Feraligatr\n|-damage|p1a: Feraligatr|0 fnt\n|faint|p1a: Feraligatr\n|\n|upkeep\n|\n|t:|1776464842\n|switch|p1a: Toxapex|Toxapex, L50, M|100/100\n|turn|3\n|\n|t:|1776464854\n|move|p2a: Greninja|Surf|p1a: Toxapex\n|-resisted|p1a: Toxapex|1\n|-damage|p1a: Toxapex|89/100\n|move|p1a: Toxapex|Liquidation|p2a: Greninja\n|-damage|p2a: Greninja|0 fnt\n|faint|p2a: Greninja\n|\n|-heal|p1a: Toxapex|95/100|[from] item: Leftovers\n|upkeep\n|\n|t:|1776464856\n|switch|p2a: Hippowdon|Hippowdon, L50, F|100/100\n|-weather|Sandstorm|[from] ability: Sand Stream|[of] p2a: Hippowdon\n|turn|4\n|\n|t:|1776464863\n|move|p2a: Hippowdon|Stealth Rock|p1a: Toxapex\n|-sidestart|p1: lionyx98|move: Stealth Rock\n|move|p1a: Toxapex|Toxic|p2a: Hippowdon\n|-status|p2a: Hippowdon|tox\n|\n|-weather|Sandstorm|[upkeep]\n|-damage|p1a: Toxapex|89/100|[from] Sandstorm\n|-heal|p1a: Toxapex|95/100|[from] item: Leftovers\n|-damage|p2a: Hippowdon|94/100 tox|[from] psn\n|upkeep\n|turn|5\n|\n|t:|1776464870\n|move|p2a: Hippowdon|Yawn|p1a: Toxapex\n|-start|p1a: Toxapex|move: Yawn|[of] p2a: Hippowdon\n|move|p1a: Toxapex|Liquidation|p2a: Hippowdon\n|-supereffective|p2a: Hippowdon|1\n|-damage|p2a: Hippowdon|71/100 tox\n|\n|-weather|Sandstorm|[upkeep]\n|-damage|p1a: Toxapex|89/100|[from] Sandstorm\n|-heal|p2a: Hippowdon|77/100 tox|[from] item: Leftovers\n|-heal|p1a: Toxapex|95/100|[from] item: Leftovers\n|-damage|p2a: Hippowdon|65/100 tox|[from] psn\n|upkeep\n|turn|6\n|\n|t:|1776464877\n|switch|p1a: Garchomp|Garchomp, L50, M|100/100\n|-damage|p1a: Garchomp|95/100|[from] Stealth Rock\n|move|p2a: Hippowdon|Yawn|p1a: Garchomp\n|-start|p1a: Garchomp|move: Yawn|[of] p2a: Hippowdon\n|\n|-weather|Sandstorm|[upkeep]\n|-heal|p2a: Hippowdon|71/100 tox|[from] item: Leftovers\n|-damage|p2a: Hippowdon|53/100 tox|[from] psn\n|upkeep\n|turn|7\n|\n|t:|1776464883\n|switch|p1a: Toxapex|Toxapex, L50, M|100/100\n|-damage|p1a: Toxapex|88/100|[from] Stealth Rock\n|move|p2a: Hippowdon|Earthquake|p1a: Toxapex\n|-supereffective|p1a: Toxapex|1\n|-crit|p1a: Toxapex\n|-damage|p1a: Toxapex|16/100\n|\n|-weather|Sandstorm|[upkeep]\n|-damage|p1a: Toxapex|10/100|[from] Sandstorm\n|-heal|p2a: Hippowdon|59/100 tox|[from] item: Leftovers\n|-heal|p1a: Toxapex|16/100|[from] item: Leftovers\n|-damage|p2a: Hippowdon|35/100 tox|[from] psn\n|upkeep\n|turn|8\n|\n|t:|1776464890\n|move|p2a: Hippowdon|Earthquake|p1a: Toxapex\n|-supereffective|p1a: Toxapex|1\n|-damage|p1a: Toxapex|0 fnt\n|faint|p1a: Toxapex\n|\n|-weather|none\n|-heal|p2a: Hippowdon|41/100 tox|[from] item: Leftovers\n|-damage|p2a: Hippowdon|11/100 tox|[from] psn\n|upkeep\n|\n|t:|1776464893\n|switch|p1a: Garchomp|Garchomp, L50, M|95/100\n|-damage|p1a: Garchomp|89/100|[from] Stealth Rock\n|turn|9\n|\n|t:|1776464896\n|move|p1a: Garchomp|Swords Dance|p1a: Garchomp\n|-boost|p1a: Garchomp|atk|2\n|move|p2a: Hippowdon|Yawn|p1a: Garchomp\n|-start|p1a: Garchomp|move: Yawn|[of] p2a: Hippowdon\n|\n|-heal|p2a: Hippowdon|17/100 tox|[from] item: Leftovers\n|-damage|p2a: Hippowdon|0 fnt|[from] psn\n|faint|p2a: Hippowdon\n|upkeep\n|\n|t:|1776464899\n|switch|p2a: Charizard|Charizard, L50, F|100/100\n|turn|10\n|\n|t:|1776464907\n|detailschange|p2a: Charizard|Charizard-Mega-X, L50, F\n|-mega|p2a: Charizard|Charizard|Charizardite X\n|move|p1a: Garchomp|Outrage|p2a: Charizard\n|-supereffective|p2a: Charizard|1\n|-damage|p2a: Charizard|0 fnt\n|faint|p2a: Charizard\n|\n|win|lionyx98\n|raw|lionyx98's rating: 1174 &rarr; <strong>1192</strong><br />(+18 for winning)\n|raw|dasfdasfdas21's rating: 1074 &rarr; <strong>1059</strong><br />(-15 for losing)\n|l|\u2606dasfdasfdas21\n|player|p2|\n",
  "uploadtime": 1776464913,
  "views": 3,
  "formatid": "gen9championsbssregma",
  "rating": 1059,
  "private": 0,
  "password": null
}