{
  "id": "gen9championsbssregma-2582112811",
  "format": "[Gen 9 Champions] BSS Reg M-A",
  "players": [
    "MiraidonGaming",
    "tklll"
  ],
  "log": "|j|\u2606MiraidonGaming\n|j|\u2606tklll\n|t:|1776059515\n|gametype|singles\n|player|p1|MiraidonGaming|lucas|1112\n|player|p2|tklll|dragontamer|1125\n|gen|9\n|tier|[Gen 9 Champions] BSS Reg M-A\n|rated|\n|rule|Species Clause: Limit one of each Pok\u00e9mon\n|rule|Item Clause: Limit 1 of each item\n|clearpoke\n|poke|p1|Ninetales-Alola, L50, F|\n|poke|p1|Charizard, L50, M|\n|poke|p1|Scizor, L50, M|\n|poke|p1|Sinistcha, L50|\n|poke|p1|Rotom-Wash, L50|\n|poke|p1|Salazzle, L50, F|\n|poke|p2|Glimmora, L50, F|\n|poke|p2|Espathra, L50, F|\n|poke|p2|Umbreon, L50, F|\n|poke|p2|Meganium, L50, M|\n|poke|p2|Dragonite, L50, M|\n|poke|p2|Aegislash, L50, F|\n|teampreview|3\n|\n|t:|1776059555\n|teamsize|p1|3\n|teamsize|p2|3\n|start\n|switch|p1a: Put a brick in|Rotom-Wash, L50|100/100\n|switch|p2a: Glimmora|Glimmora, L50, F|100/100\n|turn|1\n|inactive|Battle timer is ON: inactive players will automatically lose when time's up. (requested by tklll)\n|\n|t:|1776059571\n|move|p1a: Put a brick in|Discharge|p2a: Glimmora\n|-crit|p2a: Glimmora\n|-damage|p2a: Glimmora|26/100\n|-status|p2a: Glimmora|par\n|move|p2a: Glimmora|Stealth Rock|p1a: Put a brick in\n|-sidestart|p1: MiraidonGaming|move: Stealth Rock\n|\n|upkeep\n|turn|2\n|inactive|tklll has 30 seconds left.\n|\n|t:|1776059597\n|switch|p2a: Dragonite|Dragonite, L50, M|100/100\n|move|p1a: Put a brick in|Discharge|p2a: Dragonite\n|-damage|p2a: Dragonite|85/100\n|-status|p2a: Dragonite|par\n|\n|upkeep\n|turn|3\n|\n|t:|1776059606\n|detailschange|p2a: Dragonite|Dragonite-Mega, L50, M\n|-mega|p2a: Dragonite|Dragonite|Dragoninite\n|move|p1a: Put a brick in|Discharge|p2a: Dragonite\n|-damage|p2a: Dragonite|55/100 par\n|move|p2a: Dragonite|Draco Meteor|p1a: Put a brick in|[miss]\n|-miss|p2a: Dragonite|p1a: Put a brick in\n|\n|upkeep\n|turn|4\n|\n|t:|1776059614\n|switch|p1a: Vanity?|Ninetales-Alola, L50, F|100/100\n|-damage|p1a: Vanity?|75/100|[from] Stealth Rock\n|-weather|Snowscape|[from] ability: Snow Warning|[of] p1a: Vanity?\n|move|p2a: Dragonite|Draco Meteor|p1a: Vanity?\n|-immune|p1a: Vanity?\n|\n|-weather|Snowscape|[upkeep]\n|upkeep\n|turn|5\n|j| p74\n|\n|t:|1776059629\n|switch|p2a: Glimmora|Glimmora, L50, F|26/100 par\n|move|p1a: Vanity?|Nasty Plot|p1a: Vanity?\n|-boost|p1a: Vanity?|spa|2\n|\n|-weather|Snowscape|[upkeep]\n|upkeep\n|turn|6\n|\n|t:|1776059636\n|move|p1a: Vanity?|Moonblast|p2a: Glimmora\n|-resisted|p2a: Glimmora|1\n|-damage|p2a: Glimmora|0 fnt\n|faint|p2a: Glimmora\n|\n|-weather|Snowscape|[upkeep]\n|upkeep\n|\n|t:|1776059640\n|switch|p2a: Aegislash|Aegislash, L50, F|100/100\n|turn|7\n|\n|t:|1776059646\n|move|p1a: Vanity?|Aurora Veil|p1a: Vanity?\n|-sidestart|p1: MiraidonGaming|move: Aurora Veil\n|move|p2a: Aegislash|Swords Dance|p2a: Aegislash\n|-boost|p2a: Aegislash|atk|2\n|\n|-weather|Snowscape|[upkeep]\n|upkeep\n|turn|8\n|\n|t:|1776059655\n|move|p1a: Vanity?|Moonblast|p2a: Aegislash\n|-resisted|p2a: Aegislash|1\n|-damage|p2a: Aegislash|71/100\n|move|p2a: Aegislash|Swords Dance|p2a: Aegislash\n|-boost|p2a: Aegislash|atk|2\n|\n|-weather|none\n|upkeep\n|turn|9\n|\n|t:|1776059668\n|move|p1a: Vanity?|Freeze-Dry|p2a: Aegislash\n|-resisted|p2a: Aegislash|1\n|-damage|p2a: Aegislash|48/100\n|-formechange|p2a: Aegislash|Aegislash-Blade|\n|move|p2a: Aegislash|Poltergeist|p1a: Vanity?\n|-activate|p1a: Vanity?|move: Poltergeist|Focus Sash\n|-damage|p1a: Vanity?|0 fnt\n|faint|p1a: Vanity?\n|\n|upkeep\n|\n|t:|1776059676\n|switch|p1a: Put a brick in|Rotom-Wash, L50|100/100\n|-damage|p1a: Put a brick in|88/100|[from] Stealth Rock\n|turn|10\n|\n|t:|1776059683\n|move|p2a: Aegislash|Shadow Sneak|p1a: Put a brick in\n|-damage|p1a: Put a brick in|33/100\n|move|p1a: Put a brick in|Discharge|p2a: Aegislash\n|-damage|p2a: Aegislash|0 fnt\n|faint|p2a: Aegislash\n|\n|upkeep\n|\n|t:|1776059689\n|switch|p2a: Dragonite|Dragonite-Mega, L50, M|55/100 par\n|turn|11\n|\n|t:|1776059693\n|move|p1a: Put a brick in|Discharge|p2a: Dragonite\n|-damage|p2a: Dragonite|26/100 par\n|move|p2a: Dragonite|Draco Meteor|p1a: Put a brick in\n|-crit|p1a: Put a brick in\n|-damage|p1a: Put a brick in|0 fnt\n|-unboost|p2a: Dragonite|spa|2\n|faint|p1a: Put a brick in\n|\n|-sideend|p1: MiraidonGaming|move: Aurora Veil\n|upkeep\n|\n|t:|1776059696\n|switch|p1a: Edward|Scizor, L50, M|100/100\n|-damage|p1a: Edward|88/100|[from] Stealth Rock\n|turn|12\n|\n|t:|1776059708\n|detailschange|p1a: Edward|Scizor-Mega, L50, M\n|-mega|p1a: Edward|Scizor|Scizorite\n|move|p1a: Edward|Bullet Punch|p2a: Dragonite\n|-damage|p2a: Dragonite|0 fnt\n|faint|p2a: Dragonite\n|\n|win|MiraidonGaming\n|raw|MiraidonGaming's rating: 1112 &rarr; <strong>1138</strong><br />(+26 for winning)\n|raw|tklll's rating: 1125 &rarr; <strong>1099</strong><br />(-26 for losing)\n|l|\u2606MiraidonGaming\n|player|p1|\n",
  "uploadtime": 1776059715,
  "views": 3,
  "formatid": "gen9championsbssregma",
  "rating": 1099,
  "private": 0,
  "password": null
}