{
  "id": "gen9championsbssregma-2584398969",
  "format": "[Gen 9 Champions] BSS Reg M-A",
  "players": [
    "EkCantDrawLol",
    "Eivoor"
  ],
  "log": "|j|\u203dEkCantDrawLol\n|j|\u2606Eivoor\n|t:|1776258013\n|gametype|singles\n|player|p1|EkCantDrawLol|skierf|1132\n|player|p2|Eivoor|marlon|1206\n|gen|9\n|tier|[Gen 9 Champions] BSS Reg M-A\n|rated|\n|rule|Species Clause: Limit one of each Pok\u00e9mon\n|rule|Item Clause: Limit 1 of each item\n|clearpoke\n|poke|p1|Garchomp, L50, F|\n|poke|p1|Rotom-Frost, L50|\n|poke|p1|Gengar, L50, M|\n|poke|p1|Lucario, L50, M|\n|poke|p1|Charizard, L50, M|\n|poke|p1|Primarina, L50, M|\n|poke|p2|Lopunny, L50, F|\n|poke|p2|Politoed, L50, M|\n|poke|p2|Archaludon, L50, M|\n|poke|p2|Greninja-*, L50, F|\n|poke|p2|Basculegion, L50, M|\n|poke|p2|Garchomp, L50, F|\n|teampreview|3\n|\n|t:|1776258060\n|teamsize|p1|3\n|teamsize|p2|3\n|start\n|switch|p1a: Primarina|Primarina, L50, M|100/100\n|switch|p2a: Politoed|Politoed, L50, M|100/100\n|-weather|RainDance|[from] ability: Drizzle|[of] p2a: Politoed\n|turn|1\n|-activate|p1a: Primarina|item: Quick Claw\n|\n|t:|1776258066\n|move|p1a: Primarina|Hyper Voice|p2a: Politoed\n|-resisted|p2a: Politoed|1\n|-damage|p2a: Politoed|72/100\n|move|p2a: Politoed|Perish Song|p2a: Politoed\n|-start|p1a: Primarina|perish3|[silent]\n|-start|p2a: Politoed|perish3|[silent]\n|-fieldactivate|move: Perish Song\n|\n|-weather|RainDance|[upkeep]\n|-start|p2a: Politoed|perish3\n|-start|p1a: Primarina|perish3\n|upkeep\n|turn|2\n|\n|t:|1776258105\n|move|p2a: Politoed|Weather Ball|p1a: Primarina\n|-resisted|p1a: Primarina|1\n|-damage|p1a: Primarina|79/100\n|move|p1a: Primarina|Moonblast|p2a: Politoed\n|-damage|p2a: Politoed|25/100\n|-enditem|p2a: Politoed|Sitrus Berry|[eat]\n|-heal|p2a: Politoed|50/100|[from] item: Sitrus Berry\n|\n|-weather|RainDance|[upkeep]\n|-start|p2a: Politoed|perish2\n|-start|p1a: Primarina|perish2\n|upkeep\n|turn|3\n|inactive|Battle timer is ON: inactive players will automatically lose when time's up. (requested by EkCantDrawLol)\n|\n|t:|1776258113\n|switch|p2a: Archaludon|Archaludon, L50, M|100/100\n|move|p1a: Primarina|Moonblast|p2a: Archaludon\n|-damage|p2a: Archaludon|25/100\n|-ability|p2a: Archaludon|Stamina|boost\n|-boost|p2a: Archaludon|def|1\n|\n|-weather|RainDance|[upkeep]\n|-heal|p2a: Archaludon|31/100|[from] item: Leftovers\n|-start|p1a: Primarina|perish1\n|upkeep\n|turn|4\n|\n|t:|1776258120\n|switch|p1a: Garchomp|Garchomp, L50, F|100/100\n|move|p2a: Archaludon|Electro Shot||[still]\n|-prepare|p2a: Archaludon|Electro Shot\n|-boost|p2a: Archaludon|spa|1\n|-anim|p2a: Archaludon|Electro Shot|p1a: Garchomp\n|-immune|p1a: Garchomp\n|\n|-weather|RainDance|[upkeep]\n|-heal|p2a: Archaludon|37/100|[from] item: Leftovers\n|upkeep\n|turn|5\n|inactive|Eivoor has 30 seconds left.\n|inactive|Eivoor has 20 seconds left.\n|inactive|Eivoor has 15 seconds left.\n|inactive|Eivoor has 10 seconds left.\n|inactive|Eivoor has 5 seconds left.\n|\n|t:|1776258173\n|move|p1a: Garchomp|Substitute|p1a: Garchomp\n|-start|p1a: Garchomp|Substitute\n|-damage|p1a: Garchomp|76/100\n|move|p2a: Archaludon|Draco Meteor|p1a: Garchomp\n|-supereffective|p1a: Garchomp|1\n|-end|p1a: Garchomp|Substitute\n|-unboost|p2a: Archaludon|spa|2\n|\n|-weather|none\n|-heal|p2a: Archaludon|43/100|[from] item: Leftovers\n|upkeep\n|turn|6\n|\n|t:|1776258185\n|move|p1a: Garchomp|Earthquake|p2a: Archaludon\n|-supereffective|p2a: Archaludon|1\n|-damage|p2a: Archaludon|0 fnt\n|faint|p2a: Archaludon\n|\n|upkeep\n|\n|t:|1776258188\n|switch|p2a: Lopunny|Lopunny, L50, F|100/100\n|turn|7\n|\n|t:|1776258196\n|detailschange|p2a: Lopunny|Lopunny-Mega, L50, F\n|-mega|p2a: Lopunny|Lopunny|Lopunnite\n|move|p2a: Lopunny|Fake Out|p1a: Garchomp\n|-damage|p1a: Garchomp|51/100\n|-damage|p2a: Lopunny|89/100|[from] ability: Rough Skin|[of] p1a: Garchomp\n|cant|p1a: Garchomp|flinch\n|\n|upkeep\n|turn|8\n|inactive|Eivoor has 30 seconds left.\n|inactive|Eivoor has 20 seconds left.\n|inactive|Eivoor has 15 seconds left.\n|inactive|Eivoor has 10 seconds left.\n|inactive|Eivoor has 5 seconds left.\n|\n|t:|1776258252\n|move|p2a: Lopunny|Fake Out||[still]\n|-hint|Fake Out only works on your first turn out.\n|-fail|p2a: Lopunny\n|move|p1a: Garchomp|Earthquake|p2a: Lopunny\n|-damage|p2a: Lopunny|21/100\n|\n|upkeep\n|turn|9\n|\n|t:|1776258274\n|move|p2a: Lopunny|Triple Axel|p1a: Garchomp\n|-supereffective|p1a: Garchomp|2\n|-damage|p1a: Garchomp|16/100\n|-damage|p2a: Lopunny|9/100|[from] ability: Rough Skin|[of] p1a: Garchomp\n|-supereffective|p1a: Garchomp|2\n|-damage|p1a: Garchomp|0 fnt\n|-damage|p2a: Lopunny|0 fnt|[from] ability: Rough Skin|[of] p1a: Garchomp\n|faint|p1a: Garchomp\n|faint|p2a: Lopunny\n|-hitcount|p1: Garchomp|2\n|\n|upkeep\n|-message|Eivoor forfeited.\n|\n|win|EkCantDrawLol\n|raw|EkCantDrawLol's rating: 1132 &rarr; <strong>1162</strong><br />(+30 for winning)\n|raw|Eivoor's rating: 1206 &rarr; <strong>1176</strong><br />(-30 for losing)\n|l|\u2606Eivoor\n|player|p2|\n",
  "uploadtime": 1776258282,
  "views": 2,
  "formatid": "gen9championsbssregma",
  "rating": 1162,
  "private": 0,
  "password": null
}