{
  "id": "gen9championsbssregma-2583158253",
  "format": "[Gen 9 Champions] BSS Reg M-A",
  "players": [
    "bsantoso",
    "Hinya"
  ],
  "log": "|j|\u2606bsantoso\n|j|\u2606Hinya\n|t:|1776149103\n|gametype|singles\n|player|p1|bsantoso|miku-fairy|1158\n|player|p2|Hinya|arezu|1263\n|gen|9\n|tier|[Gen 9 Champions] BSS Reg M-A\n|rated|\n|rule|Species Clause: Limit one of each Pok\u00e9mon\n|rule|Item Clause: Limit 1 of each item\n|clearpoke\n|poke|p1|Sneasler, L50, M|\n|poke|p1|Hydreigon, L50, M|\n|poke|p1|Meowscarada, L50, M|\n|poke|p1|Lopunny, L50, M|\n|poke|p1|Rotom-Wash, L50|\n|poke|p1|Garchomp, L50, F|\n|poke|p2|Garchomp, L50, M|\n|poke|p2|Sylveon, L50, M|\n|poke|p2|Blastoise, L50, M|\n|poke|p2|Banette, L50, M|\n|poke|p2|Meowscarada, L50, M|\n|poke|p2|Mimikyu, L50, M|\n|teampreview|3\n|j| Clintonk\n|inactive|Battle timer is ON: inactive players will automatically lose when time's up. (requested by Hinya)\n|j| Drake9999\n|inactive|bsantoso has 60 seconds left.\n|inactive|bsantoso has 30 seconds left.\n|\n|t:|1776149175\n|teamsize|p1|3\n|teamsize|p2|3\n|start\n|switch|p1a: Sneasler|Sneasler, L50, M|100/100\n|switch|p2a: \ud55c\uce74\ub9ac\uc544\uc2a4|Garchomp, L50, M|100/100\n|turn|1\n|inactive|Hinya has 30 seconds left.\n|\n|t:|1776149206\n|switch|p1a: Rotom|Rotom-Wash, L50|100/100\n|move|p2a: \ud55c\uce74\ub9ac\uc544\uc2a4|Scale Shot|p1a: Rotom\n|-damage|p1a: Rotom|82/100\n|-damage|p1a: Rotom|64/100\n|-damage|p1a: Rotom|45/100\n|-damage|p1a: Rotom|29/100\n|-hitcount|p1a: Rotom|4\n|-unboost|p2a: \ud55c\uce74\ub9ac\uc544\uc2a4|def|1\n|-boost|p2a: \ud55c\uce74\ub9ac\uc544\uc2a4|spe|1\n|\n|upkeep\n|turn|2\n|j| p74\n|inactive|bsantoso has 30 seconds left.\n|\n|t:|1776149235\n|move|p2a: \ud55c\uce74\ub9ac\uc544\uc2a4|Scale Shot|p1a: Rotom\n|-damage|p1a: Rotom|10/100\n|-damage|p1a: Rotom|0 fnt\n|faint|p1a: Rotom\n|-hitcount|p1: Rotom|2\n|-unboost|p2a: \ud55c\uce74\ub9ac\uc544\uc2a4|def|1\n|-boost|p2a: \ud55c\uce74\ub9ac\uc544\uc2a4|spe|1\n|\n|upkeep\n|\n|t:|1776149237\n|switch|p1a: Lopunny|Lopunny, L50, M|100/100\n|turn|3\n|\n|t:|1776149249\n|detailschange|p1a: Lopunny|Lopunny-Mega, L50, M\n|-mega|p1a: Lopunny|Lopunny|Lopunnite\n|move|p2a: \ud55c\uce74\ub9ac\uc544\uc2a4|Earthquake|p1a: Lopunny\n|-damage|p1a: Lopunny|36/100\n|move|p1a: Lopunny|Close Combat|p2a: \ud55c\uce74\ub9ac\uc544\uc2a4\n|-enditem|p2a: \ud55c\uce74\ub9ac\uc544\uc2a4|Focus Sash\n|-damage|p2a: \ud55c\uce74\ub9ac\uc544\uc2a4|1/100\n|-unboost|p1a: Lopunny|def|1\n|-unboost|p1a: Lopunny|spd|1\n|-damage|p1a: Lopunny|24/100|[from] ability: Rough Skin|[of] p2a: \ud55c\uce74\ub9ac\uc544\uc2a4\n|\n|upkeep\n|turn|4\n|\n|t:|1776149265\n|switch|p1a: Sneasler|Sneasler, L50, M|100/100\n|move|p2a: \ud55c\uce74\ub9ac\uc544\uc2a4|Scale Shot|p1a: Sneasler|[miss]\n|-miss|p2a: \ud55c\uce74\ub9ac\uc544\uc2a4|p1a: Sneasler\n|\n|upkeep\n|turn|5\n|\n|t:|1776149270\n|move|p2a: \ud55c\uce74\ub9ac\uc544\uc2a4|Earthquake|p1a: Sneasler\n|-supereffective|p1a: Sneasler|1\n|-damage|p1a: Sneasler|0 fnt\n|faint|p1a: Sneasler\n|\n|upkeep\n|\n|t:|1776149272\n|switch|p1a: Lopunny|Lopunny-Mega, L50, M|24/100\n|turn|6\n|\n|t:|1776149275\n|move|p1a: Lopunny|Fake Out|p2a: \ud55c\uce74\ub9ac\uc544\uc2a4\n|-damage|p2a: \ud55c\uce74\ub9ac\uc544\uc2a4|0 fnt\n|-damage|p1a: Lopunny|12/100|[from] ability: Rough Skin|[of] p2a: \ud55c\uce74\ub9ac\uc544\uc2a4\n|faint|p2a: \ud55c\uce74\ub9ac\uc544\uc2a4\n|\n|upkeep\n|\n|t:|1776149277\n|switch|p2a: \ubbf8\uc988\ud0a4|Sylveon, L50, M|100/100\n|turn|7\n|\n|t:|1776149286\n|move|p1a: Lopunny|Mega Kick|p2a: \ubbf8\uc988\ud0a4|[miss]\n|-miss|p1a: Lopunny|p2a: \ubbf8\uc988\ud0a4\n|move|p2a: \ubbf8\uc988\ud0a4|Hyper Voice|p1a: Lopunny\n|-supereffective|p1a: Lopunny|1\n|-damage|p1a: Lopunny|0 fnt\n|faint|p1a: Lopunny\n|\n|win|Hinya\n|raw|bsantoso's rating: 1158 &rarr; <strong>1140</strong><br />(-18 for losing)\n|raw|Hinya's rating: 1263 &rarr; <strong>1281</strong><br />(+18 for winning)\n|l|\u2606bsantoso\n|player|p1|\n|l|\u2606Hinya\n|player|p2|\n",
  "uploadtime": 1776149320,
  "views": 6,
  "formatid": "gen9championsbssregma",
  "rating": 1140,
  "private": 0,
  "password": null
}