{
  "id": "gen9championsbssregma-2581760062",
  "format": "[Gen 9 Champions] BSS Reg M-A",
  "players": [
    "mabopk53",
    "Keeday"
  ],
  "log": "|j|\u2606mabopk53\n|j|\u2606Keeday\n|t:|1776026261\n|gametype|singles\n|player|p1|mabopk53|265|1133\n|player|p2|Keeday|blackbelt|1077\n|gen|9\n|tier|[Gen 9 Champions] BSS Reg M-A\n|rated|\n|rule|Species Clause: Limit one of each Pok\u00e9mon\n|rule|Item Clause: Limit 1 of each item\n|clearpoke\n|poke|p1|Lucario, L50, M|\n|poke|p1|Hippowdon, L50, F|\n|poke|p1|Snorlax, L50, F|\n|poke|p1|Gengar, L50, M|\n|poke|p1|Volcarona, L50, M|\n|poke|p1|Garchomp, L50, F|\n|poke|p2|Rotom-Wash, L50|\n|poke|p2|Clefable, L50, F|\n|poke|p2|Garchomp, L50, M|\n|poke|p2|Ceruledge, L50, M|\n|poke|p2|Aggron, L50, M|\n|poke|p2|Alakazam, L50, F|\n|teampreview|3\n|inactive|Battle timer is ON: inactive players will automatically lose when time's up. (requested by Keeday)\n|inactive|mabopk53 has 60 seconds left.\n|inactive|Keeday has 60 seconds left.\n|\n|t:|1776026311\n|teamsize|p1|3\n|teamsize|p2|3\n|start\n|switch|p1a: Hippowdon|Hippowdon, L50, F|100/100\n|switch|p2a: Rotom|Rotom-Wash, L50, shiny|100/100\n|-weather|Sandstorm|[from] ability: Sand Stream|[of] p1a: Hippowdon\n|turn|1\n|\n|t:|1776026321\n|switch|p1a: Snorlax|Snorlax, L50, F|100/100\n|move|p2a: Rotom|Hydro Pump|p1a: Snorlax\n|-damage|p1a: Snorlax|81/100\n|\n|-weather|Sandstorm|[upkeep]\n|-damage|p2a: Rotom|95/100|[from] Sandstorm\n|-damage|p1a: Snorlax|75/100|[from] Sandstorm\n|-heal|p2a: Rotom|100/100|[from] item: Leftovers\n|-heal|p1a: Snorlax|81/100|[from] item: Leftovers\n|upkeep\n|turn|2\n|\n|t:|1776026336\n|move|p2a: Rotom|Will-O-Wisp|p1a: Snorlax\n|-status|p1a: Snorlax|brn\n|move|p1a: Snorlax|Yawn|p2a: Rotom\n|-start|p2a: Rotom|move: Yawn|[of] p1a: Snorlax\n|\n|-weather|Sandstorm|[upkeep]\n|-damage|p2a: Rotom|95/100|[from] Sandstorm\n|-damage|p1a: Snorlax|75/100 brn|[from] Sandstorm\n|-heal|p2a: Rotom|100/100|[from] item: Leftovers\n|-heal|p1a: Snorlax|81/100 brn|[from] item: Leftovers\n|-damage|p1a: Snorlax|75/100 brn|[from] brn\n|upkeep\n|turn|3\n|\n|t:|1776026341\n|switch|p1a: Hippowdon|Hippowdon, L50, F|100/100\n|move|p2a: Rotom|Volt Switch|p1a: Hippowdon\n|-immune|p1a: Hippowdon\n|\n|-weather|Sandstorm|[upkeep]\n|-damage|p2a: Rotom|95/100|[from] Sandstorm\n|-heal|p2a: Rotom|100/100|[from] item: Leftovers\n|-end|p2a: Rotom|move: Yawn|[silent]\n|-status|p2a: Rotom|slp\n|upkeep\n|turn|4\n|\n|t:|1776026349\n|cant|p2a: Rotom|slp\n|move|p1a: Hippowdon|Stealth Rock|p2a: Rotom\n|-sidestart|p2: Keeday|move: Stealth Rock\n|\n|-weather|Sandstorm|[upkeep]\n|-damage|p2a: Rotom|95/100 slp|[from] Sandstorm\n|-heal|p2a: Rotom|100/100 slp|[from] item: Leftovers\n|upkeep\n|turn|5\n|\n|t:|1776026353\n|switch|p1a: Snorlax|Snorlax, L50, F|75/100 brn\n|-curestatus|p2a: Rotom|slp|[msg]\n|move|p2a: Rotom|Hydro Pump|p1a: Snorlax\n|-damage|p1a: Snorlax|55/100 brn\n|\n|-weather|none\n|-heal|p1a: Snorlax|61/100 brn|[from] item: Leftovers\n|-damage|p1a: Snorlax|55/100 brn|[from] brn\n|upkeep\n|turn|6\n|\n|t:|1776026362\n|move|p2a: Rotom|Volt Switch|p1a: Snorlax\n|-damage|p1a: Snorlax|41/100 brn\n|\n|t:|1776026365\n|switch|p2a: Ceruledge|Ceruledge, L50, M, shiny|100/100|[from] Volt Switch\n|-damage|p2a: Ceruledge|75/100|[from] Stealth Rock\n|move|p1a: Snorlax|Yawn|p2a: Ceruledge\n|-start|p2a: Ceruledge|move: Yawn|[of] p1a: Snorlax\n|\n|-heal|p1a: Snorlax|47/100 brn|[from] item: Leftovers\n|-damage|p1a: Snorlax|41/100 brn|[from] brn\n|upkeep\n|turn|7\n|\n|t:|1776026373\n|move|p2a: Ceruledge|Close Combat|p1a: Snorlax\n|-supereffective|p1a: Snorlax|1\n|-crit|p1a: Snorlax\n|-damage|p1a: Snorlax|0 fnt\n|-unboost|p2a: Ceruledge|def|1\n|-unboost|p2a: Ceruledge|spd|1\n|faint|p1a: Snorlax\n|\n|-end|p2a: Ceruledge|move: Yawn|[silent]\n|-status|p2a: Ceruledge|slp\n|upkeep\n|\n|t:|1776026377\n|switch|p1a: Lucario|Lucario, L50, M|100/100\n|turn|8\n|\n|t:|1776026386\n|detailschange|p1a: Lucario|Lucario-Mega, L50, M\n|-mega|p1a: Lucario|Lucario|Lucarionite\n|cant|p2a: Ceruledge|slp\n|move|p1a: Lucario|Swords Dance|p1a: Lucario\n|-boost|p1a: Lucario|atk|2\n|\n|upkeep\n|turn|9\n|\n|t:|1776026397\n|move|p1a: Lucario|Bullet Punch|p2a: Ceruledge\n|-resisted|p2a: Ceruledge|1\n|-damage|p2a: Ceruledge|6/100 slp\n|-ability|p2a: Ceruledge|Weak Armor|boost\n|-unboost|p2a: Ceruledge|def|1\n|-boost|p2a: Ceruledge|spe|2\n|cant|p2a: Ceruledge|slp\n|\n|upkeep\n|turn|10\n|\n|t:|1776026403\n|move|p1a: Lucario|Bullet Punch|p2a: Ceruledge\n|-resisted|p2a: Ceruledge|1\n|-damage|p2a: Ceruledge|0 fnt\n|faint|p2a: Ceruledge\n|\n|upkeep\n|\n|t:|1776026406\n|switch|p2a: Garchomp|Garchomp, L50, M, shiny|100/100\n|-damage|p2a: Garchomp|95/100|[from] Stealth Rock\n|turn|11\n|\n|t:|1776026410\n|switch|p1a: Hippowdon|Hippowdon, L50, F|100/100\n|-weather|Sandstorm|[from] ability: Sand Stream|[of] p1a: Hippowdon\n|move|p2a: Garchomp|Earthquake|p1a: Hippowdon\n|-damage|p1a: Hippowdon|68/100\n|\n|-weather|Sandstorm|[upkeep]\n|upkeep\n|turn|12\n|\n|t:|1776026418\n|switch|p2a: Rotom|Rotom-Wash, L50, shiny|100/100\n|-damage|p2a: Rotom|88/100|[from] Stealth Rock\n|move|p1a: Hippowdon|Yawn|p2a: Rotom\n|-start|p2a: Rotom|move: Yawn|[of] p1a: Hippowdon\n|\n|-weather|Sandstorm|[upkeep]\n|-damage|p2a: Rotom|83/100|[from] Sandstorm\n|-heal|p2a: Rotom|88/100|[from] item: Leftovers\n|upkeep\n|turn|13\n|c|\u2606Keeday|I hate u\n|\n|t:|1776026431\n|switch|p2a: Garchomp|Garchomp, L50, M, shiny|95/100\n|-damage|p2a: Garchomp|89/100|[from] Stealth Rock\n|switch|p1a: Lucario|Lucario-Mega, L50, M|100/100\n|\n|-weather|Sandstorm|[upkeep]\n|upkeep\n|turn|14\n|c|\u2606Keeday|dummy\n|\n|t:|1776026443\n|switch|p1a: Hippowdon|Hippowdon, L50, F|68/100\n|move|p2a: Garchomp|Earthquake|p1a: Hippowdon\n|-damage|p1a: Hippowdon|37/100\n|-enditem|p1a: Hippowdon|Sitrus Berry|[eat]\n|-heal|p1a: Hippowdon|61/100|[from] item: Sitrus Berry\n|\n|-weather|Sandstorm|[upkeep]\n|upkeep\n|turn|15\n|\n|t:|1776026453\n|switch|p2a: Rotom|Rotom-Wash, L50, shiny|88/100\n|-damage|p2a: Rotom|76/100|[from] Stealth Rock\n|move|p1a: Hippowdon|Yawn|p2a: Rotom\n|-start|p2a: Rotom|move: Yawn|[of] p1a: Hippowdon\n|\n|-weather|none\n|-heal|p2a: Rotom|82/100|[from] item: Leftovers\n|upkeep\n|turn|16\n|\n|t:|1776026464\n|switch|p2a: Garchomp|Garchomp, L50, M, shiny|89/100\n|-damage|p2a: Garchomp|83/100|[from] Stealth Rock\n|move|p1a: Hippowdon|Slack Off|p1a: Hippowdon\n|-heal|p1a: Hippowdon|100/100\n|\n|upkeep\n|turn|17\n|\n|t:|1776026474\n|move|p2a: Garchomp|Earthquake|p1a: Hippowdon\n|-damage|p1a: Hippowdon|68/100\n|move|p1a: Hippowdon|Yawn|p2a: Garchomp\n|-start|p2a: Garchomp|move: Yawn|[of] p1a: Hippowdon\n|\n|upkeep\n|turn|18\n|\n|t:|1776026479\n|switch|p2a: Rotom|Rotom-Wash, L50, shiny|82/100\n|-damage|p2a: Rotom|70/100|[from] Stealth Rock\n|move|p1a: Hippowdon|Yawn|p2a: Rotom\n|-start|p2a: Rotom|move: Yawn|[of] p1a: Hippowdon\n|\n|-heal|p2a: Rotom|76/100|[from] item: Leftovers\n|upkeep\n|turn|19\n|\n|t:|1776026495\n|switch|p1a: Lucario|Lucario-Mega, L50, M|100/100\n|move|p2a: Rotom|Pain Split|p1a: Lucario\n|-sethp|p1a: Lucario|84/100|[from] move: Pain Split|[silent]\n|-sethp|p2a: Rotom|93/100|[from] move: Pain Split\n|\n|-heal|p2a: Rotom|99/100|[from] item: Leftovers\n|-end|p2a: Rotom|move: Yawn|[silent]\n|-status|p2a: Rotom|slp\n|upkeep\n|turn|20\n|\n|t:|1776026504\n|switch|p2a: Garchomp|Garchomp, L50, M, shiny|83/100\n|-damage|p2a: Garchomp|77/100|[from] Stealth Rock\n|move|p1a: Lucario|Close Combat|p2a: Garchomp\n|-damage|p2a: Garchomp|0 fnt\n|-unboost|p1a: Lucario|def|1\n|-unboost|p1a: Lucario|spd|1\n|-damage|p1a: Lucario|72/100|[from] ability: Rough Skin|[of] p2a: Garchomp\n|faint|p2a: Garchomp\n|\n|upkeep\n|n|!Keeday|keeday\n|inactive|Keeday has 30 seconds left.\n|inactive|Keeday has 20 seconds left.\n|inactive|Keeday has 15 seconds left.\n|inactive|Keeday has 10 seconds left.\n|-message|Keeday forfeited.\n|\n|win|mabopk53\n",
  "uploadtime": 1776026515,
  "views": 4,
  "formatid": "gen9championsbssregma",
  "rating": null,
  "private": 0,
  "password": null
}