{
  "id": "gen9championsbssregma-2588850002",
  "format": "[Gen 9 Champions] BSS Reg M-A",
  "players": [
    "Ninzinsaburou",
    "mirrza"
  ],
  "log": "|j|\u2606Ninzinsaburou\n|j|\u2606mirrza\n|t:|1776678373\n|gametype|singles\n|player|p1|Ninzinsaburou|266|1158\n|player|p2|mirrza|saturn|1136\n|gen|9\n|tier|[Gen 9 Champions] BSS Reg M-A\n|rated|\n|rule|Species Clause: Limit one of each Pok\u00e9mon\n|rule|Item Clause: Limit 1 of each item\n|clearpoke\n|poke|p1|Glimmora, L50, M|\n|poke|p1|Lopunny, L50, F, shiny|\n|poke|p1|Excadrill, L50, M|\n|poke|p1|Kingambit, L50, M|\n|poke|p1|Charizard, L50, M|\n|poke|p1|Primarina, L50, F|\n|poke|p2|Maushold-Four, L50|\n|poke|p2|Quaquaval, L50, M|\n|poke|p2|Glimmora, L50, F|\n|poke|p2|Meowscarada, L50, M|\n|poke|p2|Dragonite, L50, F|\n|poke|p2|Incineroar, L50, F|\n|teampreview|3\n|inactive|Battle timer is ON: inactive players will automatically lose when time's up. (requested by mirrza)\n|inactive|Ninzinsaburou has 60 seconds left.\n|\n|t:|1776678410\n|teamsize|p1|3\n|teamsize|p2|3\n|start\n|switch|p1a: Glimmora|Glimmora, L50, M|100/100\n|switch|p2a: Maushold|Maushold-Four, L50|100/100\n|turn|1\n|\n|t:|1776678415\n|move|p2a: Maushold|Tidy Up|p2a: Maushold\n|-boost|p2a: Maushold|atk|1\n|-boost|p2a: Maushold|spe|1\n|move|p1a: Glimmora|Stealth Rock|p2a: Maushold\n|-sidestart|p2: mirrza|move: Stealth Rock\n|\n|upkeep\n|turn|2\n|\n|t:|1776678421\n|move|p2a: Maushold|Encore|p1a: Glimmora\n|-start|p1a: Glimmora|Encore\n|move|p1a: Glimmora|Stealth Rock||[still]\n|-fail|p1a: Glimmora\n|\n|upkeep\n|turn|3\n|\n|t:|1776678426\n|switch|p1a: Excadrill|Excadrill, L50, M|100/100\n|-ability|p1a: Excadrill|Mold Breaker\n|move|p2a: Maushold|Tidy Up|p2a: Maushold\n|-sideend|p2: mirrza|Stealth Rock\n|-activate|p2a: Maushold|move: Tidy Up\n|-boost|p2a: Maushold|atk|1\n|-boost|p2a: Maushold|spe|1\n|\n|upkeep\n|turn|4\n|\n|t:|1776678434\n|move|p2a: Maushold|Population Bomb|p1a: Excadrill\n|-resisted|p1a: Excadrill|1\n|-damage|p1a: Excadrill|84/100\n|-resisted|p1a: Excadrill|1\n|-damage|p1a: Excadrill|68/100\n|-resisted|p1a: Excadrill|1\n|-damage|p1a: Excadrill|53/100\n|-resisted|p1a: Excadrill|1\n|-damage|p1a: Excadrill|37/100\n|-resisted|p1a: Excadrill|1\n|-damage|p1a: Excadrill|21/100\n|-hitcount|p1a: Excadrill|5\n|cant|p1a: Excadrill|flinch\n|\n|upkeep\n|turn|5\n|\n|t:|1776678446\n|move|p2a: Maushold|Population Bomb|p1a: Excadrill\n|-resisted|p1a: Excadrill|1\n|-damage|p1a: Excadrill|5/100\n|-resisted|p1a: Excadrill|1\n|-damage|p1a: Excadrill|0 fnt\n|faint|p1a: Excadrill\n|-hitcount|p1: Excadrill|2\n|\n|upkeep\n|\n|t:|1776678456\n|switch|p1a: Glimmora|Glimmora, L50, M|100/100\n|turn|6\n|\n|t:|1776678459\n|move|p2a: Maushold|Population Bomb|p1a: Glimmora\n|-resisted|p1a: Glimmora|1\n|-damage|p1a: Glimmora|87/100\n|-activate|p1a: Glimmora|ability: Toxic Debris\n|-sidestart|p2: mirrza|move: Toxic Spikes\n|-resisted|p1a: Glimmora|1\n|-damage|p1a: Glimmora|72/100\n|-activate|p1a: Glimmora|ability: Toxic Debris\n|-sidestart|p2: mirrza|move: Toxic Spikes\n|-resisted|p1a: Glimmora|1\n|-damage|p1a: Glimmora|58/100\n|-resisted|p1a: Glimmora|1\n|-damage|p1a: Glimmora|45/100\n|-resisted|p1a: Glimmora|1\n|-damage|p1a: Glimmora|30/100\n|-resisted|p1a: Glimmora|1\n|-damage|p1a: Glimmora|18/100\n|-resisted|p1a: Glimmora|1\n|-damage|p1a: Glimmora|4/100\n|-resisted|p1a: Glimmora|1\n|-damage|p1a: Glimmora|0 fnt\n|faint|p1a: Glimmora\n|-hitcount|p1: Glimmora|8\n|\n|upkeep\n|\n|t:|1776678465\n|switch|p1a: Charizard|Charizard, L50, M|100/100\n|turn|7\n|\n|t:|1776678481\n|detailschange|p1a: Charizard|Charizard-Mega-Y, L50, M\n|-mega|p1a: Charizard|Charizard|Charizardite Y\n|-weather|SunnyDay|[from] ability: Drought|[of] p1a: Charizard\n|move|p2a: Maushold|Population Bomb|p1a: Charizard\n|-damage|p1a: Charizard|68/100\n|-crit|p1a: Charizard\n|-damage|p1a: Charizard|19/100\n|-damage|p1a: Charizard|0 fnt\n|faint|p1a: Charizard\n|-hitcount|p1: Charizard|3\n|\n|win|mirrza\n|raw|Ninzinsaburou's rating: 1158 &rarr; <strong>1131</strong><br />(-27 for losing)\n|raw|mirrza's rating: 1136 &rarr; <strong>1163</strong><br />(+27 for winning)\n|l|\u2606Ninzinsaburou\n|player|p1|\n",
  "uploadtime": 1776678542,
  "views": 3,
  "formatid": "gen9championsbssregma",
  "rating": 1131,
  "private": 0,
  "password": null
}