{
  "id": "gen9championsbssregma-2588685121",
  "format": "[Gen 9 Champions] BSS Reg M-A",
  "players": [
    "ee852",
    "dmddo412"
  ],
  "log": "|j|\u203dee852\n|j|\u2606dmddo412\n|t:|1776657537\n|gametype|singles\n|player|p1|ee852|mom-hoenn|1247\n|player|p2|dmddo412|2|1383\n|gen|9\n|tier|[Gen 9 Champions] BSS Reg M-A\n|rated|\n|rule|Species Clause: Limit one of each Pok\u00e9mon\n|rule|Item Clause: Limit 1 of each item\n|clearpoke\n|poke|p1|Kingambit, L50, M|\n|poke|p1|Skeledirge, L50, M|\n|poke|p1|Gengar, L50, F|\n|poke|p1|Corviknight, L50, F|\n|poke|p1|Tyranitar, L50, M|\n|poke|p1|Toxapex, L50, M|\n|poke|p2|Mimikyu, L50, F, shiny|\n|poke|p2|Garchomp, L50, F, shiny|\n|poke|p2|Archaludon, L50, F, shiny|\n|poke|p2|Kangaskhan, L50, F, shiny|\n|poke|p2|Floette-Eternal, L50, F|\n|poke|p2|Volcarona, L50, M, shiny|\n|teampreview|3\n|inactive|Battle timer is ON: inactive players will automatically lose when time's up. (requested by dmddo412)\n|inactive|ee852 has 60 seconds left.\n|inactive|ee852 has 30 seconds left.\n|inactive|ee852 has 20 seconds left.\n|inactive|ee852 has 15 seconds left.\n|inactive|ee852 has 10 seconds left.\n|\n|t:|1776657621\n|teamsize|p1|3\n|teamsize|p2|3\n|start\n|switch|p1a: Gengar|Gengar, L50, F|100/100\n|switch|p2a: Archaludon|Archaludon, L50, F, shiny|100/100\n|turn|1\n|\n|t:|1776657628\n|detailschange|p1a: Gengar|Gengar-Mega, L50, F\n|-mega|p1a: Gengar|Gengar|Gengarite\n|move|p1a: Gengar|Focus Blast|p2a: Archaludon\n|-supereffective|p2a: Archaludon|1\n|-damage|p2a: Archaludon|0 fnt\n|faint|p2a: Archaludon\n|\n|upkeep\n|\n|t:|1776657635\n|switch|p2a: Garchomp|Garchomp, L50, F, shiny|100/100\n|turn|2\n|\n|t:|1776657639\n|move|p1a: Gengar|Icy Wind|p2a: Garchomp\n|-supereffective|p2a: Garchomp|2\n|-damage|p2a: Garchomp|3/100\n|-unboost|p2a: Garchomp|spe|1\n|move|p2a: Garchomp|Earthquake|p1a: Gengar\n|-supereffective|p1a: Gengar|1\n|-damage|p1a: Gengar|0 fnt\n|faint|p1a: Gengar\n|\n|upkeep\n|\n|t:|1776657648\n|switch|p1a: Skeledirge|Skeledirge, L50, M|100/100\n|turn|3\n|\n|t:|1776657651\n|move|p2a: Garchomp|Earthquake|p1a: Skeledirge\n|-supereffective|p1a: Skeledirge|1\n|-damage|p1a: Skeledirge|17/100\n|-enditem|p1a: Skeledirge|Sitrus Berry|[eat]\n|-heal|p1a: Skeledirge|42/100|[from] item: Sitrus Berry\n|move|p1a: Skeledirge|Torch Song|p2a: Garchomp\n|-resisted|p2a: Garchomp|1\n|-damage|p2a: Garchomp|0 fnt\n|-boost|p1a: Skeledirge|spa|1\n|faint|p2a: Garchomp\n|\n|upkeep\n|\n|t:|1776657669\n|switch|p2a: Floette|Floette-Eternal, L50, F|100/100\n|turn|4\n|\n|t:|1776657673\n|detailschange|p2a: Floette|Floette-Mega, L50, F\n|-mega|p2a: Floette|Floette|Floettite\n|-ability|p2a: Floette|Fairy Aura\n|move|p2a: Floette|Moonblast|p1a: Skeledirge\n|-resisted|p1a: Skeledirge|1\n|-damage|p1a: Skeledirge|11/100\n|move|p1a: Skeledirge|Yawn|p2a: Floette\n|-start|p2a: Floette|move: Yawn|[of] p1a: Skeledirge\n|\n|upkeep\n|turn|5\n|\n|t:|1776657683\n|switch|p1a: Corviknight|Corviknight, L50, F|100/100\n|-ability|p1a: Corviknight|Pressure\n|move|p2a: Floette|Moonblast|p1a: Corviknight\n|-resisted|p1a: Corviknight|1\n|-damage|p1a: Corviknight|58/100\n|\n|-heal|p1a: Corviknight|64/100|[from] item: Leftovers\n|-end|p2a: Floette|move: Yawn|[silent]\n|-status|p2a: Floette|slp\n|upkeep\n|turn|6\n|\n|t:|1776657694\n|cant|p2a: Floette|slp\n|move|p1a: Corviknight|U-turn|p2a: Floette\n|-resisted|p2a: Floette|1\n|-damage|p2a: Floette|92/100 slp\n|\n|t:|1776657696\n|switch|p1a: Skeledirge|Skeledirge, L50, M|11/100|[from] U-turn\n|\n|upkeep\n|turn|7\n|\n|t:|1776657703\n|cant|p2a: Floette|slp\n|move|p1a: Skeledirge|Slack Off|p1a: Skeledirge\n|-heal|p1a: Skeledirge|61/100\n|\n|upkeep\n|turn|8\n|\n|t:|1776657714\n|-curestatus|p2a: Floette|slp|[msg]\n|move|p2a: Floette|Moonblast|p1a: Skeledirge\n|-resisted|p1a: Skeledirge|1\n|-damage|p1a: Skeledirge|31/100\n|-unboost|p1a: Skeledirge|spa|1\n|move|p1a: Skeledirge|Yawn|p2a: Floette\n|-start|p2a: Floette|move: Yawn|[of] p1a: Skeledirge\n|\n|upkeep\n|turn|9\n|\n|t:|1776657728\n|switch|p1a: Corviknight|Corviknight, L50, F|64/100\n|-ability|p1a: Corviknight|Pressure\n|move|p2a: Floette|Calm Mind|p2a: Floette\n|-boost|p2a: Floette|spa|1\n|-boost|p2a: Floette|spd|1\n|\n|-heal|p1a: Corviknight|70/100|[from] item: Leftovers\n|-end|p2a: Floette|move: Yawn|[silent]\n|-status|p2a: Floette|slp\n|upkeep\n|turn|10\n|\n|t:|1776657739\n|cant|p2a: Floette|slp\n|move|p1a: Corviknight|U-turn|p2a: Floette\n|-resisted|p2a: Floette|1\n|-damage|p2a: Floette|84/100 slp\n|\n|t:|1776657741\n|switch|p1a: Skeledirge|Skeledirge, L50, M|31/100|[from] U-turn\n|\n|upkeep\n|turn|11\n|\n|t:|1776657747\n|cant|p2a: Floette|slp\n|move|p1a: Skeledirge|Slack Off|p1a: Skeledirge\n|-heal|p1a: Skeledirge|82/100\n|\n|upkeep\n|turn|12\n|\n|t:|1776657761\n|-curestatus|p2a: Floette|slp|[msg]\n|move|p2a: Floette|Moonblast|p1a: Skeledirge\n|-resisted|p1a: Skeledirge|1\n|-damage|p1a: Skeledirge|52/100\n|move|p1a: Skeledirge|Torch Song|p2a: Floette\n|-damage|p2a: Floette|63/100\n|-boost|p1a: Skeledirge|spa|1\n|\n|upkeep\n|turn|13\n|\n|t:|1776657775\n|move|p2a: Floette|Moonblast|p1a: Skeledirge\n|-resisted|p1a: Skeledirge|1\n|-damage|p1a: Skeledirge|22/100\n|move|p1a: Skeledirge|Yawn|p2a: Floette\n|-start|p2a: Floette|move: Yawn|[of] p1a: Skeledirge\n|\n|upkeep\n|turn|14\n|\n|t:|1776657782\n|move|p2a: Floette|Calm Mind|p2a: Floette\n|-boost|p2a: Floette|spa|1\n|-boost|p2a: Floette|spd|1\n|move|p1a: Skeledirge|Slack Off|p1a: Skeledirge\n|-heal|p1a: Skeledirge|72/100\n|\n|-end|p2a: Floette|move: Yawn|[silent]\n|-status|p2a: Floette|slp\n|upkeep\n|turn|15\n|\n|t:|1776657790\n|cant|p2a: Floette|slp\n|move|p1a: Skeledirge|Torch Song|p2a: Floette\n|-damage|p2a: Floette|31/100 slp\n|-boost|p1a: Skeledirge|spa|1\n|\n|upkeep\n|turn|16\n|\n|t:|1776657797\n|cant|p2a: Floette|slp\n|move|p1a: Skeledirge|Torch Song|p2a: Floette\n|-damage|p2a: Floette|0 fnt\n|-boost|p1a: Skeledirge|spa|1\n|faint|p2a: Floette\n|\n|win|ee852\n|raw|ee852's rating: 1247 &rarr; <strong>1281</strong><br />(+34 for winning)\n|raw|dmddo412's rating: 1383 &rarr; <strong>1356</strong><br />(-27 for losing)\n",
  "uploadtime": 1776657801,
  "views": 2,
  "formatid": "gen9championsbssregma",
  "rating": 1281,
  "private": 0,
  "password": null
}