{
  "id": "gen9championsbssregma-2584832370",
  "format": "[Gen 9 Champions] BSS Reg M-A",
  "players": [
    "Mobileishard",
    "Jordio"
  ],
  "log": "|j|\u2606Mobileishard\n|j|\u203dJordio\n|t:|1776287110\n|gametype|singles\n|player|p1|Mobileishard|1|1373\n|player|p2|Jordio|alder|1328\n|gen|9\n|tier|[Gen 9 Champions] BSS Reg M-A\n|rated|\n|rule|Species Clause: Limit one of each Pok\u00e9mon\n|rule|Item Clause: Limit 1 of each item\n|clearpoke\n|poke|p1|Azumarill, L50, M|\n|poke|p1|Blastoise, L50, M|\n|poke|p1|Ditto, L50|\n|poke|p1|Reuniclus, L50, F|\n|poke|p1|Dragapult, L50, M|\n|poke|p1|Kleavor, L50, F|\n|poke|p2|Clefable, L50, M|\n|poke|p2|Rotom-Wash, L50|\n|poke|p2|Umbreon, L50, M|\n|poke|p2|Gengar, L50, M|\n|poke|p2|Aggron, L50, M|\n|poke|p2|Basculegion, L50, M|\n|teampreview|3\n|inactive|Battle timer is ON: inactive players will automatically lose when time's up. (requested by Jordio)\n|inactive|Jordio has 60 seconds left.\n|\n|t:|1776287147\n|teamsize|p1|3\n|teamsize|p2|3\n|start\n|switch|p1a: Dragapult|Dragapult, L50, M|100/100\n|switch|p2a: Umbreon|Umbreon, L50, M, shiny|100/100\n|turn|1\n|\n|t:|1776287156\n|move|p1a: Dragapult|Will-O-Wisp|p2a: Umbreon\n|-status|p2a: Umbreon|brn\n|-activate|p2a: Umbreon|ability: Synchronize\n|-status|p1a: Dragapult|brn\n|move|p2a: Umbreon|Toxic||[still]\n|-fail|p2a: Umbreon\n|\n|-damage|p1a: Dragapult|94/100 brn|[from] brn\n|-damage|p2a: Umbreon|95/100 brn|[from] brn\n|upkeep\n|turn|2\n|\n|t:|1776287171\n|move|p1a: Dragapult|Curse|p2a: Umbreon\n|-start|p2a: Umbreon|Curse|[of] p1a: Dragapult\n|-damage|p1a: Dragapult|45/100 brn\n|move|p2a: Umbreon|Wish|p2a: Umbreon\n|\n|-heal|p2a: Umbreon|100/100 brn|[from] item: Leftovers\n|-damage|p1a: Dragapult|38/100 brn|[from] brn\n|-damage|p2a: Umbreon|95/100 brn|[from] brn\n|-damage|p2a: Umbreon|70/100 brn|[from] Curse\n|upkeep\n|turn|3\n|\n|t:|1776287182\n|switch|p2a: Clefable|Clefable, L50, M, shiny|100/100\n|move|p1a: Dragapult|Curse|p2a: Clefable\n|-start|p2a: Clefable|Curse|[of] p1a: Dragapult\n|-damage|p1a: Dragapult|0 fnt\n|faint|p1a: Dragapult\n|\n|-damage|p2a: Clefable|76/100|[from] Curse\n|upkeep\n|\n|t:|1776287187\n|switch|p1a: Blastoise|Blastoise, L50, M|100/100\n|turn|4\n|\n|t:|1776287190\n|switch|p2a: Umbreon|Umbreon, L50, M, shiny|70/100 brn\n|detailschange|p1a: Blastoise|Blastoise-Mega, L50, M\n|-mega|p1a: Blastoise|Blastoise|Blastoisinite\n|move|p1a: Blastoise|Shell Smash|p1a: Blastoise\n|-unboost|p1a: Blastoise|def|1\n|-unboost|p1a: Blastoise|spd|1\n|-boost|p1a: Blastoise|atk|2\n|-boost|p1a: Blastoise|spa|2\n|-boost|p1a: Blastoise|spe|2\n|\n|-heal|p2a: Umbreon|76/100 brn|[from] item: Leftovers\n|-damage|p2a: Umbreon|70/100 brn|[from] brn\n|upkeep\n|turn|5\n|\n|t:|1776287193\n|move|p1a: Blastoise|Aura Sphere|p2a: Umbreon\n|-supereffective|p2a: Umbreon|1\n|-damage|p2a: Umbreon|0 fnt\n|faint|p2a: Umbreon\n|\n|upkeep\n|j| p74\n|\n|t:|1776287196\n|switch|p2a: Clefable|Clefable, L50, M, shiny|76/100\n|turn|6\n|\n|t:|1776287198\n|move|p1a: Blastoise|Water Pulse|p2a: Clefable\n|-damage|p2a: Clefable|28/100\n|move|p2a: Clefable|Moonlight|p2a: Clefable\n|-heal|p2a: Clefable|78/100\n|\n|upkeep\n|turn|7\n|\n|t:|1776287200\n|move|p1a: Blastoise|Water Pulse|p2a: Clefable\n|-damage|p2a: Clefable|26/100\n|move|p2a: Clefable|Moonlight|p2a: Clefable\n|-heal|p2a: Clefable|76/100\n|\n|upkeep\n|turn|8\n|\n|t:|1776287202\n|move|p1a: Blastoise|Water Pulse|p2a: Clefable\n|-damage|p2a: Clefable|29/100\n|move|p2a: Clefable|Calm Mind|p2a: Clefable\n|-boost|p2a: Clefable|spa|1\n|-boost|p2a: Clefable|spd|1\n|\n|upkeep\n|turn|9\n|\n|t:|1776287204\n|move|p1a: Blastoise|Water Pulse|p2a: Clefable\n|-damage|p2a: Clefable|0 fnt\n|faint|p2a: Clefable\n|\n|upkeep\n|\n|t:|1776287214\n|switch|p2a: Basculegion|Basculegion, L50, M, shiny|100/100\n|turn|10\n|\n|t:|1776287220\n|move|p1a: Blastoise|Dark Pulse|p2a: Basculegion\n|-supereffective|p2a: Basculegion|1\n|-damage|p2a: Basculegion|0 fnt\n|faint|p2a: Basculegion\n|\n|win|Mobileishard\n|raw|Mobileishard's rating: 1373 &rarr; <strong>1390</strong><br />(+17 for winning)\n|raw|Jordio's rating: 1328 &rarr; <strong>1311</strong><br />(-17 for losing)\n|l|\u203dJordio\n|player|p2|\n|l|\u2606Mobileishard\n|player|p1|\n",
  "uploadtime": 1776287270,
  "views": 2,
  "formatid": "gen9championsbssregma",
  "rating": 1311,
  "private": 0,
  "password": null
}