{
  "id": "gen9championsbssregma-2580645866",
  "format": "[Gen 9 Champions] BSS Reg M-A",
  "players": [
    "rakunaria",
    "KuroeHanako0927"
  ],
  "log": "|j|\u2606rakunaria\n|j|\u203dKuroeHanako0927\n|t:|1775920954\n|gametype|singles\n|player|p1|rakunaria|dawn|1216\n|player|p2|KuroeHanako0927|cynthia|1170\n|gen|9\n|tier|[Gen 9 Champions] BSS Reg M-A\n|rated|\n|rule|Species Clause: Limit one of each Pok\u00e9mon\n|rule|Item Clause: Limit 1 of each item\n|clearpoke\n|poke|p1|Pelipper, L50, F|\n|poke|p1|Starmie, L50|\n|poke|p1|Archaludon, L50, M|\n|poke|p1|Garchomp, L50, M|\n|poke|p1|Greninja-*, L50, F|\n|poke|p1|Klefki, L50, M|\n|poke|p2|Venusaur, L50, F|\n|poke|p2|Aegislash, L50, M|\n|poke|p2|Tyranitar, L50, M|\n|poke|p2|Rotom-Wash, L50|\n|poke|p2|Hydreigon, L50, M|\n|poke|p2|Floette-Eternal, L50, F|\n|teampreview|3\n|\n|t:|1775920980\n|teamsize|p1|3\n|teamsize|p2|3\n|start\n|switch|p1a: Pelipper|Pelipper, L50, F|100/100\n|switch|p2a: Hydreigon|Hydreigon, L50, M, shiny|100/100\n|-weather|RainDance|[from] ability: Drizzle|[of] p1a: Pelipper\n|turn|1\n|\n|t:|1775920988\n|move|p2a: Hydreigon|Dark Pulse|p1a: Pelipper\n|-damage|p1a: Pelipper|36/100\n|-enditem|p1a: Pelipper|Sitrus Berry|[eat]\n|-heal|p1a: Pelipper|60/100|[from] item: Sitrus Berry\n|move|p1a: Pelipper|U-turn|p2a: Hydreigon\n|-supereffective|p2a: Hydreigon|1\n|-damage|p2a: Hydreigon|79/100\n|\n|t:|1775920993\n|switch|p1a: Archaludon|Archaludon, L50, M|100/100|[from] U-turn\n|\n|-weather|RainDance|[upkeep]\n|upkeep\n|turn|2\n|\n|t:|1775921001\n|move|p2a: Hydreigon|Dark Pulse|p1a: Archaludon\n|-damage|p1a: Archaludon|38/100\n|-ability|p1a: Archaludon|Stamina|boost\n|-boost|p1a: Archaludon|def|1\n|move|p1a: Archaludon|Draco Meteor|p2a: Hydreigon\n|-supereffective|p2a: Hydreigon|1\n|-damage|p2a: Hydreigon|0 fnt\n|-unboost|p1a: Archaludon|spa|2\n|faint|p2a: Hydreigon\n|\n|-weather|RainDance|[upkeep]\n|upkeep\n|\n|t:|1775921005\n|switch|p2a: Floette|Floette-Eternal, L50, F|100/100\n|turn|3\n|\n|t:|1775921011\n|switch|p1a: Pelipper|Pelipper, L50, F|60/100\n|detailschange|p2a: Floette|Floette-Mega, L50, F\n|-mega|p2a: Floette|Floette|Floettite\n|-ability|p2a: Floette|Fairy Aura\n|move|p2a: Floette|Moonblast|p1a: Pelipper\n|-damage|p1a: Pelipper|0 fnt\n|faint|p1a: Pelipper\n|\n|-weather|RainDance|[upkeep]\n|upkeep\n|\n|t:|1775921017\n|switch|p1a: Starmie|Starmie, L50|100/100\n|turn|4\n|\n|t:|1775921027\n|detailschange|p1a: Starmie|Starmie-Mega, L50\n|-mega|p1a: Starmie|Starmie|Starminite\n|move|p1a: Starmie|Liquidation|p2a: Floette\n|-damage|p2a: Floette|0 fnt\n|faint|p2a: Floette\n|\n|-weather|RainDance|[upkeep]\n|upkeep\n|\n|t:|1775921030\n|switch|p2a: Aegislash|Aegislash, L50, M, shiny|100/100\n|turn|5\n|\n|t:|1775921035\n|move|p2a: Aegislash|King's Shield|p2a: Aegislash\n|-singleturn|p2a: Aegislash|Protect\n|move|p1a: Starmie|Liquidation|p2a: Aegislash\n|-activate|p2a: Aegislash|move: Protect\n|-unboost|p1a: Starmie|atk|1\n|\n|-weather|none\n|upkeep\n|turn|6\n|\n|t:|1775921039\n|switch|p1a: Archaludon|Archaludon, L50, M|38/100\n|-formechange|p2a: Aegislash|Aegislash-Blade|\n|move|p2a: Aegislash|Poltergeist|p1a: Archaludon\n|-activate|p1a: Archaludon|move: Poltergeist|Choice Scarf\n|-damage|p1a: Archaludon|0 fnt\n|faint|p1a: Archaludon\n|\n|upkeep\n|\n|t:|1775921041\n|switch|p1a: Starmie|Starmie-Mega, L50|100/100\n|turn|7\n|\n|t:|1775921046\n|-formechange|p2a: Aegislash|Aegislash|\n|move|p2a: Aegislash|King's Shield|p2a: Aegislash\n|-singleturn|p2a: Aegislash|Protect\n|move|p1a: Starmie|Liquidation|p2a: Aegislash\n|-activate|p2a: Aegislash|move: Protect\n|-unboost|p1a: Starmie|atk|1\n|\n|upkeep\n|turn|8\n|\n|t:|1775921049\n|move|p1a: Starmie|Liquidation|p2a: Aegislash\n|-damage|p2a: Aegislash|59/100\n|-formechange|p2a: Aegislash|Aegislash-Blade|\n|move|p2a: Aegislash|Poltergeist|p1a: Starmie\n|-activate|p1a: Starmie|move: Poltergeist|Starminite\n|-supereffective|p1a: Starmie|1\n|-damage|p1a: Starmie|0 fnt\n|faint|p1a: Starmie\n|\n|win|KuroeHanako0927\n|raw|rakunaria's rating: 1216 &rarr; <strong>1188</strong><br />(-28 for losing)\n|raw|KuroeHanako0927's rating: 1170 &rarr; <strong>1198</strong><br />(+28 for winning)\n|l|\u2606rakunaria\n|player|p1|\n|l|\u203dKuroeHanako0927\n|player|p2|\n",
  "uploadtime": 1775921077,
  "views": 15,
  "formatid": "gen9championsbssregma",
  "rating": 1188,
  "private": 0,
  "password": null
}