{
  "id": "gen9championsbssregma-2583171552",
  "format": "[Gen 9 Champions] BSS Reg M-A",
  "players": [
    "3gege",
    "kerom.pk"
  ],
  "log": "|j|\u26063gege\n|j|\u203dkerom.pk\n|t:|1776150704\n|gametype|singles\n|player|p1|3gege|169|1254\n|player|p2|kerom.pk|170|1315\n|gen|9\n|tier|[Gen 9 Champions] BSS Reg M-A\n|rated|\n|rule|Species Clause: Limit one of each Pok\u00e9mon\n|rule|Item Clause: Limit 1 of each item\n|clearpoke\n|poke|p1|Gyarados, L50, F|\n|poke|p1|Gengar, L50, F|\n|poke|p1|Primarina, L50, M|\n|poke|p1|Glimmora, L50, M|\n|poke|p1|Kingambit, L50, F|\n|poke|p1|Arcanine, L50, F|\n|poke|p2|Garchomp, L50, M|\n|poke|p2|Gengar, L50, M|\n|poke|p2|Umbreon, L50, F|\n|poke|p2|Clefable, L50, F|\n|poke|p2|Venusaur, L50, M|\n|poke|p2|Tauros-Paldea-Blaze, L50, M|\n|teampreview|3\n|inactive|Battle timer is ON: inactive players will automatically lose when time's up. (requested by kerom.pk)\n|j| p74\n|inactive|kerom.pk has 60 seconds left.\n|\n|t:|1776150761\n|teamsize|p1|3\n|teamsize|p2|3\n|start\n|switch|p1a: Glimmora|Glimmora, L50, M|100/100\n|switch|p2a: Venusaur|Venusaur, L50, M|100/100\n|turn|1\n|\n|t:|1776150778\n|detailschange|p2a: Venusaur|Venusaur-Mega, L50, M\n|-mega|p2a: Venusaur|Venusaur|Venusaurite\n|move|p1a: Glimmora|Stealth Rock|p2a: Venusaur\n|-sidestart|p2: kerom.pk|move: Stealth Rock\n|move|p2a: Venusaur|Earth Power|p1a: Glimmora\n|-supereffective|p1a: Glimmora|2\n|-enditem|p1a: Glimmora|Focus Sash\n|-damage|p1a: Glimmora|1/100\n|\n|upkeep\n|turn|2\n|\n|t:|1776150795\n|move|p1a: Glimmora|Mud Shot|p2a: Venusaur\n|-damage|p2a: Venusaur|87/100\n|-unboost|p2a: Venusaur|spe|1\n|move|p2a: Venusaur|Sludge Bomb|p1a: Glimmora\n|-resisted|p1a: Glimmora|2\n|-damage|p1a: Glimmora|0 fnt\n|faint|p1a: Glimmora\n|\n|upkeep\n|\n|t:|1776150797\n|switch|p1a: Kingambit|Kingambit, L50, F|100/100\n|-activate|p1a: Kingambit|ability: Supreme Overlord\n|-start|p1a: Kingambit|fallen1|[silent]\n|turn|3\n|\n|t:|1776150800\n|move|p1a: Kingambit|Swords Dance|p1a: Kingambit\n|-boost|p1a: Kingambit|atk|2\n|move|p2a: Venusaur|Earth Power|p1a: Kingambit\n|-supereffective|p1a: Kingambit|1\n|-damage|p1a: Kingambit|52/100\n|\n|upkeep\n|turn|4\n|\n|t:|1776150814\n|move|p1a: Kingambit|Kowtow Cleave|p2a: Venusaur\n|-damage|p2a: Venusaur|0 fnt\n|faint|p2a: Venusaur\n|\n|upkeep\n|\n|t:|1776150817\n|switch|p2a: Umbreon|Umbreon, L50, F|100/100\n|-damage|p2a: Umbreon|88/100|[from] Stealth Rock\n|turn|5\n|\n|t:|1776150822\n|move|p2a: Umbreon|Yawn|p1a: Kingambit\n|-start|p1a: Kingambit|move: Yawn|[of] p2a: Umbreon\n|move|p1a: Kingambit|Iron Head|p2a: Umbreon\n|-damage|p2a: Umbreon|29/100\n|\n|-heal|p2a: Umbreon|35/100|[from] item: Leftovers\n|upkeep\n|turn|6\n|\n|t:|1776150834\n|move|p2a: Umbreon|Wish|p2a: Umbreon\n|move|p1a: Kingambit|Iron Head|p2a: Umbreon\n|-damage|p2a: Umbreon|0 fnt\n|faint|p2a: Umbreon\n|\n|-end|p1a: Kingambit|move: Yawn|[silent]\n|-status|p1a: Kingambit|slp\n|upkeep\n|\n|t:|1776150837\n|switch|p2a: Garchomp|Garchomp, L50, M|100/100\n|-damage|p2a: Garchomp|95/100|[from] Stealth Rock\n|turn|7\n|\n|t:|1776150861\n|cant|p1a: Kingambit|slp\n|move|p2a: Garchomp|Swords Dance|p2a: Garchomp\n|-boost|p2a: Garchomp|atk|2\n|\n|-heal|p2a: Garchomp|100/100|[from] move: Wish|[wisher] Umbreon\n|upkeep\n|turn|8\n|\n|t:|1776150864\n|cant|p1a: Kingambit|slp\n|move|p2a: Garchomp|Earthquake|p1a: Kingambit\n|-supereffective|p1a: Kingambit|1\n|-damage|p1a: Kingambit|0 fnt\n|faint|p1a: Kingambit\n|-end|p1a: Kingambit|fallen1|[silent]\n|\n|upkeep\n|\n|t:|1776150867\n|switch|p1a: Gyarados|Gyarados, L50, F|100/100\n|-ability|p1a: Gyarados|Intimidate|boost\n|-unboost|p2a: Garchomp|atk|1\n|turn|9\n|\n|t:|1776150873\n|detailschange|p1a: Gyarados|Gyarados-Mega, L50, F\n|-mega|p1a: Gyarados|Gyarados|Gyaradosite\n|-ability|p1a: Gyarados|Mold Breaker\n|move|p2a: Garchomp|Scale Shot|p1a: Gyarados\n|-damage|p1a: Gyarados|82/100\n|-damage|p1a: Gyarados|61/100\n|-hitcount|p1a: Gyarados|2\n|-unboost|p2a: Garchomp|def|1\n|-boost|p2a: Garchomp|spe|1\n|move|p1a: Gyarados|Dragon Dance|p1a: Gyarados\n|-boost|p1a: Gyarados|atk|1\n|-boost|p1a: Gyarados|spe|1\n|\n|upkeep\n|turn|10\n|\n|t:|1776150884\n|move|p2a: Garchomp|Earthquake|p1a: Gyarados\n|-damage|p1a: Gyarados|0 fnt\n|faint|p1a: Gyarados\n|\n|win|kerom.pk\n|raw|3gege's rating: 1279 &rarr; <strong>1257</strong><br />(-22 for losing)\n|raw|kerom.pk's rating: 1315 &rarr; <strong>1333</strong><br />(+18 for winning)\n|l|\u26063gege\n|player|p1|\n|l|\u203dkerom.pk\n|player|p2|\n",
  "uploadtime": 1776150986,
  "views": 3,
  "formatid": "gen9championsbssregma",
  "rating": 1257,
  "private": 0,
  "password": null
}