{
  "id": "gen9championsbssregma-2587543845",
  "format": "[Gen 9 Champions] BSS Reg M-A",
  "players": [
    "Fulgurotek",
    "Ka_Nubis"
  ],
  "log": "|j|\u2606Fulgurotek\n|j|\u2606Ka_Nubis\n|t:|1776540895\n|gametype|singles\n|player|p1|Fulgurotek|101|1326\n|player|p2|Ka_Nubis|102|1187\n|gen|9\n|tier|[Gen 9 Champions] BSS Reg M-A\n|rated|\n|rule|Species Clause: Limit one of each Pok\u00e9mon\n|rule|Item Clause: Limit 1 of each item\n|clearpoke\n|poke|p1|Banette, L50, F|\n|poke|p1|Gyarados, L50, M|\n|poke|p1|Glimmora, L50, F|\n|poke|p1|Hatterene, L50, F|\n|poke|p1|Zoroark-Hisui, L50, M|\n|poke|p1|Garchomp, L50, M|\n|poke|p2|Charizard, L50, M, shiny|\n|poke|p2|Lopunny, L50, M|\n|poke|p2|Garchomp, L50, M|\n|poke|p2|Glimmora, L50, F|\n|poke|p2|Volcarona, L50, M|\n|poke|p2|Azumarill, L50, F|\n|teampreview|3\n|inactive|Battle timer is ON: inactive players will automatically lose when time's up. (requested by Ka_Nubis)\n|\n|t:|1776540911\n|teamsize|p1|3\n|teamsize|p2|3\n|start\n|switch|p1a: Glimmora|Glimmora, L50, F|100/100\n|switch|p2a: Garchomp|Garchomp, L50, M|100/100\n|turn|1\n|\n|t:|1776540920\n|move|p2a: Garchomp|Earthquake|p1a: Glimmora\n|-supereffective|p1a: Glimmora|2\n|-enditem|p1a: Glimmora|Focus Sash\n|-damage|p1a: Glimmora|1/100\n|-activate|p1a: Glimmora|ability: Toxic Debris\n|-sidestart|p2: Ka_Nubis|move: Toxic Spikes\n|move|p1a: Glimmora|Mud Shot|p2a: Garchomp\n|-damage|p2a: Garchomp|80/100\n|-unboost|p2a: Garchomp|spe|1\n|\n|upkeep\n|turn|2\n|\n|t:|1776540926\n|move|p2a: Garchomp|Earthquake|p1a: Glimmora\n|-supereffective|p1a: Glimmora|2\n|-damage|p1a: Glimmora|0 fnt\n|-activate|p1a: Glimmora|ability: Toxic Debris\n|-sidestart|p2: Ka_Nubis|move: Toxic Spikes\n|faint|p1a: Glimmora\n|\n|upkeep\n|\n|t:|1776540932\n|switch|p1a: Garchomp|Garchomp, L50, M|100/100\n|turn|3\n|\n|t:|1776540934\n|switch|p2a: Azumarill|Azumarill, L50, F|100/100\n|-status|p2a: Azumarill|tox\n|move|p1a: Garchomp|Outrage|p2a: Azumarill\n|-immune|p2a: Azumarill\n|\n|-damage|p2a: Azumarill|95/100 tox|[from] psn\n|upkeep\n|turn|4\n|\n|t:|1776540939\n|switch|p1a: Banette|Banette, L50, F|100/100\n|-item|p2a: Azumarill|Sitrus Berry|[from] ability: Frisk|[of] p1a: Banette\n|move|p2a: Azumarill|Play Rough|p1a: Banette\n|-damage|p1a: Banette|13/100\n|\n|-damage|p2a: Azumarill|83/100 tox|[from] psn\n|upkeep\n|turn|5\n|\n|t:|1776540949\n|detailschange|p1a: Banette|Banette-Mega, L50, F\n|-mega|p1a: Banette|Banette|Banettite\n|move|p2a: Azumarill|Aqua Jet|p1a: Banette\n|-damage|p1a: Banette|0 fnt\n|faint|p1a: Banette\n|\n|-damage|p2a: Azumarill|66/100 tox|[from] psn\n|upkeep\n|\n|t:|1776540954\n|switch|p1a: Garchomp|Garchomp, L50, M|100/100\n|turn|6\n|\n|t:|1776540962\n|switch|p2a: Charizard|Charizard, L50, M, shiny|100/100\n|move|p1a: Garchomp|Earthquake|p2a: Charizard\n|-immune|p2a: Charizard\n|\n|upkeep\n|turn|7\n|-message|Fulgurotek forfeited.\n|\n|win|Ka_Nubis\n|raw|Fulgurotek's rating: 1326 &rarr; <strong>1298</strong><br />(-28 for losing)\n|raw|Ka_Nubis's rating: 1187 &rarr; <strong>1222</strong><br />(+35 for winning)\n|l|\u2606Fulgurotek\n|player|p1|\n",
  "uploadtime": 1776540977,
  "views": 4,
  "formatid": "gen9championsbssregma",
  "rating": 1222,
  "private": 0,
  "password": null
}