{
  "id": "gen9championsbssregma-2585859700",
  "format": "[Gen 9 Champions] BSS Reg M-A",
  "players": [
    "olhlui 8",
    "isaacmora22"
  ],
  "log": "|j|\u2606olhlui 8\n|j|\u2606isaacmora22\n|t:|1776376187\n|gametype|singles\n|player|p1|olhlui 8|102|1128\n|player|p2|isaacmora22|hilbert|1071\n|gen|9\n|tier|[Gen 9 Champions] BSS Reg M-A\n|rated|\n|rule|Species Clause: Limit one of each Pok\u00e9mon\n|rule|Item Clause: Limit 1 of each item\n|clearpoke\n|poke|p1|Farigiraf, L50, M|\n|poke|p1|Charizard, L50, M|\n|poke|p1|Milotic, L50, F|\n|poke|p1|Tauros, L50, M|\n|poke|p1|Floette-Eternal, L50, F|\n|poke|p1|Pikachu, L50, M|\n|poke|p2|Flareon, L50, M|\n|poke|p2|Dragonite, L50, M|\n|poke|p2|Luxray, L50, M|\n|poke|p2|Clawitzer, L50, M|\n|poke|p2|Sableye, L50, M|\n|poke|p2|Archaludon, L50, F|\n|teampreview|3\n|\n|t:|1776376207\n|teamsize|p1|3\n|teamsize|p2|3\n|start\n|switch|p1a: Tauros|Tauros, L50, M|100/100\n|switch|p2a: Camden|Flareon, L50, M|100/100\n|turn|1\n|inactive|Battle timer is ON: inactive players will automatically lose when time's up. (requested by olhlui 8)\n|\n|t:|1776376219\n|move|p1a: Tauros|Body Slam|p2a: Camden\n|-damage|p2a: Camden|6/100\n|move|p2a: Camden|Superpower|p1a: Tauros\n|-supereffective|p1a: Tauros|1\n|-damage|p1a: Tauros|8/100\n|-unboost|p2a: Camden|atk|1\n|-unboost|p2a: Camden|def|1\n|\n|upkeep\n|turn|2\n|\n|t:|1776376231\n|move|p2a: Camden|Quick Attack|p1a: Tauros\n|-damage|p1a: Tauros|0 fnt\n|faint|p1a: Tauros\n|\n|upkeep\n|\n|t:|1776376234\n|switch|p1a: Farigiraf|Farigiraf, L50, M|100/100\n|turn|3\n|\n|t:|1776376246\n|move|p2a: Camden|Superpower|p1a: Farigiraf\n|-damage|p1a: Farigiraf|67/100\n|-unboost|p2a: Camden|atk|1\n|-unboost|p2a: Camden|def|1\n|move|p1a: Farigiraf|Trick Room|p1a: Farigiraf\n|-fieldstart|move: Trick Room|[of] p1a: Farigiraf\n|\n|upkeep\n|turn|4\n|\n|t:|1776376253\n|move|p1a: Farigiraf|Shadow Ball|p2a: Camden\n|-damage|p2a: Camden|0 fnt\n|faint|p2a: Camden\n|\n|upkeep\n|\n|t:|1776376262\n|switch|p2a: Rex|Luxray, L50, M|100/100\n|-ability|p2a: Rex|Intimidate|boost\n|-unboost|p1a: Farigiraf|atk|1\n|turn|5\n|\n|t:|1776376271\n|move|p1a: Farigiraf|Hyper Voice|p2a: Rex\n|-damage|p2a: Rex|34/100\n|-enditem|p2a: Rex|Sitrus Berry|[eat]\n|-heal|p2a: Rex|58/100|[from] item: Sitrus Berry\n|move|p2a: Rex|Ice Fang|p1a: Farigiraf\n|-damage|p1a: Farigiraf|41/100\n|\n|upkeep\n|turn|6\n|\n|t:|1776376280\n|move|p1a: Farigiraf|Hyper Voice|p2a: Rex\n|-damage|p2a: Rex|0 fnt\n|faint|p2a: Rex\n|\n|upkeep\n|\n|t:|1776376285\n|switch|p2a: Migo|Dragonite, L50, M|100/100\n|turn|7\n|\n|t:|1776376291\n|detailschange|p2a: Migo|Dragonite-Mega, L50, M\n|-mega|p2a: Migo|Dragonite|Dragoninite\n|move|p1a: Farigiraf|Dazzling Gleam|p2a: Migo\n|-supereffective|p2a: Migo|1\n|-damage|p2a: Migo|77/100\n|move|p2a: Migo|Air Slash|p1a: Farigiraf\n|-damage|p1a: Farigiraf|0 fnt\n|faint|p1a: Farigiraf\n|\n|-fieldend|move: Trick Room\n|upkeep\n|\n|t:|1776376294\n|switch|p1a: Charizard|Charizard, L50, M|100/100\n|turn|8\n|\n|t:|1776376310\n|detailschange|p1a: Charizard|Charizard-Mega-X, L50, M\n|-mega|p1a: Charizard|Charizard|Charizardite X\n|move|p2a: Migo|Dragon Pulse|p1a: Charizard\n|-supereffective|p1a: Charizard|1\n|-damage|p1a: Charizard|0 fnt\n|faint|p1a: Charizard\n|\n|win|isaacmora22\n|raw|olhlui 8's rating: 1128 &rarr; <strong>1099</strong><br />(-29 for losing)\n|raw|isaacmora22's rating: 1071 &rarr; <strong>1105</strong><br />(+34 for winning)\n|l|\u2606olhlui 8\n|player|p1|\n",
  "uploadtime": 1776376319,
  "views": 3,
  "formatid": "gen9championsbssregma",
  "rating": 1099,
  "private": 0,
  "password": null
}