{
  "id": "gen9championsbssregma-2587722081",
  "format": "[Gen 9 Champions] BSS Reg M-A",
  "players": [
    "ryusui",
    "zozotown"
  ],
  "log": "|j|\u2606ryusui\n|j|\u203dzozotown\n|t:|1776557400\n|gametype|singles\n|player|p1|ryusui|1|1392\n|player|p2|zozotown|102|1418\n|gen|9\n|tier|[Gen 9 Champions] BSS Reg M-A\n|rated|\n|rule|Species Clause: Limit one of each Pok\u00e9mon\n|rule|Item Clause: Limit 1 of each item\n|clearpoke\n|poke|p1|Charizard, L50, F|\n|poke|p1|Excadrill, L50, F|\n|poke|p1|Hippowdon, L50, F|\n|poke|p1|Aegislash, L50, M|\n|poke|p1|Primarina, L50, M|\n|poke|p1|Floette-Eternal, L50, F|\n|poke|p2|Glimmora, L50, F|\n|poke|p2|Clefable, L50, M|\n|poke|p2|Kingambit, L50, F|\n|poke|p2|Basculegion, L50, M|\n|poke|p2|Delphox, L50, F|\n|poke|p2|Mimikyu, L50, F|\n|teampreview|3\n|j| 3hearts\n|j| p74\n|inactive|Battle timer is ON: inactive players will automatically lose when time's up. (requested by zozotown)\n|\n|t:|1776557481\n|teamsize|p1|3\n|teamsize|p2|3\n|start\n|switch|p1a: Excadrill|Excadrill, L50, F|100/100\n|switch|p2a: Glimmora|Glimmora, L50, F|100/100\n|-ability|p1a: Excadrill|Mold Breaker\n|turn|1\n|\n|t:|1776557489\n|move|p1a: Excadrill|Rapid Spin|p2a: Glimmora\n|-resisted|p2a: Glimmora|1\n|-damage|p2a: Glimmora|90/100\n|-boost|p1a: Excadrill|spe|1\n|-activate|p2a: Glimmora|ability: Toxic Debris\n|-sidestart|p1: ryusui|move: Toxic Spikes\n|-sideend|p1: ryusui|Toxic Spikes|[from] move: Rapid Spin|[of] p1a: Excadrill\n|move|p2a: Glimmora|Mud Shot|p1a: Excadrill\n|-supereffective|p1a: Excadrill|1\n|-damage|p1a: Excadrill|51/100\n|-unboost|p1a: Excadrill|spe|1\n|\n|upkeep\n|turn|2\n|\n|t:|1776557505\n|move|p1a: Excadrill|Earthquake|p2a: Glimmora\n|-supereffective|p2a: Glimmora|2\n|-damage|p2a: Glimmora|0 fnt\n|-activate|p2a: Glimmora|ability: Toxic Debris\n|-sidestart|p1: ryusui|move: Toxic Spikes\n|faint|p2a: Glimmora\n|\n|upkeep\n|\n|t:|1776557510\n|switch|p2a: Basculegion|Basculegion, L50, M|100/100\n|turn|3\n|\n|t:|1776557522\n|move|p2a: Basculegion|Flip Turn|p1a: Excadrill\n|-supereffective|p1a: Excadrill|1\n|-damage|p1a: Excadrill|0 fnt\n|faint|p1a: Excadrill\n|\n|t:|1776557524\n|switch|p2a: Kingambit|Kingambit, L50, F|100/100|[from] Flip Turn\n|-activate|p2a: Kingambit|ability: Supreme Overlord\n|-start|p2a: Kingambit|fallen1|[silent]\n|\n|upkeep\n|\n|t:|1776557532\n|switch|p1a: Charizard|Charizard, L50, F|100/100\n|turn|4\n|\n|t:|1776557544\n|-end|p2a: Kingambit|fallen1|[silent]\n|switch|p2a: Basculegion|Basculegion, L50, M|100/100\n|detailschange|p1a: Charizard|Charizard-Mega-X, L50, F\n|-mega|p1a: Charizard|Charizard|Charizardite X\n|move|p1a: Charizard|Flare Blitz|p2a: Basculegion\n|-resisted|p2a: Basculegion|1\n|-damage|p2a: Basculegion|51/100\n|-damage|p1a: Charizard|80/100|[from] Recoil\n|\n|upkeep\n|turn|5\n|\n|t:|1776557564\n|move|p2a: Basculegion|Wave Crash|p1a: Charizard\n|-damage|p1a: Charizard|0 fnt\n|faint|p1a: Charizard\n|-damage|p2a: Basculegion|30/100|[from] Recoil\n|\n|upkeep\n|\n|t:|1776557570\n|switch|p1a: Aegislash|Aegislash, L50, M|100/100\n|turn|6\n|\n|t:|1776557575\n|-formechange|p1a: Aegislash|Aegislash-Blade|\n|move|p1a: Aegislash|Shadow Sneak|p2a: Basculegion\n|-supereffective|p2a: Basculegion|1\n|-damage|p2a: Basculegion|0 fnt\n|faint|p2a: Basculegion\n|\n|upkeep\n|l|\u203dzozotown\n|inactive|zozotown disconnected and has a minute to reconnect!\n|player|p2|\n|j|\u2606zozotown\n|inactive|zozotown reconnected and has 50 seconds left.\n|player|p2|zozotown|102|\n|\n|t:|1776557585\n|switch|p2a: Kingambit|Kingambit, L50, F|100/100\n|-activate|p2a: Kingambit|ability: Supreme Overlord\n|-start|p2a: Kingambit|fallen2|[silent]\n|turn|7\n|\n|t:|1776557593\n|move|p2a: Kingambit|Swords Dance|p2a: Kingambit\n|-boost|p2a: Kingambit|atk|2\n|move|p1a: Aegislash|Close Combat|p2a: Kingambit\n|-supereffective|p2a: Kingambit|2\n|-damage|p2a: Kingambit|0 fnt\n|-unboost|p1a: Aegislash|def|1\n|-unboost|p1a: Aegislash|spd|1\n|faint|p2a: Kingambit\n|-end|p2a: Kingambit|fallen2|[silent]\n|\n|win|ryusui\n|raw|ryusui's rating: 1392 &rarr; <strong>1413</strong><br />(+21 for winning)\n|raw|zozotown's rating: 1418 &rarr; <strong>1397</strong><br />(-21 for losing)\n|l|\u2606zozotown\n|player|p2|\n|l|\u2606ryusui\n|player|p1|\n",
  "uploadtime": 1776557619,
  "views": 7,
  "formatid": "gen9championsbssregma",
  "rating": 1397,
  "private": 0,
  "password": null
}