{
  "id": "gen9championsbssregma-2583411900",
  "format": "[Gen 9 Champions] BSS Reg M-A",
  "players": [
    "berutene",
    "nuko1234"
  ],
  "log": "|j|\u2606berutene\n|j|\u2606nuko1234\n|t:|1776173900\n|gametype|singles\n|player|p1|berutene|2|1270\n|player|p2|nuko1234|caitlin|1336\n|gen|9\n|tier|[Gen 9 Champions] BSS Reg M-A\n|rated|\n|rule|Species Clause: Limit one of each Pok\u00e9mon\n|rule|Item Clause: Limit 1 of each item\n|clearpoke\n|poke|p1|Charizard, L50, F|\n|poke|p1|Conkeldurr, L50, M|\n|poke|p1|Aegislash, L50, M|\n|poke|p1|Rotom-Wash, L50|\n|poke|p1|Mamoswine, L50, M|\n|poke|p1|Meganium, L50, F|\n|poke|p2|Kingambit, L50, M|\n|poke|p2|Garchomp, L50, M|\n|poke|p2|Corviknight, L50, M|\n|poke|p2|Gardevoir, L50, M|\n|poke|p2|Primarina, L50, F|\n|poke|p2|Dragonite, L50, F|\n|teampreview|3\n|inactive|Battle timer is ON: inactive players will automatically lose when time's up. (requested by berutene)\n|inactive|berutene has 60 seconds left.\n|inactive|nuko1234 has 60 seconds left.\n|\n|t:|1776173943\n|teamsize|p1|3\n|teamsize|p2|3\n|start\n|switch|p1a: Charizard|Charizard, L50, F|100/100\n|switch|p2a: Garchomp|Garchomp, L50, M|100/100\n|turn|1\n|inactive|nuko1234 has 30 seconds left.\n|inactive|nuko1234 has 20 seconds left.\n|j| p74\n|inactive|nuko1234 has 15 seconds left.\n|inactive|nuko1234 has 10 seconds left.\n|\n|t:|1776173992\n|detailschange|p1a: Charizard|Charizard-Mega-X, L50, F\n|-mega|p1a: Charizard|Charizard|Charizardite X\n|move|p2a: Garchomp|Rock Tomb|p1a: Charizard\n|-supereffective|p1a: Charizard|1\n|-damage|p1a: Charizard|57/100\n|-unboost|p1a: Charizard|spe|1\n|move|p1a: Charizard|Flame Charge|p2a: Garchomp\n|-resisted|p2a: Garchomp|1\n|-damage|p2a: Garchomp|82/100\n|-boost|p1a: Charizard|spe|1\n|-damage|p1a: Charizard|44/100|[from] ability: Rough Skin|[of] p2a: Garchomp\n|\n|upkeep\n|turn|2\n|\n|t:|1776173998\n|switch|p1a: Conkeldurr|Conkeldurr, L50, M|100/100\n|move|p2a: Garchomp|Earthquake|p1a: Conkeldurr\n|-damage|p1a: Conkeldurr|51/100\n|\n|upkeep\n|turn|3\n|\n|t:|1776174009\n|move|p2a: Garchomp|Stealth Rock|p1a: Conkeldurr\n|-sidestart|p1: berutene|move: Stealth Rock\n|move|p1a: Conkeldurr|Drain Punch|p2a: Garchomp\n|-damage|p2a: Garchomp|35/100\n|-heal|p1a: Conkeldurr|72/100|[from] drain|[of] p2a: Garchomp\n|-damage|p1a: Conkeldurr|59/100|[from] ability: Rough Skin|[of] p2a: Garchomp\n|\n|upkeep\n|turn|4\n|\n|t:|1776174015\n|move|p2a: Garchomp|Earthquake|p1a: Conkeldurr\n|-damage|p1a: Conkeldurr|17/100\n|-enditem|p1a: Conkeldurr|Sitrus Berry|[eat]\n|-heal|p1a: Conkeldurr|42/100|[from] item: Sitrus Berry\n|move|p1a: Conkeldurr|Drain Punch|p2a: Garchomp\n|-damage|p2a: Garchomp|0 fnt\n|-heal|p1a: Conkeldurr|57/100|[from] drain|[of] p2a: Garchomp\n|-damage|p1a: Conkeldurr|44/100|[from] ability: Rough Skin|[of] p2a: Garchomp\n|faint|p2a: Garchomp\n|\n|upkeep\n|\n|t:|1776174018\n|switch|p2a: Gardevoir|Gardevoir, L50, M|100/100\n|-ability|p2a: Gardevoir|Iron Fist|Trace|[from] ability: Trace|[of] p1a: Conkeldurr\n|turn|5\n|\n|t:|1776174024\n|detailschange|p2a: Gardevoir|Gardevoir-Mega, L50, M\n|-mega|p2a: Gardevoir|Gardevoir|Gardevoirite\n|move|p1a: Conkeldurr|Mach Punch|p2a: Gardevoir\n|-resisted|p2a: Gardevoir|2\n|-damage|p2a: Gardevoir|91/100\n|move|p2a: Gardevoir|Hyper Voice|p1a: Conkeldurr\n|-supereffective|p1a: Conkeldurr|1\n|-damage|p1a: Conkeldurr|0 fnt\n|faint|p1a: Conkeldurr\n|\n|upkeep\n|\n|t:|1776174028\n|switch|p1a: Charizard|Charizard-Mega-X, L50, F|44/100\n|-damage|p1a: Charizard|20/100|[from] Stealth Rock\n|turn|6\n|\n|t:|1776174033\n|move|p1a: Charizard|Flare Blitz|p2a: Gardevoir\n|-damage|p2a: Gardevoir|0 fnt\n|faint|p2a: Gardevoir\n|-damage|p1a: Charizard|0 fnt|[from] Recoil\n|faint|p1a: Charizard\n|\n|upkeep\n|\n|t:|1776174038\n|switch|p1a: Mamoswine|Mamoswine, L50, M|100/100\n|switch|p2a: Kingambit|Kingambit, L50, M|100/100\n|-damage|p1a: Mamoswine|88/100|[from] Stealth Rock\n|turn|7\n|\n|t:|1776174044\n|move|p1a: Mamoswine|Earthquake|p2a: Kingambit\n|-supereffective|p2a: Kingambit|1\n|-damage|p2a: Kingambit|2/100\n|move|p2a: Kingambit|Iron Head|p1a: Mamoswine\n|-supereffective|p1a: Mamoswine|1\n|-damage|p1a: Mamoswine|0 fnt\n|faint|p1a: Mamoswine\n|\n|win|nuko1234\n|raw|berutene's rating: 1270 &rarr; <strong>1250</strong><br />(-20 for losing)\n|raw|nuko1234's rating: 1336 &rarr; <strong>1352</strong><br />(+16 for winning)\n|l|\u2606nuko1234\n|player|p2|\n|l|\u2606berutene\n|player|p1|\n",
  "uploadtime": 1776174169,
  "views": 3,
  "formatid": "gen9championsbssregma",
  "rating": 1250,
  "private": 0,
  "password": null
}