{
  "id": "gen9championsbssregma-2584301805",
  "format": "[Gen 9 Champions] BSS Reg M-A",
  "players": [
    "fletchyfletchy",
    "Pirouo"
  ],
  "log": "|j|\u2606fletchyfletchy\n|j|\u2606Pirouo\n|t:|1776248937\n|gametype|singles\n|player|p1|fletchyfletchy|liko|1220\n|player|p2|Pirouo|brawly|1291\n|gen|9\n|tier|[Gen 9 Champions] BSS Reg M-A\n|rated|\n|rule|Species Clause: Limit one of each Pok\u00e9mon\n|rule|Item Clause: Limit 1 of each item\n|clearpoke\n|poke|p1|Lopunny, L50, M|\n|poke|p1|Basculegion, L50, M|\n|poke|p1|Meowscarada, L50, M|\n|poke|p1|Aegislash, L50, M|\n|poke|p1|Charizard, L50, F|\n|poke|p1|Ninetales-Alola, L50, M|\n|poke|p2|Clefable, L50, M|\n|poke|p2|Umbreon, L50, M|\n|poke|p2|Corviknight, L50, F|\n|poke|p2|Espathra, L50, F|\n|poke|p2|Incineroar, L50, F|\n|poke|p2|Vaporeon, L50, F|\n|teampreview|3\n|inactive|Battle timer is ON: inactive players will automatically lose when time's up. (requested by fletchyfletchy)\n|\n|t:|1776248984\n|teamsize|p1|3\n|teamsize|p2|3\n|start\n|switch|p1a: Lopunny|Lopunny, L50, M|100/100\n|switch|p2a: Espathra|Espathra, L50, F|100/100\n|turn|1\n|\n|t:|1776249005\n|detailschange|p1a: Lopunny|Lopunny-Mega, L50, M\n|-mega|p1a: Lopunny|Lopunny|Lopunnite\n|move|p2a: Espathra|Protect|p2a: Espathra\n|-singleturn|p2a: Espathra|Protect\n|move|p1a: Lopunny|Triple Axel|p2a: Espathra\n|-activate|p2a: Espathra|move: Protect\n|\n|-ability|p2a: Espathra|Speed Boost|boost\n|-boost|p2a: Espathra|spe|1\n|upkeep\n|turn|2\n|\n|t:|1776249018\n|switch|p1a: Aegislash|Aegislash, L50, M|100/100\n|move|p2a: Espathra|Calm Mind|p2a: Espathra\n|-boost|p2a: Espathra|spa|1\n|-boost|p2a: Espathra|spd|1\n|\n|-ability|p2a: Espathra|Speed Boost|boost\n|-boost|p2a: Espathra|spe|1\n|upkeep\n|turn|3\n|\n|t:|1776249026\n|move|p2a: Espathra|Protect|p2a: Espathra\n|-singleturn|p2a: Espathra|Protect\n|move|p1a: Aegislash|Swords Dance|p1a: Aegislash\n|-boost|p1a: Aegislash|atk|2\n|\n|-ability|p2a: Espathra|Speed Boost|boost\n|-boost|p2a: Espathra|spe|1\n|upkeep\n|turn|4\n|\n|t:|1776249035\n|move|p2a: Espathra|Baton Pass|p2a: Espathra\n|\n|t:|1776249038\n|switch|p2a: Incineroar|Incineroar, L50, F|100/100|[from] Baton Pass\n|-ability|p2a: Incineroar|Intimidate|boost\n|-unboost|p1a: Aegislash|atk|1\n|move|p1a: Aegislash|Swords Dance|p1a: Aegislash\n|-boost|p1a: Aegislash|atk|2\n|\n|upkeep\n|turn|5\n|\n|t:|1776249046\n|move|p1a: Aegislash|King's Shield|p1a: Aegislash\n|-singleturn|p1a: Aegislash|Protect\n|move|p2a: Incineroar|Bulk Up|p2a: Incineroar\n|-boost|p2a: Incineroar|atk|1\n|-boost|p2a: Incineroar|def|1\n|\n|upkeep\n|turn|6\n|\n|t:|1776249056\n|move|p2a: Incineroar|Bulk Up|p2a: Incineroar\n|-boost|p2a: Incineroar|atk|1\n|-boost|p2a: Incineroar|def|1\n|-formechange|p1a: Aegislash|Aegislash-Blade|\n|move|p1a: Aegislash|Sacred Sword|p2a: Incineroar\n|-supereffective|p2a: Incineroar|1\n|-damage|p2a: Incineroar|0 fnt\n|faint|p2a: Incineroar\n|\n|upkeep\n|c|\u2606fletchyfletchy|sacred sword bypasses stat buffs\n|\n|t:|1776249070\n|switch|p2a: Espathra|Espathra, L50, F|100/100\n|turn|7\n|\n|t:|1776249075\n|move|p2a: Espathra|Protect|p2a: Espathra\n|-singleturn|p2a: Espathra|Protect\n|move|p1a: Aegislash|Shadow Sneak|p2a: Espathra\n|-activate|p2a: Espathra|move: Protect\n|\n|-ability|p2a: Espathra|Speed Boost|boost\n|-boost|p2a: Espathra|spe|1\n|upkeep\n|turn|8\n|\n|t:|1776249083\n|-formechange|p1a: Aegislash|Aegislash|\n|move|p1a: Aegislash|King's Shield|p1a: Aegislash\n|-singleturn|p1a: Aegislash|Protect\n|move|p2a: Espathra|Calm Mind|p2a: Espathra\n|-boost|p2a: Espathra|spa|1\n|-boost|p2a: Espathra|spd|1\n|\n|-ability|p2a: Espathra|Speed Boost|boost\n|-boost|p2a: Espathra|spe|1\n|upkeep\n|turn|9\n|\n|t:|1776249089\n|-formechange|p1a: Aegislash|Aegislash-Blade|\n|move|p1a: Aegislash|Shadow Sneak|p2a: Espathra\n|-supereffective|p2a: Espathra|1\n|-enditem|p2a: Espathra|Focus Sash\n|-damage|p2a: Espathra|1/100\n|move|p2a: Espathra|Baton Pass|p2a: Espathra\n|\n|t:|1776249095\n|switch|p2a: Clefable|Clefable, L50, M, shiny|100/100|[from] Baton Pass\n|\n|upkeep\n|turn|10\n|\n|t:|1776249104\n|move|p2a: Clefable|Cosmic Power|p2a: Clefable\n|-boost|p2a: Clefable|def|1\n|-boost|p2a: Clefable|spd|1\n|move|p1a: Aegislash|Sacred Sword|p2a: Clefable\n|-resisted|p2a: Clefable|1\n|-damage|p2a: Clefable|87/100\n|\n|upkeep\n|turn|11\n|\n|t:|1776249111\n|switch|p1a: Lopunny|Lopunny-Mega, L50, M|100/100\n|move|p2a: Clefable|Cosmic Power|p2a: Clefable\n|-boost|p2a: Clefable|def|1\n|-boost|p2a: Clefable|spd|1\n|\n|upkeep\n|turn|12\n|\n|t:|1776249122\n|detailschange|p2a: Clefable|Clefable-Mega, L50, M, shiny\n|-mega|p2a: Clefable|Clefable|Clefablite\n|move|p1a: Lopunny|Fake Out|p2a: Clefable\n|-damage|p2a: Clefable|78/100\n|cant|p2a: Clefable|flinch\n|\n|upkeep\n|turn|13\n|\n|t:|1776249130\n|move|p1a: Lopunny|Triple Axel|p2a: Clefable\n|-supereffective|p2a: Clefable|1\n|-damage|p2a: Clefable|72/100\n|-supereffective|p2a: Clefable|1\n|-damage|p2a: Clefable|60/100\n|-supereffective|p2a: Clefable|1\n|-damage|p2a: Clefable|46/100\n|-hitcount|p2a: Clefable|3\n|move|p2a: Clefable|Stored Power|p1a: Lopunny\n|-supereffective|p1a: Lopunny|1\n|-damage|p1a: Lopunny|0 fnt\n|faint|p1a: Lopunny\n|\n|upkeep\n|\n|t:|1776249140\n|switch|p1a: Meowscarada|Meowscarada, L50, M|100/100\n|turn|14\n|\n|t:|1776249148\n|move|p1a: Meowscarada|Flower Trick|p2a: Clefable\n|-start|p1a: Meowscarada|typechange|Grass|[from] ability: Protean\n|-resisted|p2a: Clefable|1\n|-crit|p2a: Clefable\n|-damage|p2a: Clefable|30/100\n|move|p2a: Clefable|Moonlight|p2a: Clefable\n|-heal|p2a: Clefable|80/100\n|\n|upkeep\n|turn|15\n|\n|t:|1776249159\n|move|p1a: Meowscarada|Flower Trick|p2a: Clefable\n|-resisted|p2a: Clefable|1\n|-crit|p2a: Clefable\n|-damage|p2a: Clefable|62/100\n|move|p2a: Clefable|Stored Power|p1a: Meowscarada\n|-enditem|p1a: Meowscarada|Focus Sash\n|-damage|p1a: Meowscarada|1/100\n|\n|upkeep\n|turn|16\n|\n|t:|1776249168\n|move|p1a: Meowscarada|U-turn|p2a: Clefable\n|-resisted|p2a: Clefable|2\n|-damage|p2a: Clefable|61/100\n|\n|t:|1776249171\n|switch|p1a: Aegislash|Aegislash, L50, M|100/100|[from] U-turn\n|move|p2a: Clefable|Draining Kiss|p1a: Aegislash\n|-resisted|p1a: Aegislash|1\n|-damage|p1a: Aegislash|87/100\n|-heal|p2a: Clefable|69/100|[from] drain|[of] p1a: Aegislash\n|\n|-heal|p1a: Aegislash|93/100|[from] item: Leftovers\n|upkeep\n|turn|17\n|\n|t:|1776249180\n|move|p2a: Clefable|Draining Kiss|p1a: Aegislash\n|-resisted|p1a: Aegislash|1\n|-damage|p1a: Aegislash|79/100\n|-heal|p2a: Clefable|78/100|[from] drain|[of] p1a: Aegislash\n|move|p1a: Aegislash|Swords Dance|p1a: Aegislash\n|-boost|p1a: Aegislash|atk|2\n|\n|-heal|p1a: Aegislash|85/100|[from] item: Leftovers\n|upkeep\n|turn|18\n|\n|t:|1776249188\n|move|p2a: Clefable|Stored Power|p1a: Aegislash\n|-resisted|p1a: Aegislash|1\n|-damage|p1a: Aegislash|54/100\n|move|p1a: Aegislash|Swords Dance|p1a: Aegislash\n|-boost|p1a: Aegislash|atk|2\n|\n|-heal|p1a: Aegislash|60/100|[from] item: Leftovers\n|upkeep\n|turn|19\n|\n|t:|1776249195\n|move|p2a: Clefable|Stored Power|p1a: Aegislash\n|-resisted|p1a: Aegislash|1\n|-damage|p1a: Aegislash|26/100\n|move|p1a: Aegislash|Swords Dance|p1a: Aegislash\n|-boost|p1a: Aegislash|atk|2\n|\n|-heal|p1a: Aegislash|32/100|[from] item: Leftovers\n|upkeep\n|turn|20\n|\n|t:|1776249205\n|move|p1a: Aegislash|King's Shield|p1a: Aegislash\n|-singleturn|p1a: Aegislash|Protect\n|move|p2a: Clefable|Stored Power|p1a: Aegislash\n|-activate|p1a: Aegislash|move: Protect\n|\n|-heal|p1a: Aegislash|38/100|[from] item: Leftovers\n|upkeep\n|turn|21\n|\n|t:|1776249226\n|move|p2a: Clefable|Stored Power|p1a: Aegislash\n|-resisted|p1a: Aegislash|1\n|-crit|p1a: Aegislash\n|-damage|p1a: Aegislash|0 fnt\n|faint|p1a: Aegislash\n|\n|upkeep\n|\n|t:|1776249229\n|switch|p1a: Meowscarada|Meowscarada, L50, M|1/100\n|turn|22\n|\n|t:|1776249233\n|move|p1a: Meowscarada|Knock Off|p2a: Clefable\n|-start|p1a: Meowscarada|typechange|Dark|[from] ability: Protean\n|-resisted|p2a: Clefable|1\n|-damage|p2a: Clefable|72/100\n|move|p2a: Clefable|Draining Kiss|p1a: Meowscarada\n|-supereffective|p1a: Meowscarada|1\n|-damage|p1a: Meowscarada|0 fnt\n|-heal|p2a: Clefable|72/100|[from] drain|[of] p1a: Meowscarada\n|faint|p1a: Meowscarada\n|\n|win|Pirouo\n|raw|fletchyfletchy's rating: 1220 &rarr; <strong>1200</strong><br />(-20 for losing)\n|raw|Pirouo's rating: 1291 &rarr; <strong>1311</strong><br />(+20 for winning)\n",
  "uploadtime": 1776249233,
  "views": 9,
  "formatid": "gen9championsbssregma",
  "rating": 1200,
  "private": 0,
  "password": null
}