{
  "id": "gen9championsbssregma-2584931380",
  "format": "[Gen 9 Champions] BSS Reg M-A",
  "players": [
    "bouvet island",
    "deokso king"
  ],
  "log": "|j|\u2606bouvet island\n|j|\u2606deokso king\n|t:|1776295643\n|gametype|singles\n|player|p1|bouvet island|kimonogirl|1362\n|player|p2|deokso king|bellelba|1300\n|gen|9\n|tier|[Gen 9 Champions] BSS Reg M-A\n|rated|\n|rule|Species Clause: Limit one of each Pok\u00e9mon\n|rule|Item Clause: Limit 1 of each item\n|clearpoke\n|poke|p1|Gyarados, L50, F|\n|poke|p1|Excadrill, L50, F|\n|poke|p1|Espathra, L50, F|\n|poke|p1|Kingambit, L50, F|\n|poke|p1|Hippowdon, L50, F|\n|poke|p1|Samurott-Hisui, L50, F|\n|poke|p2|Toxapex, L50, M|\n|poke|p2|Garchomp, L50, M|\n|poke|p2|Hydreigon, L50, M|\n|poke|p2|Scizor, L50, F|\n|poke|p2|Gengar, L50, F|\n|poke|p2|Aegislash, L50, F|\n|teampreview|3\n|inactive|Battle timer is ON: inactive players will automatically lose when time's up. (requested by deokso king)\n|inactive|deokso king has 60 seconds left.\n|\n|t:|1776295679\n|teamsize|p1|3\n|teamsize|p2|3\n|start\n|switch|p1a: Samurott|Samurott-Hisui, L50, F|100/100\n|switch|p2a: Scizor|Scizor, L50, F|100/100\n|turn|1\n|\n|t:|1776295696\n|detailschange|p2a: Scizor|Scizor-Mega, L50, F\n|-mega|p2a: Scizor|Scizor|Scizorite\n|move|p1a: Samurott|Ceaseless Edge|p2a: Scizor\n|-damage|p2a: Scizor|72/100\n|-sidestart|p2: deokso king|Spikes\n|move|p2a: Scizor|Swords Dance|p2a: Scizor\n|-boost|p2a: Scizor|atk|2\n|\n|upkeep\n|turn|2\n|\n|t:|1776295705\n|move|p1a: Samurott|Razor Shell|p2a: Scizor\n|-damage|p2a: Scizor|39/100\n|-unboost|p2a: Scizor|def|1\n|move|p2a: Scizor|Roost|p2a: Scizor\n|-heal|p2a: Scizor|89/100\n|-singleturn|p2a: Scizor|move: Roost\n|\n|upkeep\n|turn|3\n|\n|t:|1776295714\n|move|p2a: Scizor|Bullet Punch|p1a: Samurott\n|-resisted|p1a: Samurott|1\n|-damage|p1a: Samurott|59/100\n|move|p1a: Samurott|Razor Shell|p2a: Scizor\n|-damage|p2a: Scizor|38/100\n|\n|upkeep\n|turn|4\n|j| p74\n|\n|t:|1776295727\n|move|p1a: Samurott|Ceaseless Edge|p2a: Scizor\n|-damage|p2a: Scizor|0 fnt\n|-sidestart|p2: deokso king|Spikes\n|faint|p2a: Scizor\n|\n|upkeep\n|\n|t:|1776295736\n|switch|p2a: Hydreigon|Hydreigon, L50, M|100/100\n|turn|5\n|\n|t:|1776295739\n|move|p2a: Hydreigon|Draco Meteor|p1a: Samurott\n|-damage|p1a: Samurott|0 fnt\n|-unboost|p2a: Hydreigon|spa|2\n|faint|p1a: Samurott\n|\n|upkeep\n|\n|t:|1776295742\n|switch|p1a: Excadrill|Excadrill, L50, F|100/100\n|-ability|p1a: Excadrill|Mold Breaker\n|turn|6\n|\n|t:|1776295744\n|switch|p2a: Toxapex|Toxapex, L50, M|100/100\n|-damage|p2a: Toxapex|84/100|[from] Spikes\n|move|p1a: Excadrill|Earthquake|p2a: Toxapex\n|-supereffective|p2a: Toxapex|1\n|-damage|p2a: Toxapex|15/100\n|-enditem|p2a: Toxapex|Sitrus Berry|[eat]\n|-heal|p2a: Toxapex|40/100|[from] item: Sitrus Berry\n|\n|upkeep\n|turn|7\n|\n|t:|1776295747\n|switch|p2a: Hydreigon|Hydreigon, L50, M|100/100\n|move|p1a: Excadrill|Earthquake|p2a: Hydreigon\n|-damage|p2a: Hydreigon|44/100\n|\n|upkeep\n|turn|8\n|\n|t:|1776295753\n|switch|p1a: Gyarados|Gyarados, L50, F|100/100\n|-ability|p1a: Gyarados|Intimidate|boost\n|-unboost|p2a: Hydreigon|atk|1\n|move|p2a: Hydreigon|Fire Blast|p1a: Gyarados\n|-resisted|p1a: Gyarados|1\n|-damage|p1a: Gyarados|80/100\n|\n|upkeep\n|turn|9\n|\n|t:|1776295756\n|switch|p2a: Toxapex|Toxapex, L50, M|73/100\n|-damage|p2a: Toxapex|57/100|[from] Spikes\n|move|p1a: Gyarados|Dragon Dance|p1a: Gyarados\n|-boost|p1a: Gyarados|atk|1\n|-boost|p1a: Gyarados|spe|1\n|\n|upkeep\n|turn|10\n|\n|t:|1776295760\n|move|p1a: Gyarados|Taunt|p2a: Toxapex\n|-start|p2a: Toxapex|move: Taunt\n|cant|p2a: Toxapex|move: Taunt|Haze\n|\n|upkeep\n|turn|11\n|-message|deokso king forfeited.\n|\n|win|bouvet island\n|raw|bouvet island's rating: 1362 &rarr; <strong>1378</strong><br />(+16 for winning)\n|raw|deokso king's rating: 1300 &rarr; <strong>1279</strong><br />(-21 for losing)\n|l|\u2606deokso king\n|player|p2|\n",
  "uploadtime": 1776295771,
  "views": 30,
  "formatid": "gen9championsbssregma",
  "rating": 1279,
  "private": 0,
  "password": null
}