{
  "id": "gen9championsbssregma-2585278308",
  "format": "[Gen 9 Champions] BSS Reg M-A",
  "players": [
    "chessboxer316",
    "Delibird Heart"
  ],
  "log": "|j|\u2606chessboxer316\n|j|\u2606Delibird Heart\n|t:|1776333059\n|gametype|singles\n|player|p1|chessboxer316|hilbert|1270\n|player|p2|Delibird Heart|#omclihearttakers|1228\n|gen|9\n|tier|[Gen 9 Champions] BSS Reg M-A\n|rated|\n|rule|Species Clause: Limit one of each Pok\u00e9mon\n|rule|Item Clause: Limit 1 of each item\n|clearpoke\n|poke|p1|Manectric, L50, M|\n|poke|p1|Gyarados, L50, M|\n|poke|p1|Lopunny, L50, F|\n|poke|p1|Greninja-*, L50, M|\n|poke|p1|Garchomp, L50, M|\n|poke|p1|Goodra-Hisui, L50, M|\n|poke|p2|Abomasnow, L50, F|\n|poke|p2|Glalie, L50, M|\n|poke|p2|Blastoise, L50, F|\n|poke|p2|Volcarona, L50, M|\n|poke|p2|Kingambit, L50, F|\n|poke|p2|Basculegion, L50, M|\n|teampreview|3\n|inactive|Battle timer is ON: inactive players will automatically lose when time's up. (requested by Delibird Heart)\n|inactive|chessboxer316 also wants the timer to be on.\n|inactive|chessboxer316 has 60 seconds left.\n|inactive|Delibird Heart has 60 seconds left.\n|\n|t:|1776333100\n|teamsize|p1|3\n|teamsize|p2|3\n|start\n|switch|p1a: Lopunny|Lopunny, L50, F|100/100\n|switch|p2a: Abomasnow|Abomasnow, L50, F|100/100\n|-weather|Snowscape|[from] ability: Snow Warning|[of] p2a: Abomasnow\n|turn|1\n|\n|t:|1776333110\n|switch|p2a: Volcarona|Volcarona, L50, M|100/100\n|detailschange|p1a: Lopunny|Lopunny-Mega, L50, F\n|-mega|p1a: Lopunny|Lopunny|Lopunnite\n|move|p1a: Lopunny|Fake Out|p2a: Volcarona\n|-damage|p2a: Volcarona|78/100\n|\n|-weather|Snowscape|[upkeep]\n|upkeep\n|turn|2\n|j| p74\n|\n|t:|1776333119\n|move|p1a: Lopunny|U-turn|p2a: Volcarona\n|-resisted|p2a: Volcarona|1\n|-damage|p2a: Volcarona|67/100\n|\n|t:|1776333124\n|switch|p1a: Greninja|Greninja, L50, M|100/100|[from] U-turn\n|move|p2a: Volcarona|Quiver Dance|p2a: Volcarona\n|-boost|p2a: Volcarona|spa|1\n|-boost|p2a: Volcarona|spd|1\n|-boost|p2a: Volcarona|spe|1\n|\n|-weather|Snowscape|[upkeep]\n|upkeep\n|turn|3\n|\n|t:|1776333134\n|move|p1a: Greninja|Flip Turn|p2a: Volcarona\n|-start|p1a: Greninja|typechange|Water|[from] ability: Protean\n|-supereffective|p2a: Volcarona|1\n|-damage|p2a: Volcarona|29/100\n|-status|p1a: Greninja|brn|[from] ability: Flame Body|[of] p2a: Volcarona\n|-enditem|p2a: Volcarona|Sitrus Berry|[eat]\n|-heal|p2a: Volcarona|54/100|[from] item: Sitrus Berry\n|\n|t:|1776333142\n|switch|p1a: Gyarados|Gyarados, L50, M|100/100|[from] Flip Turn\n|-ability|p1a: Gyarados|Intimidate|boost\n|-unboost|p2a: Volcarona|atk|1\n|move|p2a: Volcarona|Bug Buzz|p1a: Gyarados\n|-resisted|p1a: Gyarados|1\n|-damage|p1a: Gyarados|74/100\n|\n|-weather|Snowscape|[upkeep]\n|upkeep\n|turn|4\n|\n|t:|1776333157\n|switch|p2a: Abomasnow|Abomasnow, L50, F|100/100\n|move|p1a: Gyarados|Earthquake|p2a: Abomasnow\n|-resisted|p2a: Abomasnow|1\n|-damage|p2a: Abomasnow|88/100\n|\n|-weather|Snowscape|[upkeep]\n|upkeep\n|turn|5\n|\n|t:|1776333169\n|move|p1a: Gyarados|Taunt|p2a: Abomasnow\n|-start|p2a: Abomasnow|move: Taunt\n|cant|p2a: Abomasnow|move: Taunt|Aurora Veil\n|\n|-weather|none\n|upkeep\n|turn|6\n|c|\u2606Delibird Heart|wtf bro\n|c|\u2606Delibird Heart|get a life maybe\n|\n|t:|1776333183\n|move|p1a: Gyarados|Dragon Dance|p1a: Gyarados\n|-boost|p1a: Gyarados|atk|1\n|-boost|p1a: Gyarados|spe|1\n|move|p2a: Abomasnow|Blizzard|p1a: Gyarados\n|-damage|p1a: Gyarados|27/100\n|-enditem|p1a: Gyarados|Sitrus Berry|[eat]\n|-heal|p1a: Gyarados|52/100|[from] item: Sitrus Berry\n|\n|upkeep\n|turn|7\n|\n|t:|1776333194\n|switch|p2a: Volcarona|Volcarona, L50, M|54/100\n|move|p1a: Gyarados|Ice Fang|p2a: Volcarona\n|-resisted|p2a: Volcarona|1\n|-damage|p2a: Volcarona|39/100\n|-status|p2a: Volcarona|frz\n|\n|upkeep\n|turn|8\n|\n|t:|1776333209\n|switch|p2a: Abomasnow|Abomasnow, L50, F|88/100\n|-weather|Snowscape|[from] ability: Snow Warning|[of] p2a: Abomasnow\n|move|p1a: Gyarados|Earthquake|p2a: Abomasnow\n|-resisted|p2a: Abomasnow|1\n|-damage|p2a: Abomasnow|70/100\n|\n|-weather|Snowscape|[upkeep]\n|upkeep\n|turn|9\n|\n|t:|1776333219\n|move|p1a: Gyarados|Taunt|p2a: Abomasnow\n|-start|p2a: Abomasnow|move: Taunt\n|cant|p2a: Abomasnow|move: Taunt|Aurora Veil\n|\n|-weather|Snowscape|[upkeep]\n|upkeep\n|turn|10\n|\n|t:|1776333226\n|move|p1a: Gyarados|Dragon Dance|p1a: Gyarados\n|-boost|p1a: Gyarados|atk|1\n|-boost|p1a: Gyarados|spe|1\n|move|p2a: Abomasnow|Blizzard|p1a: Gyarados\n|-damage|p1a: Gyarados|8/100\n|\n|-weather|Snowscape|[upkeep]\n|upkeep\n|turn|11\n|\n|t:|1776333240\n|move|p2a: Abomasnow|Ice Shard|p1a: Gyarados\n|-damage|p1a: Gyarados|0 fnt\n|faint|p1a: Gyarados\n|\n|-weather|Snowscape|[upkeep]\n|-end|p2a: Abomasnow|move: Taunt\n|upkeep\n|\n|t:|1776333252\n|switch|p1a: Lopunny|Lopunny-Mega, L50, F|100/100\n|turn|12\n|\n|t:|1776333255\n|switch|p2a: Volcarona|Volcarona, L50, M|39/100 frz\n|move|p1a: Lopunny|Drain Punch|p2a: Volcarona\n|-resisted|p2a: Volcarona|1\n|-damage|p2a: Volcarona|18/100 frz\n|\n|-weather|none\n|upkeep\n|turn|13\n|\n|t:|1776333264\n|move|p1a: Lopunny|Drain Punch|p2a: Volcarona\n|-resisted|p2a: Volcarona|1\n|-damage|p2a: Volcarona|0 fnt\n|faint|p2a: Volcarona\n|\n|upkeep\n|\n|t:|1776333266\n|switch|p2a: Abomasnow|Abomasnow, L50, F|70/100\n|-weather|Snowscape|[from] ability: Snow Warning|[of] p2a: Abomasnow\n|turn|14\n|\n|t:|1776333273\n|move|p1a: Lopunny|Drain Punch|p2a: Abomasnow\n|-supereffective|p2a: Abomasnow|1\n|-damage|p2a: Abomasnow|6/100\n|move|p2a: Abomasnow|Aurora Veil|p2a: Abomasnow\n|-sidestart|p2: Delibird Heart|move: Aurora Veil\n|\n|-weather|Snowscape|[upkeep]\n|upkeep\n|turn|15\n|\n|t:|1776333281\n|move|p1a: Lopunny|U-turn|p2a: Abomasnow\n|-supereffective|p2a: Abomasnow|1\n|-damage|p2a: Abomasnow|0 fnt\n|faint|p2a: Abomasnow\n|\n|t:|1776333283\n|switch|p1a: Greninja|Greninja, L50, M|100/100 brn|[from] U-turn\n|\n|-weather|Snowscape|[upkeep]\n|-damage|p1a: Greninja|94/100 brn|[from] brn\n|upkeep\n|\n|t:|1776333285\n|switch|p2a: Glalie|Glalie, L50, M|100/100\n|turn|16\n|\n|t:|1776333295\n|move|p1a: Greninja|Flip Turn|p2a: Glalie\n|-start|p1a: Greninja|typechange|Water|[from] ability: Protean\n|-damage|p2a: Glalie|98/100\n|\n|t:|1776333300\n|switch|p1a: Lopunny|Lopunny-Mega, L50, F|100/100|[from] Flip Turn\n|move|p2a: Glalie|Double Team|p2a: Glalie\n|-boost|p2a: Glalie|evasion|1\n|\n|-weather|Snowscape|[upkeep]\n|-heal|p2a: Glalie|100/100|[from] item: Leftovers\n|-ability|p2a: Glalie|Moody|boost\n|-boost|p2a: Glalie|spe|2\n|-unboost|p2a: Glalie|spd|1\n|upkeep\n|turn|17\n|\n|t:|1776333313\n|move|p1a: Lopunny|Fake Out|p2a: Glalie\n|-damage|p2a: Glalie|94/100\n|cant|p2a: Glalie|flinch\n|\n|-weather|Snowscape|[upkeep]\n|-heal|p2a: Glalie|99/100|[from] item: Leftovers\n|-ability|p2a: Glalie|Moody|boost\n|-boost|p2a: Glalie|def|2\n|-unboost|p2a: Glalie|spe|1\n|upkeep\n|turn|18\n|\n|t:|1776333323\n|move|p1a: Lopunny|Drain Punch|p2a: Glalie\n|-supereffective|p2a: Glalie|1\n|-damage|p2a: Glalie|85/100\n|move|p2a: Glalie|Double Team|p2a: Glalie\n|-boost|p2a: Glalie|evasion|1\n|\n|-weather|none\n|-heal|p2a: Glalie|91/100|[from] item: Leftovers\n|-sideend|p2: Delibird Heart|move: Aurora Veil\n|-ability|p2a: Glalie|Moody|boost\n|-boost|p2a: Glalie|def|2\n|-unboost|p2a: Glalie|spa|1\n|upkeep\n|turn|19\n|-message|chessboxer316 forfeited.\n|\n|win|Delibird Heart\n|raw|chessboxer316's rating: 1270 &rarr; <strong>1242</strong><br />(-28 for losing)\n|raw|Delibird Heart's rating: 1228 &rarr; <strong>1256</strong><br />(+28 for winning)\n|l|\u2606chessboxer316\n|player|p1|\n|l|\u2606Delibird Heart\n|player|p2|\n",
  "uploadtime": 1776333339,
  "views": 19,
  "formatid": "gen9championsbssregma",
  "rating": 1242,
  "private": 0,
  "password": null
}