{
  "id": "gen9championsbssregma-2583389223",
  "format": "[Gen 9 Champions] BSS Reg M-A",
  "players": [
    "2siu",
    "nuko1234"
  ],
  "log": "|j|\u26062siu\n|j|\u2606nuko1234\n|t:|1776172279\n|gametype|singles\n|player|p1|2siu|1|1277\n|player|p2|nuko1234|caitlin|1359\n|gen|9\n|tier|[Gen 9 Champions] BSS Reg M-A\n|rated|\n|rule|Species Clause: Limit one of each Pok\u00e9mon\n|rule|Item Clause: Limit 1 of each item\n|clearpoke\n|poke|p1|Greninja-*, L50, F|\n|poke|p1|Lopunny, L50, M|\n|poke|p1|Corviknight, L50, M|\n|poke|p1|Rotom-Wash, L50|\n|poke|p1|Garchomp, L50, F|\n|poke|p1|Aegislash, L50, F|\n|poke|p2|Kangaskhan, L50, F|\n|poke|p2|Hippowdon, L50, M|\n|poke|p2|Aegislash, L50, M|\n|poke|p2|Gengar, L50, F|\n|poke|p2|Hydreigon, L50, F|\n|poke|p2|Glimmora, L50, M|\n|teampreview|3\n|inactive|Battle timer is ON: inactive players will automatically lose when time's up. (requested by 2siu)\n|inactive|2siu has 60 seconds left.\n|\n|t:|1776172318\n|teamsize|p1|3\n|teamsize|p2|3\n|start\n|switch|p1a: Garchomp|Garchomp, L50, F|100/100\n|switch|p2a: Hippowdon|Hippowdon, L50, M|100/100\n|-weather|Sandstorm|[from] ability: Sand Stream|[of] p2a: Hippowdon\n|turn|1\n|\n|t:|1776172331\n|move|p1a: Garchomp|Earthquake|p2a: Hippowdon\n|-damage|p2a: Hippowdon|65/100\n|move|p2a: Hippowdon|Stealth Rock|p1a: Garchomp\n|-sidestart|p1: 2siu|move: Stealth Rock\n|\n|-weather|Sandstorm|[upkeep]\n|upkeep\n|turn|2\n|\n|t:|1776172339\n|move|p1a: Garchomp|Earthquake|p2a: Hippowdon\n|-damage|p2a: Hippowdon|31/100\n|-enditem|p2a: Hippowdon|Sitrus Berry|[eat]\n|-heal|p2a: Hippowdon|56/100|[from] item: Sitrus Berry\n|move|p2a: Hippowdon|Yawn|p1a: Garchomp\n|-start|p1a: Garchomp|move: Yawn|[of] p2a: Hippowdon\n|\n|-weather|Sandstorm|[upkeep]\n|upkeep\n|turn|3\n|\n|t:|1776172348\n|move|p1a: Garchomp|Outrage|p2a: Hippowdon\n|-damage|p2a: Hippowdon|15/100\n|move|p2a: Hippowdon|Yawn||[still]\n|-fail|p2a: Hippowdon\n|\n|-weather|Sandstorm|[upkeep]\n|-end|p1a: Garchomp|move: Yawn|[silent]\n|-status|p1a: Garchomp|slp\n|upkeep\n|turn|4\n|\n|t:|1776172359\n|switch|p2a: Hydreigon|Hydreigon, L50, F|100/100\n|cant|p1a: Garchomp|slp\n|\n|-weather|Sandstorm|[upkeep]\n|-damage|p2a: Hydreigon|95/100|[from] Sandstorm\n|upkeep\n|turn|5\n|\n|t:|1776172367\n|move|p2a: Hydreigon|Dark Pulse|p1a: Garchomp\n|-damage|p1a: Garchomp|51/100 slp\n|cant|p1a: Garchomp|slp\n|\n|-weather|none\n|upkeep\n|turn|6\n|\n|t:|1776172376\n|move|p2a: Hydreigon|Dark Pulse|p1a: Garchomp\n|-damage|p1a: Garchomp|9/100 slp\n|-curestatus|p1a: Garchomp|slp|[msg]\n|move|p1a: Garchomp|Outrage|p2a: Hydreigon\n|-supereffective|p2a: Hydreigon|1\n|-damage|p2a: Hydreigon|0 fnt\n|faint|p2a: Hydreigon\n|\n|upkeep\n|\n|t:|1776172380\n|switch|p2a: Kangaskhan|Kangaskhan, L50, F|100/100\n|turn|7\n|\n|t:|1776172388\n|detailschange|p2a: Kangaskhan|Kangaskhan-Mega, L50, F\n|-mega|p2a: Kangaskhan|Kangaskhan|Kangaskhanite\n|move|p2a: Kangaskhan|Fake Out|p1a: Garchomp\n|-damage|p1a: Garchomp|0 fnt\n|-damage|p2a: Kangaskhan|88/100|[from] ability: Rough Skin|[of] p1a: Garchomp\n|faint|p1a: Garchomp\n|-hitcount|p1: Garchomp|1\n|\n|upkeep\n|\n|t:|1776172407\n|switch|p1a: Greninja|Greninja, L50, F|100/100\n|-damage|p1a: Greninja|88/100|[from] Stealth Rock\n|turn|8\n|\n|t:|1776172423\n|detailschange|p1a: Greninja|Greninja-Mega, L50, F\n|-mega|p1a: Greninja|Greninja|Greninjite\n|move|p1a: Greninja|Hydro Pump|p2a: Kangaskhan\n|-start|p1a: Greninja|typechange|Water|[from] ability: Protean\n|-damage|p2a: Kangaskhan|31/100\n|move|p2a: Kangaskhan|Earthquake|p1a: Greninja\n|-damage|p1a: Greninja|35/100\n|-damage|p1a: Greninja|22/100\n|-hitcount|p1a: Greninja|2\n|\n|upkeep\n|turn|9\n|\n|t:|1776172438\n|move|p2a: Kangaskhan|Sucker Punch|p1a: Greninja\n|-damage|p1a: Greninja|0 fnt\n|faint|p1a: Greninja\n|-hitcount|p1: Greninja|1\n|\n|upkeep\n|\n|t:|1776172443\n|switch|p1a: Aegislash|Aegislash, L50, F|100/100\n|-damage|p1a: Aegislash|95/100|[from] Stealth Rock\n|turn|10\n|\n|t:|1776172457\n|move|p2a: Kangaskhan|Earthquake|p1a: Aegislash\n|-supereffective|p1a: Aegislash|1\n|-damage|p1a: Aegislash|32/100\n|-supereffective|p1a: Aegislash|1\n|-damage|p1a: Aegislash|19/100\n|-hitcount|p1a: Aegislash|2\n|-formechange|p1a: Aegislash|Aegislash-Blade|\n|move|p1a: Aegislash|Iron Head|p2a: Kangaskhan\n|-damage|p2a: Kangaskhan|0 fnt\n|faint|p2a: Kangaskhan\n|\n|upkeep\n|\n|t:|1776172461\n|switch|p2a: Hippowdon|Hippowdon, L50, M|15/100\n|-weather|Sandstorm|[from] ability: Sand Stream|[of] p2a: Hippowdon\n|turn|11\n|\n|t:|1776172475\n|move|p1a: Aegislash|Iron Head|p2a: Hippowdon\n|-damage|p2a: Hippowdon|0 fnt\n|faint|p2a: Hippowdon\n|\n|win|2siu\n|raw|2siu's rating: 1277 &rarr; <strong>1308</strong><br />(+31 for winning)\n|raw|nuko1234's rating: 1359 &rarr; <strong>1334</strong><br />(-25 for losing)\n|l|\u2606nuko1234\n|player|p2|\n|l|\u26062siu\n|player|p1|\n",
  "uploadtime": 1776172583,
  "views": 10,
  "formatid": "gen9championsbssregma",
  "rating": 1308,
  "private": 0,
  "password": null
}