{
  "id": "gen9championsbssregma-2587974506",
  "format": "[Gen 9 Champions] BSS Reg M-A",
  "players": [
    "jaxsha",
    "TheSacredCarrot"
  ],
  "log": "|j|\u2606jaxsha\n|j|\u2606TheSacredCarrot\n|t:|1776587249\n|gametype|singles\n|player|p1|jaxsha|1|1039\n|player|p2|TheSacredCarrot|drayden|1000\n|gen|9\n|tier|[Gen 9 Champions] BSS Reg M-A\n|rated|\n|rule|Species Clause: Limit one of each Pok\u00e9mon\n|rule|Item Clause: Limit 1 of each item\n|clearpoke\n|poke|p1|Meowscarada, L50, M|\n|poke|p1|Scizor, L50, M|\n|poke|p1|Rotom-Wash, L50|\n|poke|p1|Charizard, L50, M|\n|poke|p1|Primarina, L50, F|\n|poke|p1|Garchomp, L50, M|\n|poke|p2|Jolteon, L50, F|\n|poke|p2|Politoed, L50, F|\n|poke|p2|Starmie, L50, shiny|\n|poke|p2|Hawlucha, L50, F, shiny|\n|poke|p2|Dragonite, L50, M|\n|poke|p2|Garchomp, L50, F|\n|teampreview|3\n|\n|t:|1776587320\n|teamsize|p1|3\n|teamsize|p2|3\n|start\n|switch|p1a: Meowscarada|Meowscarada, L50, M|100/100\n|switch|p2a: Politoed|Politoed, L50, F|100/100\n|-weather|RainDance|[from] ability: Drizzle|[of] p2a: Politoed\n|turn|1\n|\n|t:|1776587336\n|move|p2a: Politoed|Blizzard|p1a: Meowscarada|[miss]\n|-miss|p2a: Politoed|p1a: Meowscarada\n|move|p1a: Meowscarada|Taunt|p2a: Politoed\n|-start|p1a: Meowscarada|typechange|Dark|[from] ability: Protean\n|-start|p2a: Politoed|move: Taunt\n|\n|-weather|RainDance|[upkeep]\n|upkeep\n|turn|2\n|\n|t:|1776587356\n|move|p2a: Politoed|Blizzard|p1a: Meowscarada\n|-damage|p1a: Meowscarada|57/100\n|move|p1a: Meowscarada|Toxic Spikes|p2a: Politoed\n|-sidestart|p2: TheSacredCarrot|move: Toxic Spikes\n|\n|-weather|RainDance|[upkeep]\n|upkeep\n|turn|3\n|\n|t:|1776587366\n|move|p2a: Politoed|Blizzard|p1a: Meowscarada\n|-damage|p1a: Meowscarada|12/100\n|move|p1a: Meowscarada|Knock Off|p2a: Politoed\n|-damage|p2a: Politoed|36/100\n|-enditem|p2a: Politoed|Choice Scarf|[from] move: Knock Off|[of] p1a: Meowscarada\n|\n|-weather|RainDance|[upkeep]\n|upkeep\n|turn|4\n|\n|t:|1776587384\n|move|p1a: Meowscarada|Knock Off|p2a: Politoed\n|-damage|p2a: Politoed|0 fnt\n|faint|p2a: Politoed\n|\n|-weather|RainDance|[upkeep]\n|upkeep\n|\n|t:|1776587393\n|switch|p2a: Jolteon|Jolteon, L50, F|100/100\n|-status|p2a: Jolteon|psn\n|turn|5\n|\n|t:|1776587427\n|switch|p1a: Rotom|Rotom-Wash, L50|100/100\n|move|p2a: Jolteon|Light Screen|p2a: Jolteon\n|-sidestart|p2: TheSacredCarrot|move: Light Screen\n|\n|-weather|none\n|-damage|p2a: Jolteon|88/100 psn|[from] psn\n|upkeep\n|turn|6\n|\n|t:|1776587441\n|move|p1a: Rotom|Trick|p2a: Jolteon\n|-activate|p1a: Rotom|move: Trick|[of] p2a: Jolteon\n|-item|p2a: Jolteon|Choice Scarf|[from] move: Trick\n|-item|p1a: Rotom|Magnet|[from] move: Trick\n|move|p2a: Jolteon|Shadow Ball|p1a: Rotom\n|-damage|p1a: Rotom|68/100\n|\n|-damage|p2a: Jolteon|76/100 psn|[from] psn\n|upkeep\n|turn|7\n|\n|t:|1776587468\n|move|p2a: Jolteon|Shadow Ball|p1a: Rotom\n|-damage|p1a: Rotom|37/100\n|move|p1a: Rotom|Hydro Pump|p2a: Jolteon\n|-damage|p2a: Jolteon|45/100 psn\n|\n|-damage|p2a: Jolteon|33/100 psn|[from] psn\n|upkeep\n|turn|8\n|\n|t:|1776587484\n|move|p2a: Jolteon|Shadow Ball|p1a: Rotom\n|-damage|p1a: Rotom|4/100\n|move|p1a: Rotom|Volt Switch|p2a: Jolteon\n|-heal|p2a: Jolteon|58/100 psn|[from] ability: Volt Absorb|[of] p1a: Rotom\n|\n|-damage|p2a: Jolteon|46/100 psn|[from] psn\n|upkeep\n|turn|9\n|\n|t:|1776587493\n|move|p2a: Jolteon|Shadow Ball|p1a: Rotom\n|-damage|p1a: Rotom|0 fnt\n|faint|p1a: Rotom\n|\n|-damage|p2a: Jolteon|34/100 psn|[from] psn\n|-sideend|p2: TheSacredCarrot|move: Light Screen\n|upkeep\n|\n|t:|1776587501\n|switch|p1a: Scizor|Scizor, L50, M|100/100\n|turn|10\n|\n|t:|1776587509\n|switch|p2a: Garchomp|Garchomp, L50, F|100/100\n|-status|p2a: Garchomp|psn\n|detailschange|p1a: Scizor|Scizor-Mega, L50, M\n|-mega|p1a: Scizor|Scizor|Scizorite\n|move|p1a: Scizor|Swords Dance|p1a: Scizor\n|-boost|p1a: Scizor|atk|2\n|\n|-damage|p2a: Garchomp|88/100 psn|[from] psn\n|upkeep\n|turn|11\n|\n|t:|1776587537\n|detailschange|p2a: Garchomp|Garchomp-Mega, L50, F\n|-mega|p2a: Garchomp|Garchomp|Garchompite\n|move|p1a: Scizor|Bullet Punch|p2a: Garchomp\n|-damage|p2a: Garchomp|28/100 psn\n|move|p2a: Garchomp|Earthquake|p1a: Scizor\n|-damage|p1a: Scizor|48/100\n|\n|-damage|p2a: Garchomp|16/100 psn|[from] psn\n|upkeep\n|turn|12\n|\n|t:|1776587548\n|move|p1a: Scizor|Bullet Punch|p2a: Garchomp\n|-damage|p2a: Garchomp|0 fnt\n|faint|p2a: Garchomp\n|\n|upkeep\n|\n|t:|1776587553\n|switch|p2a: Jolteon|Jolteon, L50, F|34/100 psn\n|turn|13\n|\n|t:|1776587558\n|move|p1a: Scizor|Bullet Punch|p2a: Jolteon\n|-resisted|p2a: Jolteon|1\n|-damage|p2a: Jolteon|0 fnt\n|faint|p2a: Jolteon\n|\n|win|jaxsha\n|raw|jaxsha's rating: 1039 &rarr; <strong>1069</strong><br />(+30 for winning)\n|raw|TheSacredCarrot's rating: 1000 &rarr; <strong>1000</strong><br />(+0 for losing)\n",
  "uploadtime": 1776587563,
  "views": 8,
  "formatid": "gen9championsbssregma",
  "rating": 1000,
  "private": 0,
  "password": null
}