{
  "id": "gen9championsbssregma-2582979407",
  "format": "[Gen 9 Champions] BSS Reg M-A",
  "players": [
    "txqz6p",
    "zaliyeyuan"
  ],
  "log": "|j|\u2606txqz6p\n|j|\u2606zaliyeyuan\n|t:|1776130324\n|gametype|singles\n|player|p1|txqz6p|265|1262\n|player|p2|zaliyeyuan|artist-gen4|1241\n|gen|9\n|tier|[Gen 9 Champions] BSS Reg M-A\n|rated|\n|rule|Species Clause: Limit one of each Pok\u00e9mon\n|rule|Item Clause: Limit 1 of each item\n|clearpoke\n|poke|p1|Greninja-*, L50, F|\n|poke|p1|Basculegion, L50, M|\n|poke|p1|Dragonite, L50, F|\n|poke|p1|Charizard, L50, M|\n|poke|p1|Archaludon, L50, M|\n|poke|p1|Scizor, L50, M|\n|poke|p2|Starmie, L50|\n|poke|p2|Hydreigon, L50, M|\n|poke|p2|Hippowdon, L50, F|\n|poke|p2|Rotom-Wash, L50|\n|poke|p2|Aegislash, L50, F|\n|poke|p2|Floette-Eternal, L50, F|\n|teampreview|3\n|inactive|Battle timer is ON: inactive players will automatically lose when time's up. (requested by zaliyeyuan)\n|\n|t:|1776130382\n|teamsize|p1|3\n|teamsize|p2|3\n|start\n|switch|p1a: Archaludon|Archaludon, L50, M|100/100\n|switch|p2a: Starmie|Starmie, L50, shiny|100/100\n|turn|1\n|\n|t:|1776130396\n|switch|p2a: Hippowdon|Hippowdon, L50, F|100/100\n|-weather|Sandstorm|[from] ability: Sand Stream|[of] p2a: Hippowdon\n|move|p1a: Archaludon|Steel Beam|p2a: Hippowdon\n|-damage|p2a: Hippowdon|36/100\n|-damage|p1a: Archaludon|50/100|[from] steelbeam\n|-enditem|p2a: Hippowdon|Sitrus Berry|[eat]\n|-heal|p2a: Hippowdon|61/100|[from] item: Sitrus Berry\n|\n|-weather|Sandstorm|[upkeep]\n|upkeep\n|turn|2\n|j| p74\n|\n|t:|1776130417\n|move|p1a: Archaludon|Steel Beam|p2a: Hippowdon\n|-damage|p2a: Hippowdon|3/100\n|-damage|p1a: Archaludon|0 fnt|[from] steelbeam\n|faint|p1a: Archaludon\n|move|p2a: Hippowdon|Stealth Rock|p1: Archaludon\n|-sidestart|p1: txqz6p|move: Stealth Rock\n|\n|-weather|Sandstorm|[upkeep]\n|upkeep\n|\n|t:|1776130437\n|switch|p1a: Basculegion|Basculegion, L50, M|100/100\n|-damage|p1a: Basculegion|88/100|[from] Stealth Rock\n|turn|3\n|\n|t:|1776130453\n|move|p1a: Basculegion|Last Respects|p2a: Hippowdon\n|-damage|p2a: Hippowdon|0 fnt\n|faint|p2a: Hippowdon\n|\n|-weather|Sandstorm|[upkeep]\n|-damage|p1a: Basculegion|82/100|[from] Sandstorm\n|upkeep\n|\n|t:|1776130463\n|switch|p2a: Starmie|Starmie, L50, shiny|100/100\n|turn|4\n|\n|t:|1776130473\n|detailschange|p2a: Starmie|Starmie-Mega, L50, shiny\n|-mega|p2a: Starmie|Starmie|Starminite\n|move|p1a: Basculegion|Last Respects|p2a: Starmie\n|-supereffective|p2a: Starmie|1\n|-damage|p2a: Starmie|0 fnt\n|faint|p2a: Starmie\n|\n|-weather|Sandstorm|[upkeep]\n|-damage|p1a: Basculegion|76/100|[from] Sandstorm\n|upkeep\n|\n|t:|1776130482\n|switch|p2a: Rotom|Rotom-Wash, L50|100/100\n|turn|5\n|\n|t:|1776130492\n|switch|p1a: Charizard|Charizard, L50, M|100/100\n|-damage|p1a: Charizard|51/100|[from] Stealth Rock\n|move|p2a: Rotom|Thunderbolt|p1a: Charizard\n|-supereffective|p1a: Charizard|1\n|-damage|p1a: Charizard|0 fnt\n|faint|p1a: Charizard\n|\n|-weather|none\n|upkeep\n|\n|t:|1776130500\n|switch|p1a: Basculegion|Basculegion, L50, M|76/100\n|-damage|p1a: Basculegion|64/100|[from] Stealth Rock\n|turn|6\n|\n|t:|1776130508\n|move|p1a: Basculegion|Last Respects|p2a: Rotom\n|-damage|p2a: Rotom|30/100\n|move|p2a: Rotom|Thunderbolt|p1a: Basculegion\n|-supereffective|p1a: Basculegion|1\n|-damage|p1a: Basculegion|0 fnt\n|faint|p1a: Basculegion\n|\n|win|zaliyeyuan\n|raw|txqz6p's rating: 1262 &rarr; <strong>1235</strong><br />(-27 for losing)\n|raw|zaliyeyuan's rating: 1241 &rarr; <strong>1268</strong><br />(+27 for winning)\n|l|\u2606zaliyeyuan\n|player|p2|\n|l|\u2606txqz6p\n|player|p1|\n",
  "uploadtime": 1776131073,
  "views": 3,
  "formatid": "gen9championsbssregma",
  "rating": 1235,
  "private": 0,
  "password": null
}