{
  "id": "gen9championsbssregma-2586188805",
  "format": "[Gen 9 Champions] BSS Reg M-A",
  "players": [
    "HootHootHo",
    "ignitor134"
  ],
  "log": "|j|\u2606HootHootHo\n|j|\u2606ignitor134\n|t:|1776410214\n|gametype|singles\n|player|p1|HootHootHo|102|1265\n|player|p2|ignitor134|1|1246\n|gen|9\n|tier|[Gen 9 Champions] BSS Reg M-A\n|rated|\n|rule|Species Clause: Limit one of each Pok\u00e9mon\n|rule|Item Clause: Limit 1 of each item\n|clearpoke\n|poke|p1|Blastoise, L50, F|\n|poke|p1|Archaludon, L50, M|\n|poke|p1|Basculegion, L50, M|\n|poke|p1|Kangaskhan, L50, F|\n|poke|p1|Ceruledge, L50, M|\n|poke|p1|Umbreon, L50, F|\n|poke|p2|Zoroark-Hisui, L50, M|\n|poke|p2|Kingambit, L50, M|\n|poke|p2|Primarina, L50, F|\n|poke|p2|Hippowdon, L50, M|\n|poke|p2|Charizard, L50, M|\n|poke|p2|Starmie, L50|\n|teampreview|3\n|inactive|Battle timer is ON: inactive players will automatically lose when time's up. (requested by HootHootHo)\n|j| p74\n|inactive|HootHootHo has 60 seconds left.\n|\n|t:|1776410256\n|teamsize|p1|3\n|teamsize|p2|3\n|start\n|switch|p1a: Kangaskhan|Kangaskhan, L50, F|100/100\n|switch|p2a: Kingambit|Kingambit, L50, M|100/100\n|turn|1\n|\n|t:|1776410272\n|move|p1a: Kangaskhan|Fake Out|p2a: Kingambit\n|-resisted|p2a: Kingambit|1\n|-damage|p2a: Kingambit|93/100\n|cant|p2a: Kingambit|flinch\n|\n|upkeep\n|turn|2\n|\n|t:|1776410285\n|detailschange|p1a: Kangaskhan|Kangaskhan-Mega, L50, F\n|-mega|p1a: Kangaskhan|Kangaskhan|Kangaskhanite\n|move|p1a: Kangaskhan|Earthquake|p2a: Kingambit\n|-supereffective|p2a: Kingambit|1\n|-damage|p2a: Kingambit|37/100\n|-supereffective|p2a: Kingambit|1\n|-damage|p2a: Kingambit|25/100\n|-hitcount|p2a: Kingambit|2\n|move|p2a: Kingambit|Low Sweep|p1a: Kangaskhan\n|-supereffective|p1a: Kangaskhan|1\n|-damage|p1a: Kangaskhan|54/100\n|-unboost|p1a: Kangaskhan|spe|1\n|\n|upkeep\n|turn|3\n|\n|t:|1776410301\n|switch|p1a: Ceruledge|Ceruledge, L50, M|100/100\n|move|p2a: Kingambit|Sucker Punch||[still]\n|-fail|p2a: Kingambit\n|\n|upkeep\n|turn|4\n|\n|t:|1776410306\n|move|p2a: Kingambit|Sucker Punch||[still]\n|-fail|p2a: Kingambit\n|move|p1a: Ceruledge|Swords Dance|p1a: Ceruledge\n|-boost|p1a: Ceruledge|atk|2\n|\n|upkeep\n|turn|5\n|\n|t:|1776410312\n|move|p1a: Ceruledge|Shadow Sneak|p2a: Kingambit\n|-resisted|p2a: Kingambit|1\n|-damage|p2a: Kingambit|8/100\n|move|p2a: Kingambit|Sucker Punch||[still]\n|-fail|p2a: Kingambit\n|\n|upkeep\n|turn|6\n|\n|t:|1776410320\n|move|p1a: Ceruledge|Shadow Sneak|p2a: Kingambit\n|-resisted|p2a: Kingambit|1\n|-damage|p2a: Kingambit|0 fnt\n|faint|p2a: Kingambit\n|-end|p2a: Kingambit|fallenundefined|[silent]\n|\n|upkeep\n|\n|t:|1776410325\n|switch|p2a: Primarina|Primarina, L50, F, shiny|100/100\n|turn|7\n|\n|t:|1776410332\n|move|p1a: Ceruledge|Bitter Blade|p2a: Primarina\n|-resisted|p2a: Primarina|1\n|-damage|p2a: Primarina|42/100\n|-enditem|p2a: Primarina|Sitrus Berry|[eat]\n|-heal|p2a: Primarina|67/100|[from] item: Sitrus Berry\n|move|p2a: Primarina|Sparkling Aria|p1a: Ceruledge\n|-supereffective|p1a: Ceruledge|1\n|-enditem|p1a: Ceruledge|Focus Sash\n|-damage|p1a: Ceruledge|1/100\n|\n|upkeep\n|turn|8\n|\n|t:|1776410340\n|move|p1a: Ceruledge|Shadow Sneak|p2a: Primarina\n|-damage|p2a: Primarina|17/100\n|move|p2a: Primarina|Aqua Jet|p1a: Ceruledge\n|-supereffective|p1a: Ceruledge|1\n|-damage|p1a: Ceruledge|0 fnt\n|faint|p1a: Ceruledge\n|\n|upkeep\n|\n|t:|1776410349\n|switch|p1a: Kangaskhan|Kangaskhan-Mega, L50, F|54/100\n|turn|9\n|\n|t:|1776410358\n|move|p1a: Kangaskhan|Body Slam|p2a: Primarina\n|-damage|p2a: Primarina|0 fnt\n|faint|p2a: Primarina\n|-hitcount|p2: Primarina|1\n|\n|upkeep\n|\n|t:|1776410365\n|switch|p2a: Charizard|Charizard, L50, M|100/100\n|turn|10\n|\n|t:|1776410374\n|detailschange|p2a: Charizard|Charizard-Mega-X, L50, M\n|-mega|p2a: Charizard|Charizard|Charizardite X\n|move|p1a: Kangaskhan|Body Slam|p2a: Charizard\n|-damage|p2a: Charizard|52/100\n|-damage|p2a: Charizard|40/100\n|-status|p2a: Charizard|par\n|-hitcount|p2a: Charizard|2\n|move|p2a: Charizard|Dragon Dance|p2a: Charizard\n|-boost|p2a: Charizard|atk|1\n|-boost|p2a: Charizard|spe|1\n|\n|upkeep\n|turn|11\n|\n|t:|1776410386\n|move|p1a: Kangaskhan|Earthquake|p2a: Charizard\n|-supereffective|p2a: Charizard|1\n|-damage|p2a: Charizard|0 fnt\n|faint|p2a: Charizard\n|-hitcount|p2: Charizard|1\n|\n|win|HootHootHo\n|raw|HootHootHo's rating: 1265 &rarr; <strong>1289</strong><br />(+24 for winning)\n|raw|ignitor134's rating: 1246 &rarr; <strong>1222</strong><br />(-24 for losing)\n|l|\u2606HootHootHo\n|player|p1|\n|l|\u2606ignitor134\n|player|p2|\n",
  "uploadtime": 1776410517,
  "views": 2,
  "formatid": "gen9championsbssregma",
  "rating": 1222,
  "private": 0,
  "password": null
}