{
  "id": "gen9championsbssregma-2580653240",
  "format": "[Gen 9 Champions] BSS Reg M-A",
  "players": [
    "nabe mon",
    "rakunaria"
  ],
  "log": "|j|\u2606nabe mon\n|j|\u2606rakunaria\n|t:|1775921560\n|gametype|singles\n|player|p1|nabe mon|roxie|1238\n|player|p2|rakunaria|dawn|1162\n|gen|9\n|tier|[Gen 9 Champions] BSS Reg M-A\n|rated|\n|rule|Species Clause: Limit one of each Pok\u00e9mon\n|rule|Item Clause: Limit 1 of each item\n|clearpoke\n|poke|p1|Garchomp, L50, M|\n|poke|p1|Primarina, L50, M|\n|poke|p1|Scizor, L50, F|\n|poke|p1|Glimmora, L50, M|\n|poke|p1|Dragapult, L50, F|\n|poke|p1|Archaludon, L50, M|\n|poke|p2|Pelipper, L50, M|\n|poke|p2|Starmie, L50|\n|poke|p2|Archaludon, L50, F|\n|poke|p2|Garchomp, L50, F|\n|poke|p2|Greninja-*, L50, F|\n|poke|p2|Klefki, L50, M|\n|teampreview|3\n|j| SmogonTrainer3.1\n|inactive|Battle timer is ON: inactive players will automatically lose when time's up. (requested by nabe mon)\n|\n|t:|1775921576\n|teamsize|p1|3\n|teamsize|p2|3\n|start\n|switch|p1a: Glimmora|Glimmora, L50, M|100/100\n|switch|p2a: Pelipper|Pelipper, L50, M|100/100\n|-weather|RainDance|[from] ability: Drizzle|[of] p2a: Pelipper\n|turn|1\n|\n|t:|1775921596\n|detailschange|p1a: Glimmora|Glimmora-Mega, L50, M\n|-mega|p1a: Glimmora|Glimmora|Glimmoranite\n|move|p1a: Glimmora|Power Gem|p2a: Pelipper\n|-supereffective|p2a: Pelipper|1\n|-damage|p2a: Pelipper|0 fnt\n|faint|p2a: Pelipper\n|\n|-weather|RainDance|[upkeep]\n|upkeep\n|\n|t:|1775921603\n|switch|p2a: Starmie|Starmie, L50|100/100\n|turn|2\n|j| eren_poke\n|\n|t:|1775921612\n|switch|p1a: Primarina|Primarina, L50, M|100/100\n|detailschange|p2a: Starmie|Starmie-Mega, L50\n|-mega|p2a: Starmie|Starmie|Starminite\n|move|p2a: Starmie|Liquidation|p1a: Primarina\n|-resisted|p1a: Primarina|1\n|-damage|p1a: Primarina|27/100\n|\n|-weather|RainDance|[upkeep]\n|-heal|p1a: Primarina|33/100|[from] item: Leftovers\n|upkeep\n|turn|3\n|\n|t:|1775921623\n|move|p2a: Starmie|Liquidation|p1a: Primarina\n|-resisted|p1a: Primarina|1\n|-damage|p1a: Primarina|0 fnt\n|faint|p1a: Primarina\n|\n|-weather|RainDance|[upkeep]\n|upkeep\n|\n|t:|1775921625\n|switch|p1a: Dragapult|Dragapult, L50, F|100/100\n|turn|4\n|\n|t:|1775921632\n|move|p1a: Dragapult|Shadow Ball|p2a: Starmie\n|-supereffective|p2a: Starmie|1\n|-damage|p2a: Starmie|13/100\n|-unboost|p2a: Starmie|spd|1\n|move|p2a: Starmie|Liquidation|p1a: Dragapult\n|-resisted|p1a: Dragapult|1\n|-damage|p1a: Dragapult|18/100\n|\n|-weather|RainDance|[upkeep]\n|upkeep\n|turn|5\n|\n|t:|1775921643\n|move|p1a: Dragapult|Sucker Punch|p2a: Starmie\n|-supereffective|p2a: Starmie|1\n|-damage|p2a: Starmie|0 fnt\n|faint|p2a: Starmie\n|\n|-weather|none\n|upkeep\n|\n|t:|1775921645\n|switch|p2a: Archaludon|Archaludon, L50, F|100/100\n|turn|6\n|\n|t:|1775921650\n|move|p2a: Archaludon|Flash Cannon|p1a: Dragapult\n|-damage|p1a: Dragapult|0 fnt\n|faint|p1a: Dragapult\n|\n|upkeep\n|\n|t:|1775921653\n|switch|p1a: Glimmora|Glimmora-Mega, L50, M|100/100\n|turn|7\n|\n|t:|1775921659\n|move|p2a: Archaludon|Flash Cannon|p1a: Glimmora\n|-supereffective|p1a: Glimmora|1\n|-damage|p1a: Glimmora|2/100\n|move|p1a: Glimmora|Dazzling Gleam|p2a: Archaludon\n|-damage|p2a: Archaludon|55/100\n|-ability|p2a: Archaludon|Stamina|boost\n|-boost|p2a: Archaludon|def|1\n|\n|upkeep\n|turn|8\n|\n|t:|1775921662\n|move|p2a: Archaludon|Flash Cannon|p1a: Glimmora\n|-supereffective|p1a: Glimmora|1\n|-damage|p1a: Glimmora|0 fnt\n|faint|p1a: Glimmora\n|\n|win|rakunaria\n|raw|nabe mon's rating: 1238 &rarr; <strong>1208</strong><br />(-30 for losing)\n|raw|rakunaria's rating: 1162 &rarr; <strong>1192</strong><br />(+30 for winning)\n",
  "uploadtime": 1775921664,
  "views": 72,
  "formatid": "gen9championsbssregma",
  "rating": 1192,
  "private": 0,
  "password": null
}