{
  "id": "gen9championsbssregma-2583112818",
  "format": "[Gen 9 Champions] BSS Reg M-A",
  "players": [
    "Mitarashi",
    "imagine dreepy"
  ],
  "log": "|j|\u2606Mitarashi\n|j|\u2606imagine dreepy\n|t:|1776143485\n|gametype|singles\n|player|p1|Mitarashi|265|1222\n|player|p2|imagine dreepy|unknown|1287\n|gen|9\n|tier|[Gen 9 Champions] BSS Reg M-A\n|rated|\n|rule|Species Clause: Limit one of each Pok\u00e9mon\n|rule|Item Clause: Limit 1 of each item\n|clearpoke\n|poke|p1|Tyranitar, L50, M|\n|poke|p1|Corviknight, L50, M|\n|poke|p1|Toxapex, L50, F|\n|poke|p2|Glimmora, L50, M|\n|poke|p2|Gengar, L50, F|\n|poke|p2|Lopunny, L50, M|\n|poke|p2|Garchomp, L50, F|\n|poke|p2|Corviknight, L50, F|\n|poke|p2|Rotom-Wash, L50|\n|teampreview|3\n|j| p74\n|inactive|Battle timer is ON: inactive players will automatically lose when time's up. (requested by imagine dreepy)\n|\n|t:|1776143526\n|teamsize|p1|3\n|teamsize|p2|3\n|start\n|switch|p1a: Toxapex|Toxapex, L50, F|100/100\n|switch|p2a: Rotom|Rotom-Wash, L50|100/100\n|turn|1\n|\n|t:|1776143540\n|move|p2a: Rotom|Thunder Wave|p1a: Toxapex\n|-status|p1a: Toxapex|par\n|move|p1a: Toxapex|Toxic|p2a: Rotom\n|-status|p2a: Rotom|tox\n|\n|-damage|p2a: Rotom|95/100 tox|[from] psn\n|upkeep\n|turn|2\n|\n|t:|1776143552\n|switch|p2a: Gengar|Gengar, L50, F|100/100\n|cant|p1a: Toxapex|par\n|\n|upkeep\n|turn|3\n|\n|t:|1776143557\n|switch|p1a: Tyranitar|Tyranitar, L50, M, shiny|100/100\n|-weather|Sandstorm|[from] ability: Sand Stream|[of] p1a: Tyranitar\n|detailschange|p2a: Gengar|Gengar-Mega, L50, F\n|-mega|p2a: Gengar|Gengar|Gengarite\n|move|p2a: Gengar|Substitute|p2a: Gengar\n|-start|p2a: Gengar|Substitute\n|-damage|p2a: Gengar|76/100\n|\n|-weather|Sandstorm|[upkeep]\n|-damage|p2a: Gengar|70/100|[from] Sandstorm\n|upkeep\n|turn|4\n|\n|t:|1776143572\n|detailschange|p1a: Tyranitar|Tyranitar-Mega, L50, M, shiny\n|-mega|p1a: Tyranitar|Tyranitar|Tyranitarite\n|move|p2a: Gengar|Will-O-Wisp|p1a: Tyranitar\n|-status|p1a: Tyranitar|brn\n|move|p1a: Tyranitar|Knock Off|p2a: Gengar\n|-supereffective|p2a: Gengar|1\n|-end|p2a: Gengar|Substitute\n|\n|-weather|Sandstorm|[upkeep]\n|-damage|p2a: Gengar|64/100|[from] Sandstorm\n|-damage|p1a: Tyranitar|95/100 brn|[from] brn\n|upkeep\n|turn|5\n|\n|t:|1776143585\n|switch|p2a: Corviknight|Corviknight, L50, F|100/100\n|-ability|p2a: Corviknight|Pressure\n|move|p1a: Tyranitar|Knock Off|p2a: Corviknight\n|-damage|p2a: Corviknight|80/100\n|-enditem|p2a: Corviknight|Sitrus Berry|[from] move: Knock Off|[of] p1a: Tyranitar\n|\n|-weather|Sandstorm|[upkeep]\n|-damage|p1a: Tyranitar|89/100 brn|[from] brn\n|upkeep\n|turn|6\n|\n|t:|1776143603\n|switch|p1a: Corviknight|Corviknight, L50, M, shiny|100/100\n|move|p2a: Corviknight|Iron Defense|p2a: Corviknight\n|-boost|p2a: Corviknight|def|2\n|\n|-weather|Sandstorm|[upkeep]\n|upkeep\n|turn|7\n|\n|t:|1776143612\n|move|p1a: Corviknight|Iron Defense|p1a: Corviknight\n|-boost|p1a: Corviknight|def|2\n|move|p2a: Corviknight|Body Press|p1a: Corviknight\n|-damage|p1a: Corviknight|84/100\n|\n|-weather|none\n|upkeep\n|turn|8\n|\n|t:|1776143623\n|switch|p2a: Gengar|Gengar-Mega, L50, F|64/100\n|move|p1a: Corviknight|U-turn|p2a: Gengar\n|-resisted|p2a: Gengar|2\n|-damage|p2a: Gengar|59/100\n|\n|t:|1776143628\n|switch|p1a: Tyranitar|Tyranitar-Mega, L50, M, shiny|89/100 brn|[from] U-turn\n|-weather|Sandstorm|[from] ability: Sand Stream|[of] p1a: Tyranitar\n|\n|-weather|Sandstorm|[upkeep]\n|-damage|p2a: Gengar|53/100|[from] Sandstorm\n|-damage|p1a: Tyranitar|83/100 brn|[from] brn\n|upkeep\n|turn|9\n|\n|t:|1776143639\n|switch|p2a: Corviknight|Corviknight, L50, F|80/100\n|-ability|p2a: Corviknight|Pressure\n|move|p1a: Tyranitar|Stone Edge|p2a: Corviknight|[miss]\n|-miss|p1a: Tyranitar|p2a: Corviknight\n|\n|-weather|Sandstorm|[upkeep]\n|-damage|p1a: Tyranitar|77/100 brn|[from] brn\n|upkeep\n|turn|10\n|-message|Mitarashi forfeited.\n|\n|win|imagine dreepy\n|raw|Mitarashi's rating: 1222 &rarr; <strong>1202</strong><br />(-20 for losing)\n|raw|imagine dreepy's rating: 1287 &rarr; <strong>1307</strong><br />(+20 for winning)\n|l|\u2606Mitarashi\n|player|p1|\n",
  "uploadtime": 1776143714,
  "views": 3,
  "formatid": "gen9championsbssregma",
  "rating": 1202,
  "private": 0,
  "password": null
}