{
  "id": "gen9championsbssregma-2580800992",
  "format": "[Gen 9 Champions] BSS Reg M-A",
  "players": [
    "DerpySuX",
    "popcorn312"
  ],
  "log": "|j|\u2606DerpySuX\n|j|\u2606popcorn312\n|inactive|Battle timer is ON: inactive players will automatically lose when time's up.\n|t:|1775933566\n|gametype|singles\n|player|p1|DerpySuX|#derpysux|\n|player|p2|popcorn312|ingo|\n|gen|9\n|tier|[Gen 9 Champions] BSS Reg M-A\n|rated|Tournament battle\n|rule|Species Clause: Limit one of each Pok\u00e9mon\n|rule|Item Clause: Limit 1 of each item\n|clearpoke\n|poke|p1|Gengar, L50, M|\n|poke|p1|Garchomp, L50, F|\n|poke|p1|Hippowdon, L50, M|\n|poke|p1|Primarina, L50, F|\n|poke|p1|Slowking-Galar, L50, F|\n|poke|p1|Lopunny, L50, F|\n|poke|p2|Incineroar, L50, M|\n|poke|p2|Heracross, L50, F|\n|poke|p2|Klefki, L50, M|\n|poke|p2|Torkoal, L50, M|\n|poke|p2|Araquanid, L50, M|\n|poke|p2|Toxapex, L50, F|\n|teampreview|3\n|inactive|DerpySuX also wants the timer to be on.\n|inactive|popcorn312 also wants the timer to be on.\n|j| AverageJo72\n|j| TheNewBrends11@!\n|c|\u2606DerpySuX|hf\n|\n|t:|1775933592\n|teamsize|p1|3\n|teamsize|p2|3\n|start\n|switch|p1a: Gengar|Gengar, L50, M|100/100\n|switch|p2a: Klefki|Klefki, L50, M|100/100\n|turn|1\n|j| Zangoose360\n|inactive|popcorn312 has 30 seconds left.\n|\n|t:|1775933623\n|switch|p1a: Hippowdon|Hippowdon, L50, M|100/100\n|-weather|Sandstorm|[from] ability: Sand Stream|[of] p1a: Hippowdon\n|move|p2a: Klefki|Trick Room|p2a: Klefki\n|-fieldstart|move: Trick Room|[of] p2a: Klefki\n|\n|-weather|Sandstorm|[upkeep]\n|upkeep\n|turn|2\n|\n|t:|1775933632\n|move|p1a: Hippowdon|Stealth Rock|p2a: Klefki\n|-sidestart|p2: popcorn312|move: Stealth Rock\n|move|p2a: Klefki|Dazzling Gleam|p1a: Hippowdon\n|-damage|p1a: Hippowdon|66/100\n|\n|-weather|Sandstorm|[upkeep]\n|-heal|p1a: Hippowdon|72/100|[from] item: Leftovers\n|upkeep\n|turn|3\n|\n|t:|1775933646\n|move|p1a: Hippowdon|Yawn|p2a: Klefki\n|-start|p2a: Klefki|move: Yawn|[of] p1a: Hippowdon\n|move|p2a: Klefki|Dazzling Gleam|p1a: Hippowdon\n|-damage|p1a: Hippowdon|38/100\n|\n|-weather|Sandstorm|[upkeep]\n|-heal|p1a: Hippowdon|44/100|[from] item: Leftovers\n|upkeep\n|turn|4\n|\n|t:|1775933655\n|switch|p2a: Incineroar|Incineroar, L50, M|100/100\n|-damage|p2a: Incineroar|76/100|[from] Stealth Rock\n|-ability|p2a: Incineroar|Intimidate|boost\n|-unboost|p1a: Hippowdon|atk|1\n|move|p1a: Hippowdon|Slack Off|p1a: Hippowdon\n|-heal|p1a: Hippowdon|94/100\n|\n|-weather|Sandstorm|[upkeep]\n|-damage|p2a: Incineroar|70/100|[from] Sandstorm\n|-heal|p1a: Hippowdon|100/100|[from] item: Leftovers\n|upkeep\n|turn|5\n|\n|t:|1775933663\n|switch|p1a: Primarina|Primarina, L50, F|100/100\n|move|p2a: Incineroar|Fake Out|p1a: Primarina\n|-damage|p1a: Primarina|84/100\n|\n|-weather|none\n|-fieldend|move: Trick Room\n|upkeep\n|turn|6\n|\n|t:|1775933679\n|switch|p2a: Klefki|Klefki, L50, M|100/100\n|-damage|p2a: Klefki|94/100|[from] Stealth Rock\n|move|p1a: Primarina|Sparkling Aria|p2a: Klefki\n|-damage|p2a: Klefki|29/100\n|\n|-heal|p2a: Klefki|35/100|[from] item: Leftovers\n|upkeep\n|turn|7\n|\n|t:|1775933682\n|switch|p1a: Hippowdon|Hippowdon, L50, M|100/100\n|-weather|Sandstorm|[from] ability: Sand Stream|[of] p1a: Hippowdon\n|move|p2a: Klefki|Thunder Wave|p1a: Hippowdon\n|-immune|p1a: Hippowdon\n|\n|-weather|Sandstorm|[upkeep]\n|-heal|p2a: Klefki|41/100|[from] item: Leftovers\n|upkeep\n|turn|8\n|\n|t:|1775933686\n|move|p1a: Hippowdon|Earthquake|p2a: Klefki\n|-supereffective|p2a: Klefki|1\n|-damage|p2a: Klefki|0 fnt\n|faint|p2a: Klefki\n|\n|-weather|Sandstorm|[upkeep]\n|upkeep\n|\n|t:|1775933690\n|switch|p2a: Heracross|Heracross, L50, F|100/100\n|-damage|p2a: Heracross|88/100|[from] Stealth Rock\n|turn|9\n|\n|t:|1775933696\n|detailschange|p2a: Heracross|Heracross-Mega, L50, F\n|-mega|p2a: Heracross|Heracross|Heracronite\n|move|p2a: Heracross|Bullet Seed|p1a: Hippowdon\n|-supereffective|p1a: Hippowdon|1\n|-damage|p1a: Hippowdon|86/100\n|-supereffective|p1a: Hippowdon|1\n|-damage|p1a: Hippowdon|71/100\n|-supereffective|p1a: Hippowdon|1\n|-damage|p1a: Hippowdon|57/100\n|-supereffective|p1a: Hippowdon|1\n|-damage|p1a: Hippowdon|43/100\n|-supereffective|p1a: Hippowdon|1\n|-damage|p1a: Hippowdon|29/100\n|-hitcount|p1a: Hippowdon|5\n|move|p1a: Hippowdon|Yawn|p2a: Heracross\n|-start|p2a: Heracross|move: Yawn|[of] p1a: Hippowdon\n|\n|-weather|Sandstorm|[upkeep]\n|-damage|p2a: Heracross|82/100|[from] Sandstorm\n|-heal|p1a: Hippowdon|35/100|[from] item: Leftovers\n|upkeep\n|turn|10\n|j| superhotanimebabe\n|j| Juytre\n|l| superhotanimebabe\n|\n|t:|1775933709\n|switch|p2a: Incineroar|Incineroar, L50, M|70/100\n|-damage|p2a: Incineroar|45/100|[from] Stealth Rock\n|-ability|p2a: Incineroar|Intimidate|boost\n|-unboost|p1a: Hippowdon|atk|1\n|move|p1a: Hippowdon|Slack Off|p1a: Hippowdon\n|-heal|p1a: Hippowdon|85/100\n|\n|-weather|Sandstorm|[upkeep]\n|-damage|p2a: Incineroar|39/100|[from] Sandstorm\n|-heal|p1a: Hippowdon|91/100|[from] item: Leftovers\n|upkeep\n|turn|11\n|\n|t:|1775933714\n|switch|p1a: Primarina|Primarina, L50, F|84/100\n|move|p2a: Incineroar|Fake Out|p1a: Primarina\n|-damage|p1a: Primarina|66/100\n|\n|-weather|none\n|upkeep\n|turn|12\n|\n|t:|1775933720\n|move|p1a: Primarina|Flip Turn|p2a: Incineroar\n|-supereffective|p2a: Incineroar|1\n|-damage|p2a: Incineroar|6/100\n|\n|t:|1775933722\n|switch|p1a: Hippowdon|Hippowdon, L50, M|91/100|[from] Flip Turn\n|-weather|Sandstorm|[from] ability: Sand Stream|[of] p1a: Hippowdon\n|move|p2a: Incineroar|Parting Shot|p1a: Hippowdon\n|-unboost|p1a: Hippowdon|atk|1\n|-unboost|p1a: Hippowdon|spa|1\n|j| vivipk\n|\n|t:|1775933730\n|switch|p2a: Heracross|Heracross-Mega, L50, F|82/100|[from] Parting Shot\n|-damage|p2a: Heracross|70/100|[from] Stealth Rock\n|\n|-weather|Sandstorm|[upkeep]\n|-damage|p2a: Heracross|64/100|[from] Sandstorm\n|-heal|p1a: Hippowdon|97/100|[from] item: Leftovers\n|upkeep\n|turn|13\n|j|+ElectraineHeart\n|\n|t:|1775933736\n|move|p2a: Heracross|Bullet Seed|p1a: Hippowdon\n|-supereffective|p1a: Hippowdon|1\n|-damage|p1a: Hippowdon|84/100\n|-supereffective|p1a: Hippowdon|1\n|-damage|p1a: Hippowdon|69/100\n|-supereffective|p1a: Hippowdon|1\n|-damage|p1a: Hippowdon|54/100\n|-supereffective|p1a: Hippowdon|1\n|-damage|p1a: Hippowdon|40/100\n|-supereffective|p1a: Hippowdon|1\n|-damage|p1a: Hippowdon|26/100\n|-hitcount|p1a: Hippowdon|5\n|move|p1a: Hippowdon|Yawn|p2a: Heracross\n|-start|p2a: Heracross|move: Yawn|[of] p1a: Hippowdon\n|\n|-weather|Sandstorm|[upkeep]\n|-damage|p2a: Heracross|58/100|[from] Sandstorm\n|-heal|p1a: Hippowdon|32/100|[from] item: Leftovers\n|upkeep\n|turn|14\n|\n|t:|1775933754\n|switch|p2a: Incineroar|Incineroar, L50, M|6/100\n|-damage|p2a: Incineroar|0 fnt|[from] Stealth Rock\n|faint|p2a: Incineroar\n|move|p1a: Hippowdon|Earthquake|p2: Incineroar|[notarget]\n|-fail|p1a: Hippowdon\n|\n|-weather|Sandstorm|[upkeep]\n|-heal|p1a: Hippowdon|38/100|[from] item: Leftovers\n|upkeep\n|\n|t:|1775933756\n|switch|p2a: Heracross|Heracross-Mega, L50, F|58/100\n|-damage|p2a: Heracross|46/100|[from] Stealth Rock\n|turn|15\n|\n|t:|1775933759\n|move|p2a: Heracross|Bullet Seed|p1a: Hippowdon\n|-supereffective|p1a: Hippowdon|1\n|-damage|p1a: Hippowdon|24/100\n|-supereffective|p1a: Hippowdon|1\n|-damage|p1a: Hippowdon|9/100\n|-supereffective|p1a: Hippowdon|1\n|-damage|p1a: Hippowdon|0 fnt\n|faint|p1a: Hippowdon\n|-hitcount|p1: Hippowdon|3\n|\n|-weather|Sandstorm|[upkeep]\n|-damage|p2a: Heracross|40/100|[from] Sandstorm\n|upkeep\n|\n|t:|1775933761\n|switch|p1a: Primarina|Primarina, L50, F|66/100\n|turn|16\n|\n|t:|1775933771\n|move|p2a: Heracross|Bullet Seed|p1a: Primarina\n|-supereffective|p1a: Primarina|1\n|-damage|p1a: Primarina|34/100\n|-supereffective|p1a: Primarina|1\n|-damage|p1a: Primarina|2/100\n|-supereffective|p1a: Primarina|1\n|-damage|p1a: Primarina|0 fnt\n|faint|p1a: Primarina\n|-hitcount|p1: Primarina|3\n|\n|-weather|none\n|upkeep\n|\n|t:|1775933773\n|switch|p1a: Gengar|Gengar, L50, M|100/100\n|turn|17\n|\n|t:|1775933786\n|detailschange|p1a: Gengar|Gengar-Mega, L50, M\n|-mega|p1a: Gengar|Gengar|Gengarite\n|move|p1a: Gengar|Sludge Wave|p2a: Heracross\n|-damage|p2a: Heracross|0 fnt\n|faint|p2a: Heracross\n|\n|win|DerpySuX\n|n|\u2606DerpySuX|derpysux\n|n|\u2606popcorn312|popcorn312\n|n| AverageJo72|averagejo72\n|n| TheNewBrends11@!|thenewbrends11\n|n| Zangoose360|zangoose360\n|n| Juytre|juytre\n|n| vivipk|vivipk\n|n|+ElectraineHeart|electraineheart\n|c|\u2606DerpySuX|gg\n|l|\u2606popcorn312\n|player|p2|\n|l| AverageJo72\n|l| vivipk\n|l|+ElectraineHeart\n|l|\u2606DerpySuX\n|player|p1|\n|l| Zangoose360\n|j|\u2606popcorn312\n|player|p2|popcorn312|ingo|\n",
  "uploadtime": 1775933907,
  "views": 33,
  "formatid": "gen9championsbssregma",
  "rating": null,
  "private": 0,
  "password": null
}