{
  "id": "gen9championsbssregma-2583022715",
  "format": "[Gen 9 Champions] BSS Reg M-A",
  "players": [
    "MiraidonGaming",
    "hoshigumo1101"
  ],
  "log": "|j|\u2606MiraidonGaming\n|j|\u2606hoshigumo1101\n|t:|1776134189\n|gametype|singles\n|player|p1|MiraidonGaming|lucas|1266\n|player|p2|hoshigumo1101|acetrainerf|1292\n|gen|9\n|tier|[Gen 9 Champions] BSS Reg M-A\n|rated|\n|rule|Species Clause: Limit one of each Pok\u00e9mon\n|rule|Item Clause: Limit 1 of each item\n|clearpoke\n|poke|p1|Ninetales-Alola, L50, F|\n|poke|p1|Charizard, L50, M|\n|poke|p1|Scizor, L50, M|\n|poke|p1|Sinistcha, L50|\n|poke|p1|Rotom-Wash, L50|\n|poke|p1|Salazzle, L50, F|\n|poke|p2|Aegislash, L50, M|\n|poke|p2|Kingambit, L50, M|\n|poke|p2|Garchomp, L50, F|\n|poke|p2|Volcarona, L50, M|\n|poke|p2|Greninja-*, L50, F|\n|poke|p2|Lucario, L50, F|\n|teampreview|3\n|j| Neon3581\n|\n|t:|1776134238\n|teamsize|p1|3\n|teamsize|p2|3\n|start\n|switch|p1a: Put a brick in|Rotom-Wash, L50|100/100\n|switch|p2a: Aegislash|Aegislash, L50, M|100/100\n|turn|1\n|\n|t:|1776134244\n|move|p1a: Put a brick in|Discharge|p2a: Aegislash\n|-crit|p2a: Aegislash\n|-damage|p2a: Aegislash|45/100\n|-status|p2a: Aegislash|par\n|-formechange|p2a: Aegislash|Aegislash-Blade|\n|move|p2a: Aegislash|Poltergeist|p1a: Put a brick in\n|-activate|p1a: Put a brick in|move: Poltergeist|Choice Scarf\n|-damage|p1a: Put a brick in|19/100\n|\n|upkeep\n|turn|2\n|l| Neon3581\n|j| Neon3581\n|\n|t:|1776134251\n|switch|p1a: Bruce|Charizard, L50, M|100/100\n|move|p2a: Aegislash|Shadow Sneak|p1a: Bruce\n|-damage|p1a: Bruce|73/100\n|\n|upkeep\n|turn|3\n|l| Neon3581\n|j| Neon3581\n|\n|t:|1776134256\n|move|p2a: Aegislash|Shadow Sneak|p1a: Bruce\n|-damage|p1a: Bruce|43/100\n|move|p1a: Bruce|Dragon Dance|p1a: Bruce\n|-boost|p1a: Bruce|atk|1\n|-boost|p1a: Bruce|spe|1\n|\n|upkeep\n|turn|4\n|\n|t:|1776134259\n|move|p1a: Bruce|Roost|p1a: Bruce\n|-heal|p1a: Bruce|93/100\n|-singleturn|p1a: Bruce|move: Roost\n|move|p2a: Aegislash|Poltergeist|p1a: Bruce|[miss]\n|-miss|p2a: Aegislash|p1a: Bruce\n|\n|upkeep\n|turn|5\n|\n|t:|1776134266\n|move|p2a: Aegislash|Shadow Sneak|p1a: Bruce\n|-damage|p1a: Bruce|64/100\n|move|p1a: Bruce|Dragon Dance|p1a: Bruce\n|-boost|p1a: Bruce|atk|1\n|-boost|p1a: Bruce|spe|1\n|\n|upkeep\n|turn|6\n|\n|t:|1776134273\n|move|p1a: Bruce|Roost|p1a: Bruce\n|-heal|p1a: Bruce|100/100\n|-singleturn|p1a: Bruce|move: Roost\n|cant|p2a: Aegislash|par\n|\n|upkeep\n|turn|7\n|\n|t:|1776134277\n|move|p2a: Aegislash|Shadow Sneak|p1a: Bruce\n|-damage|p1a: Bruce|69/100\n|move|p1a: Bruce|Dragon Dance|p1a: Bruce\n|-boost|p1a: Bruce|atk|1\n|-boost|p1a: Bruce|spe|1\n|\n|upkeep\n|turn|8\n|\n|t:|1776134291\n|move|p2a: Aegislash|Shadow Sneak|p1a: Bruce\n|-damage|p1a: Bruce|41/100\n|move|p1a: Bruce|Dragon Dance|p1a: Bruce\n|-boost|p1a: Bruce|atk|1\n|-boost|p1a: Bruce|spe|1\n|\n|upkeep\n|turn|9\n|\n|t:|1776134293\n|move|p1a: Bruce|Roost|p1a: Bruce\n|-heal|p1a: Bruce|91/100\n|-singleturn|p1a: Bruce|move: Roost\n|move|p2a: Aegislash|Poltergeist|p1a: Bruce\n|-activate|p1a: Bruce|move: Poltergeist|Charizardite X\n|-damage|p1a: Bruce|14/100\n|\n|upkeep\n|turn|10\n|\n|t:|1776134296\n|detailschange|p1a: Bruce|Charizard-Mega-X, L50, M\n|-mega|p1a: Bruce|Charizard|Charizardite X\n|move|p2a: Aegislash|Shadow Sneak|p1a: Bruce\n|-damage|p1a: Bruce|0 fnt\n|faint|p1a: Bruce\n|\n|upkeep\n|l| Neon3581\n|j| Neon3581\n|\n|t:|1776134300\n|switch|p1a: Tea-hee|Sinistcha, L50|100/100\n|turn|11\n|\n|t:|1776134310\n|move|p2a: Aegislash|Shadow Sneak|p1a: Tea-hee\n|-supereffective|p1a: Tea-hee|1\n|-crit|p1a: Tea-hee\n|-damage|p1a: Tea-hee|43/100\n|-enditem|p1a: Tea-hee|Sitrus Berry|[eat]\n|-heal|p1a: Tea-hee|68/100|[from] item: Sitrus Berry\n|move|p1a: Tea-hee|Strength Sap|p2a: Aegislash\n|-unboost|p2a: Aegislash|atk|1\n|-heal|p1a: Tea-hee|100/100\n|\n|upkeep\n|turn|12\n|\n|t:|1776134313\n|switch|p2a: Lucario|Lucario, L50, F|100/100\n|move|p1a: Tea-hee|Calm Mind|p1a: Tea-hee\n|-boost|p1a: Tea-hee|spa|1\n|-boost|p1a: Tea-hee|spd|1\n|\n|upkeep\n|turn|13\n|\n|t:|1776134320\n|detailschange|p2a: Lucario|Lucario-Mega, L50, F\n|-mega|p2a: Lucario|Lucario|Lucarionite\n|move|p2a: Lucario|Swords Dance|p2a: Lucario\n|-boost|p2a: Lucario|atk|2\n|move|p1a: Tea-hee|Strength Sap|p2a: Lucario\n|-unboost|p2a: Lucario|atk|1\n|\n|upkeep\n|turn|14\n|\n|t:|1776134326\n|move|p2a: Lucario|Swords Dance|p2a: Lucario\n|-boost|p2a: Lucario|atk|2\n|move|p1a: Tea-hee|Matcha Gotcha|p2a: Lucario\n|-resisted|p2a: Lucario|1\n|-damage|p2a: Lucario|60/100\n|\n|upkeep\n|turn|15\n|\n|t:|1776134332\n|move|p2a: Lucario|Stone Edge|p1a: Tea-hee\n|-crit|p1a: Tea-hee\n|-damage|p1a: Tea-hee|0 fnt\n|faint|p1a: Tea-hee\n|\n|upkeep\n|\n|t:|1776134335\n|switch|p1a: Put a brick in|Rotom-Wash, L50|19/100\n|turn|16\n|\n|t:|1776134338\n|move|p2a: Lucario|Extreme Speed|p1a: Put a brick in\n|-damage|p1a: Put a brick in|0 fnt\n|faint|p1a: Put a brick in\n|\n|win|hoshigumo1101\n|raw|MiraidonGaming's rating: 1266 &rarr; <strong>1243</strong><br />(-23 for losing)\n|raw|hoshigumo1101's rating: 1292 &rarr; <strong>1315</strong><br />(+23 for winning)\n|l|\u2606MiraidonGaming\n|player|p1|\n",
  "uploadtime": 1776134341,
  "views": 6,
  "formatid": "gen9championsbssregma",
  "rating": 1243,
  "private": 0,
  "password": null
}