{
  "id": "gen9championsbssregma-2587922520",
  "format": "[Gen 9 Champions] BSS Reg M-A",
  "players": [
    "kyotoyoko",
    "Arcaniner52"
  ],
  "log": "|j|\u2606kyotoyoko\n|j|\u2606Arcaniner52\n|t:|1776579511\n|gametype|singles\n|player|p1|kyotoyoko|caitlin|1449\n|player|p2|Arcaniner52|blue|1351\n|gen|9\n|tier|[Gen 9 Champions] BSS Reg M-A\n|rated|\n|rule|Species Clause: Limit one of each Pok\u00e9mon\n|rule|Item Clause: Limit 1 of each item\n|clearpoke\n|poke|p1|Hippowdon, L50, F|\n|poke|p1|Dragonite, L50, F, shiny|\n|poke|p1|Meowscarada, L50, F|\n|poke|p1|Kangaskhan, L50, F, shiny|\n|poke|p1|Skeledirge, L50, F, shiny|\n|poke|p1|Mimikyu, L50, F, shiny|\n|poke|p2|Dragonite, L50, M|\n|poke|p2|Aegislash, L50, M|\n|poke|p2|Ninetales-Alola, L50, F|\n|poke|p2|Meowscarada, L50, M|\n|poke|p2|Rotom-Heat, L50|\n|poke|p2|Blastoise, L50, M|\n|teampreview|3\n|inactive|Battle timer is ON: inactive players will automatically lose when time's up. (requested by kyotoyoko)\n|\n|t:|1776579535\n|teamsize|p1|3\n|teamsize|p2|3\n|start\n|switch|p1a: Meowscarada|Meowscarada, L50, F|100/100\n|switch|p2a: Ninetales|Ninetales-Alola, L50, F|100/100\n|-weather|Snowscape|[from] ability: Snow Warning|[of] p2a: Ninetales\n|turn|1\n|\n|t:|1776579546\n|move|p2a: Ninetales|Aurora Veil|p2a: Ninetales\n|-sidestart|p2: Arcaniner52|move: Aurora Veil\n|move|p1a: Meowscarada|Taunt|p2a: Ninetales\n|-start|p2a: Ninetales|move: Taunt\n|\n|-weather|Snowscape|[upkeep]\n|upkeep\n|turn|2\n|\n|t:|1776579553\n|move|p2a: Ninetales|Blizzard|p1a: Meowscarada\n|-supereffective|p1a: Meowscarada|1\n|-crit|p1a: Meowscarada\n|-enditem|p1a: Meowscarada|Focus Sash\n|-damage|p1a: Meowscarada|1/100\n|move|p1a: Meowscarada|Flower Trick|p2a: Ninetales\n|-crit|p2a: Ninetales\n|-damage|p2a: Ninetales|13/100\n|\n|-weather|Snowscape|[upkeep]\n|upkeep\n|turn|3\n|\n|t:|1776579565\n|move|p1a: Meowscarada|Sucker Punch|p2a: Ninetales\n|-resisted|p2a: Ninetales|1\n|-damage|p2a: Ninetales|5/100\n|move|p2a: Ninetales|Blizzard|p1a: Meowscarada\n|-supereffective|p1a: Meowscarada|1\n|-damage|p1a: Meowscarada|0 fnt\n|faint|p1a: Meowscarada\n|\n|-weather|Snowscape|[upkeep]\n|upkeep\n|\n|t:|1776579571\n|switch|p1a: Mimikyu|Mimikyu, L50, F, shiny|100/100\n|turn|4\n|\n|t:|1776579578\n|move|p1a: Mimikyu|Shadow Sneak|p2a: Ninetales\n|-damage|p2a: Ninetales|0 fnt\n|faint|p2a: Ninetales\n|\n|-weather|Snowscape|[upkeep]\n|upkeep\n|\n|t:|1776579585\n|switch|p2a: Aegislash|Aegislash, L50, M|100/100\n|turn|5\n|\n|t:|1776579593\n|move|p1a: Mimikyu|Swords Dance|p1a: Mimikyu\n|-boost|p1a: Mimikyu|atk|2\n|-formechange|p2a: Aegislash|Aegislash-Blade|\n|move|p2a: Aegislash|Iron Head|p1a: Mimikyu\n|-activate|p1a: Mimikyu|ability: Disguise\n|-damage|p1a: Mimikyu|100/100\n|detailschange|p1a: Mimikyu|Mimikyu-Busted, L50, F, shiny\n|-damage|p1a: Mimikyu|89/100|[from] pokemon: Mimikyu-Busted\n|\n|-weather|none\n|-sideend|p2: Arcaniner52|move: Aurora Veil\n|upkeep\n|turn|6\n|\n|t:|1776579605\n|move|p1a: Mimikyu|Shadow Sneak|p2a: Aegislash\n|-supereffective|p2a: Aegislash|1\n|-damage|p2a: Aegislash|0 fnt\n|faint|p2a: Aegislash\n|\n|upkeep\n|\n|t:|1776579610\n|switch|p2a: Blastoise|Blastoise, L50, M|100/100\n|turn|7\n|\n|t:|1776579616\n|detailschange|p2a: Blastoise|Blastoise-Mega, L50, M\n|-mega|p2a: Blastoise|Blastoise|Blastoisinite\n|move|p2a: Blastoise|Water Pulse|p1a: Mimikyu\n|-damage|p1a: Mimikyu|28/100\n|move|p1a: Mimikyu|Drain Punch|p2a: Blastoise\n|-damage|p2a: Blastoise|55/100\n|-heal|p1a: Mimikyu|50/100|[from] drain|[of] p2a: Blastoise\n|\n|upkeep\n|turn|8\n|\n|t:|1776579626\n|move|p1a: Mimikyu|Shadow Sneak|p2a: Blastoise\n|-damage|p2a: Blastoise|20/100\n|move|p2a: Blastoise|Water Pulse|p1a: Mimikyu\n|-damage|p1a: Mimikyu|0 fnt\n|faint|p1a: Mimikyu\n|\n|upkeep\n|\n|t:|1776579629\n|switch|p1a: Kangaskhan|Kangaskhan, L50, F, shiny|100/100\n|turn|9\n|\n|t:|1776579635\n|detailschange|p1a: Kangaskhan|Kangaskhan-Mega, L50, F, shiny\n|-mega|p1a: Kangaskhan|Kangaskhan|Kangaskhanite\n|move|p1a: Kangaskhan|Double-Edge|p2a: Blastoise\n|-damage|p2a: Blastoise|0 fnt\n|faint|p2a: Blastoise\n|-hitcount|p2: Blastoise|1\n|-damage|p1a: Kangaskhan|95/100|[from] Recoil\n|\n|win|kyotoyoko\n|raw|kyotoyoko's rating: 1449 &rarr; <strong>1464</strong><br />(+15 for winning)\n|raw|Arcaniner52's rating: 1351 &rarr; <strong>1336</strong><br />(-15 for losing)\n|l|\u2606kyotoyoko\n|player|p1|\n",
  "uploadtime": 1776579644,
  "views": 8,
  "formatid": "gen9championsbssregma",
  "rating": 1336,
  "private": 0,
  "password": null
}