{
  "id": "gen9championsbssregma-2583311041",
  "format": "[Gen 9 Champions] BSS Reg M-A",
  "players": [
    "hoshigumo1101",
    "lublh"
  ],
  "log": "|j|\u2606hoshigumo1101\n|j|\u2606lublh\n|t:|1776165728\n|gametype|singles\n|player|p1|hoshigumo1101|acetrainerf|1398\n|player|p2|lublh|170|1363\n|gen|9\n|tier|[Gen 9 Champions] BSS Reg M-A\n|rated|\n|rule|Species Clause: Limit one of each Pok\u00e9mon\n|rule|Item Clause: Limit 1 of each item\n|clearpoke\n|poke|p1|Aegislash, L50, F|\n|poke|p1|Kingambit, L50, M|\n|poke|p1|Garchomp, L50, F|\n|poke|p1|Volcarona, L50, F|\n|poke|p1|Gyarados, L50, F|\n|poke|p1|Dragonite, L50, M|\n|poke|p2|Meganium, L50, M|\n|poke|p2|Dragonite, L50, F|\n|poke|p2|Lopunny, L50, M|\n|poke|p2|Kleavor, L50, M|\n|poke|p2|Aegislash, L50, M|\n|poke|p2|Garchomp, L50, F|\n|teampreview|3\n|\n|t:|1776165761\n|teamsize|p1|3\n|teamsize|p2|3\n|start\n|switch|p1a: Aegislash|Aegislash, L50, F|100/100\n|switch|p2a: Garchomp|Garchomp, L50, F|100/100\n|turn|1\n|\n|t:|1776165770\n|move|p2a: Garchomp|Earthquake|p1a: Aegislash\n|-supereffective|p1a: Aegislash|1\n|-enditem|p1a: Aegislash|Focus Sash\n|-damage|p1a: Aegislash|1/100\n|-formechange|p1a: Aegislash|Aegislash-Blade|\n|move|p1a: Aegislash|Poltergeist|p2a: Garchomp\n|-activate|p2a: Garchomp|move: Poltergeist|Choice Scarf\n|-damage|p2a: Garchomp|38/100\n|\n|upkeep\n|turn|2\n|j| p74\n|\n|t:|1776165783\n|switch|p2a: Lopunny|Lopunny, L50, M|100/100\n|switch|p1a: Gyarados|Gyarados, L50, F|100/100\n|-ability|p1a: Gyarados|Intimidate|boost\n|-unboost|p2a: Lopunny|atk|1\n|\n|upkeep\n|turn|3\n|inactive|Battle timer is ON: inactive players will automatically lose when time's up. (requested by hoshigumo1101)\n|\n|t:|1776165792\n|detailschange|p2a: Lopunny|Lopunny-Mega, L50, M\n|-mega|p2a: Lopunny|Lopunny|Lopunnite\n|move|p2a: Lopunny|U-turn|p1a: Gyarados\n|-resisted|p1a: Gyarados|1\n|-damage|p1a: Gyarados|91/100\n|\n|t:|1776165796\n|switch|p2a: Dragonite|Dragonite, L50, F|100/100|[from] U-turn\n|move|p1a: Gyarados|Dragon Dance|p1a: Gyarados\n|-boost|p1a: Gyarados|atk|1\n|-boost|p1a: Gyarados|spe|1\n|\n|upkeep\n|turn|4\n|\n|t:|1776165804\n|detailschange|p1a: Gyarados|Gyarados-Mega, L50, F\n|-mega|p1a: Gyarados|Gyarados|Gyaradosite\n|-ability|p1a: Gyarados|Mold Breaker\n|move|p1a: Gyarados|Dragon Dance|p1a: Gyarados\n|-boost|p1a: Gyarados|atk|1\n|-boost|p1a: Gyarados|spe|1\n|move|p2a: Dragonite|Dragon Dance|p2a: Dragonite\n|-boost|p2a: Dragonite|atk|1\n|-boost|p2a: Dragonite|spe|1\n|\n|upkeep\n|turn|5\n|\n|t:|1776165819\n|move|p1a: Gyarados|Ice Fang|p2a: Dragonite\n|-supereffective|p2a: Dragonite|2\n|-damage|p2a: Dragonite|0 fnt\n|faint|p2a: Dragonite\n|\n|upkeep\n|\n|t:|1776165826\n|switch|p2a: Lopunny|Lopunny-Mega, L50, M|100/100\n|turn|6\n|\n|t:|1776165829\n|move|p2a: Lopunny|Fake Out|p1a: Gyarados\n|-damage|p1a: Gyarados|73/100\n|cant|p1a: Gyarados|flinch\n|\n|upkeep\n|turn|7\n|\n|t:|1776165834\n|move|p1a: Gyarados|Waterfall|p2a: Lopunny\n|-damage|p2a: Lopunny|0 fnt\n|faint|p2a: Lopunny\n|\n|upkeep\n|\n|t:|1776165838\n|switch|p2a: Garchomp|Garchomp, L50, F|38/100\n|turn|8\n|\n|t:|1776165842\n|move|p2a: Garchomp|Outrage|p1a: Gyarados\n|-damage|p1a: Gyarados|16/100\n|move|p1a: Gyarados|Ice Fang|p2a: Garchomp\n|-supereffective|p2a: Garchomp|2\n|-damage|p2a: Garchomp|0 fnt\n|-damage|p1a: Gyarados|4/100|[from] ability: Rough Skin|[of] p2a: Garchomp\n|faint|p2a: Garchomp\n|\n|win|hoshigumo1101\n|raw|hoshigumo1101's rating: 1398 &rarr; <strong>1416</strong><br />(+18 for winning)\n|raw|lublh's rating: 1363 &rarr; <strong>1345</strong><br />(-18 for losing)\n|l|\u2606lublh\n|player|p2|\n|l|\u2606hoshigumo1101\n|player|p1|\n",
  "uploadtime": 1776165927,
  "views": 4,
  "formatid": "gen9championsbssregma",
  "rating": 1345,
  "private": 0,
  "password": null
}