{
  "id": "gen9championsbssregma-2581252189",
  "format": "[Gen 9 Champions] BSS Reg M-A",
  "players": [
    "skylsh6080",
    "Hanjou Channel"
  ],
  "log": "|j|\u2606skylsh6080\n|j|\u2606Hanjou Channel\n|t:|1775976577\n|gametype|singles\n|player|p1|skylsh6080|lucas|1000\n|player|p2|Hanjou Channel|170|1040\n|gen|9\n|tier|[Gen 9 Champions] BSS Reg M-A\n|rated|\n|rule|Species Clause: Limit one of each Pok\u00e9mon\n|rule|Item Clause: Limit 1 of each item\n|clearpoke\n|poke|p1|Basculegion, L50, M|\n|poke|p1|Pelipper, L50, F|\n|poke|p1|Archaludon, L50, M|\n|poke|p1|Meganium, L50, M|\n|poke|p1|Scizor, L50, M|\n|poke|p1|Skarmory, L50, F|\n|poke|p2|Floette-Eternal, L50, F|\n|poke|p2|Tyranitar, L50, F|\n|poke|p2|Excadrill, L50, M|\n|poke|p2|Gyarados, L50, F|\n|poke|p2|Corviknight, L50, F|\n|poke|p2|Armarouge, L50, F|\n|teampreview|3\n|inactive|Battle timer is ON: inactive players will automatically lose when time's up. (requested by skylsh6080)\n|inactiveoff|Battle timer is now OFF.\n|inactive|Battle timer is ON: inactive players will automatically lose when time's up. (requested by skylsh6080)\n|\n|t:|1775976629\n|teamsize|p1|3\n|teamsize|p2|3\n|start\n|switch|p1a: Pelipper|Pelipper, L50, F|100/100\n|switch|p2a: Floette|Floette-Eternal, L50, F|100/100\n|-weather|RainDance|[from] ability: Drizzle|[of] p1a: Pelipper\n|turn|1\n|\n|t:|1775976642\n|detailschange|p2a: Floette|Floette-Mega, L50, F\n|-mega|p2a: Floette|Floette|Floettite\n|-ability|p2a: Floette|Fairy Aura\n|move|p2a: Floette|Light of Ruin|p1a: Pelipper\n|-crit|p1a: Pelipper\n|-damage|p1a: Pelipper|0 fnt\n|faint|p1a: Pelipper\n|-damage|p2a: Floette|54/100|[from] Recoil\n|\n|-weather|RainDance|[upkeep]\n|upkeep\n|\n|t:|1775976653\n|switch|p1a: Archaludon|Archaludon, L50, M|100/100\n|turn|2\n|\n|t:|1775976662\n|switch|p2a: Excadrill|Excadrill, L50, M|100/100\n|-ability|p2a: Excadrill|Mold Breaker\n|move|p1a: Archaludon|Electro Shot||[still]\n|-prepare|p1a: Archaludon|Electro Shot\n|-boost|p1a: Archaludon|spa|1\n|-anim|p1a: Archaludon|Electro Shot|p2a: Excadrill\n|-immune|p2a: Excadrill\n|\n|-weather|RainDance|[upkeep]\n|upkeep\n|turn|3\n|\n|t:|1775976674\n|switch|p1a: Basculegion|Basculegion, L50, M, shiny|100/100\n|move|p2a: Excadrill|Earthquake|p1a: Basculegion\n|-damage|p1a: Basculegion|30/100\n|\n|-weather|RainDance|[upkeep]\n|upkeep\n|turn|4\n|\n|t:|1775976684\n|switch|p2a: Gyarados|Gyarados, L50, F|100/100\n|-ability|p2a: Gyarados|Intimidate|boost\n|-unboost|p1a: Basculegion|atk|1\n|move|p1a: Basculegion|Wave Crash|p2a: Gyarados\n|-resisted|p2a: Gyarados|1\n|-damage|p2a: Gyarados|67/100\n|-damage|p1a: Basculegion|19/100|[from] Recoil\n|\n|-weather|RainDance|[upkeep]\n|upkeep\n|turn|5\n|\n|t:|1775976694\n|move|p1a: Basculegion|Flip Turn|p2a: Gyarados\n|-resisted|p2a: Gyarados|1\n|-damage|p2a: Gyarados|51/100\n|\n|t:|1775976698\n|switch|p1a: Archaludon|Archaludon, L50, M|100/100|[from] Flip Turn\n|move|p2a: Gyarados|Earthquake|p1a: Archaludon\n|-supereffective|p1a: Archaludon|1\n|-damage|p1a: Archaludon|47/100\n|-ability|p1a: Archaludon|Stamina|boost\n|-boost|p1a: Archaludon|def|1\n|\n|-weather|none\n|upkeep\n|turn|6\n|\n|t:|1775976714\n|switch|p2a: Floette|Floette-Mega, L50, F|54/100\n|-ability|p2a: Floette|Fairy Aura\n|move|p1a: Archaludon|Dark Pulse|p2a: Floette\n|-resisted|p2a: Floette|1\n|-damage|p2a: Floette|46/100\n|\n|upkeep\n|turn|7\n|-message|skylsh6080 forfeited.\n|\n|win|Hanjou Channel\n|raw|skylsh6080's rating: 1000 &rarr; <strong>1000</strong><br />(+0 for losing)\n|raw|Hanjou Channel's rating: 1040 &rarr; <strong>1070</strong><br />(+30 for winning)\n|l|\u2606skylsh6080\n|player|p1|\n|l|\u2606Hanjou Channel\n|player|p2|\n|j|\u2606Hanjou Channel\n|player|p2|Hanjou Channel|170|\n",
  "uploadtime": 1775976734,
  "views": 22,
  "formatid": "gen9championsbssregma",
  "rating": 1000,
  "private": 0,
  "password": null
}