{
  "id": "gen9championsbssregma-2584170645",
  "format": "[Gen 9 Champions] BSS Reg M-A",
  "players": [
    "fjkgher",
    "BandedRae"
  ],
  "log": "|j|\u2606fjkgher\n|j|\u2606BandedRae\n|t:|1776233787\n|gametype|singles\n|player|p1|fjkgher|1|1122\n|player|p2|BandedRae|266|1183\n|gen|9\n|tier|[Gen 9 Champions] BSS Reg M-A\n|rated|\n|rule|Species Clause: Limit one of each Pok\u00e9mon\n|rule|Item Clause: Limit 1 of each item\n|clearpoke\n|poke|p1|Banette, L50, M|\n|poke|p1|Mamoswine, L50, M|\n|poke|p1|Victreebel, L50, M|\n|poke|p1|Primarina, L50, M|\n|poke|p1|Hydreigon, L50, F|\n|poke|p1|Arcanine-Hisui, L50, F|\n|poke|p2|Alakazam, L50, F|\n|poke|p2|Glimmora, L50, F|\n|poke|p2|Garchomp, L50, M|\n|poke|p2|Sneasler, L50, M|\n|poke|p2|Volcarona, L50, F|\n|poke|p2|Clefable, L50, M|\n|teampreview|3\n|inactive|Battle timer is ON: inactive players will automatically lose when time's up. (requested by BandedRae)\n|inactive|BandedRae has 60 seconds left.\n|\n|t:|1776233860\n|teamsize|p1|3\n|teamsize|p2|3\n|start\n|switch|p1a: Primarina|Primarina, L50, M|100/100\n|switch|p2a: Glimmora|Glimmora, L50, F|100/100\n|turn|1\n|\n|t:|1776233869\n|move|p2a: Glimmora|Stealth Rock|p1a: Primarina\n|-sidestart|p1: fjkgher|move: Stealth Rock\n|move|p1a: Primarina|Hyper Voice|p2a: Glimmora\n|-supereffective|p2a: Glimmora|1\n|-enditem|p2a: Glimmora|Focus Sash\n|-damage|p2a: Glimmora|1/100\n|\n|upkeep\n|turn|2\n|\n|t:|1776233875\n|move|p2a: Glimmora|Mortal Spin|p1a: Primarina\n|-supereffective|p1a: Primarina|1\n|-damage|p1a: Primarina|90/100\n|-status|p1a: Primarina|psn\n|move|p1a: Primarina|Hyper Voice|p2a: Glimmora\n|-supereffective|p2a: Glimmora|1\n|-damage|p2a: Glimmora|0 fnt\n|faint|p2a: Glimmora\n|\n|-heal|p1a: Primarina|96/100 psn|[from] item: Leftovers\n|-damage|p1a: Primarina|83/100 psn|[from] psn\n|upkeep\n|\n|t:|1776233885\n|switch|p2a: Volcarona|Volcarona, L50, F|100/100\n|turn|3\n|\n|t:|1776233889\n|move|p2a: Volcarona|Quiver Dance|p2a: Volcarona\n|-boost|p2a: Volcarona|spa|1\n|-boost|p2a: Volcarona|spd|1\n|-boost|p2a: Volcarona|spe|1\n|move|p1a: Primarina|Hyper Voice|p2a: Volcarona\n|-supereffective|p2a: Volcarona|1\n|-damage|p2a: Volcarona|49/100\n|\n|-heal|p2a: Volcarona|56/100|[from] item: Leftovers\n|-heal|p1a: Primarina|89/100 psn|[from] item: Leftovers\n|-damage|p1a: Primarina|77/100 psn|[from] psn\n|upkeep\n|turn|4\n|\n|t:|1776233899\n|move|p2a: Volcarona|Giga Drain|p1a: Primarina\n|-supereffective|p1a: Primarina|1\n|-damage|p1a: Primarina|22/100 psn\n|-heal|p2a: Volcarona|85/100|[from] drain|[of] p1a: Primarina\n|move|p1a: Primarina|Hyper Voice|p2a: Volcarona\n|-supereffective|p2a: Volcarona|1\n|-damage|p2a: Volcarona|33/100\n|\n|-heal|p2a: Volcarona|40/100|[from] item: Leftovers\n|-heal|p1a: Primarina|28/100 psn|[from] item: Leftovers\n|-damage|p1a: Primarina|16/100 psn|[from] psn\n|upkeep\n|turn|5\n|\n|t:|1776233913\n|move|p2a: Volcarona|Quiver Dance|p2a: Volcarona\n|-boost|p2a: Volcarona|spa|1\n|-boost|p2a: Volcarona|spd|1\n|-boost|p2a: Volcarona|spe|1\n|move|p1a: Primarina|Hyper Voice|p2a: Volcarona\n|-supereffective|p2a: Volcarona|1\n|-damage|p2a: Volcarona|0 fnt\n|faint|p2a: Volcarona\n|\n|-heal|p1a: Primarina|22/100 psn|[from] item: Leftovers\n|-damage|p1a: Primarina|10/100 psn|[from] psn\n|upkeep\n|\n|t:|1776233923\n|switch|p2a: Garchomp|Garchomp, L50, M|100/100\n|turn|6\n|\n|t:|1776233930\n|move|p2a: Garchomp|Earthquake|p1a: Primarina\n|-damage|p1a: Primarina|0 fnt\n|faint|p1a: Primarina\n|\n|upkeep\n|\n|t:|1776233933\n|switch|p1a: Banette|Banette, L50, M|100/100\n|-damage|p1a: Banette|88/100|[from] Stealth Rock\n|-item|p2a: Garchomp|Soft Sand|[from] ability: Frisk|[of] p1a: Banette\n|turn|7\n|\n|t:|1776233936\n|detailschange|p1a: Banette|Banette-Mega, L50, M\n|-mega|p1a: Banette|Banette|Banettite\n|move|p1a: Banette|Destiny Bond|p1a: Banette\n|-singlemove|p1a: Banette|Destiny Bond\n|move|p2a: Garchomp|Scale Shot|p1a: Banette\n|-damage|p1a: Banette|72/100\n|-damage|p1a: Banette|54/100\n|-damage|p1a: Banette|38/100\n|-damage|p1a: Banette|20/100\n|-hitcount|p1a: Banette|4\n|-unboost|p2a: Garchomp|def|1\n|-boost|p2a: Garchomp|spe|1\n|\n|upkeep\n|turn|8\n|\n|t:|1776233956\n|move|p2a: Garchomp|Rock Tomb|p1a: Banette\n|-damage|p1a: Banette|0 fnt\n|faint|p1a: Banette\n|-activate|p1a: Banette|move: Destiny Bond\n|faint|p2a: Garchomp\n|\n|win|fjkgher\n|raw|fjkgher's rating: 1122 &rarr; <strong>1151</strong><br />(+29 for winning)\n|raw|BandedRae's rating: 1183 &rarr; <strong>1154</strong><br />(-29 for losing)\n|l|\u2606BandedRae\n|player|p2|\n",
  "uploadtime": 1776233982,
  "views": 11,
  "formatid": "gen9championsbssregma",
  "rating": 1151,
  "private": 0,
  "password": null
}