{
  "id": "gen9championsbssregma-2583112519",
  "format": "[Gen 9 Champions] BSS Reg M-A",
  "players": [
    "mathismathin",
    "coldrollin"
  ],
  "log": "|j|\u2606mathismathin\n|j|\u2606coldrollin\n|t:|1776143448\n|gametype|singles\n|player|p1|mathismathin|bugsy-masters|1213\n|player|p2|coldrollin|bugcatcher-gen4dp|1110\n|gen|9\n|tier|[Gen 9 Champions] BSS Reg M-A\n|rated|\n|rule|Species Clause: Limit one of each Pok\u00e9mon\n|rule|Item Clause: Limit 1 of each item\n|clearpoke\n|poke|p1|Aegislash, L50, F|\n|poke|p1|Meganium, L50, M|\n|poke|p1|Sneasler, L50, F|\n|poke|p1|Dragapult, L50, F|\n|poke|p1|Lycanroc-Dusk, L50, M|\n|poke|p1|Tyranitar, L50, M|\n|poke|p2|Polteageist, L50|\n|poke|p2|Hatterene, L50, F|\n|poke|p2|Sneasler, L50, M|\n|poke|p2|Krookodile, L50, F|\n|poke|p2|Venusaur, L50, F|\n|poke|p2|Corviknight, L50, F|\n|teampreview|3\n|inactive|Battle timer is ON: inactive players will automatically lose when time's up. (requested by coldrollin)\n|\n|t:|1776143469\n|teamsize|p1|3\n|teamsize|p2|3\n|start\n|switch|p1a: Dragapult|Dragapult, L50, F|100/100\n|switch|p2a: Polteageist|Polteageist, L50|100/100\n|turn|1\n|inactive|mathismathin has 30 seconds left.\n|\n|t:|1776143495\n|move|p1a: Dragapult|Thunder Wave|p2a: Polteageist|[miss]\n|-miss|p1a: Dragapult|p2a: Polteageist\n|move|p2a: Polteageist|Shell Smash|p2a: Polteageist\n|-unboost|p2a: Polteageist|def|1\n|-unboost|p2a: Polteageist|spd|1\n|-boost|p2a: Polteageist|atk|2\n|-boost|p2a: Polteageist|spa|2\n|-boost|p2a: Polteageist|spe|2\n|-enditem|p2a: Polteageist|White Herb\n|-clearnegativeboost|p2a: Polteageist|[silent]\n|\n|upkeep\n|turn|2\n|\n|t:|1776143502\n|move|p2a: Polteageist|Shadow Ball|p1a: Dragapult\n|-supereffective|p1a: Dragapult|1\n|-enditem|p1a: Dragapult|Focus Sash\n|-damage|p1a: Dragapult|1/100\n|move|p1a: Dragapult|Thunder Wave|p2a: Polteageist\n|-status|p2a: Polteageist|par\n|\n|upkeep\n|turn|3\n|\n|t:|1776143511\n|move|p1a: Dragapult|Hex|p2a: Polteageist\n|-supereffective|p2a: Polteageist|1\n|-damage|p2a: Polteageist|0 fnt\n|faint|p2a: Polteageist\n|\n|upkeep\n|\n|t:|1776143516\n|switch|p2a: Venusaur|Venusaur, L50, F|100/100\n|turn|4\n|\n|t:|1776143519\n|detailschange|p2a: Venusaur|Venusaur-Mega, L50, F\n|-mega|p2a: Venusaur|Venusaur|Venusaurite\n|move|p1a: Dragapult|Thunder Wave|p2a: Venusaur\n|-status|p2a: Venusaur|par\n|move|p2a: Venusaur|Sludge Bomb|p1a: Dragapult\n|-resisted|p1a: Dragapult|1\n|-damage|p1a: Dragapult|0 fnt\n|faint|p1a: Dragapult\n|\n|upkeep\n|\n|t:|1776143523\n|switch|p1a: Aegislash|Aegislash, L50, F|100/100\n|turn|5\n|\n|t:|1776143524\n|move|p1a: Aegislash|Swords Dance|p1a: Aegislash\n|-boost|p1a: Aegislash|atk|2\n|move|p2a: Venusaur|Earth Power|p1a: Aegislash\n|-supereffective|p1a: Aegislash|1\n|-damage|p1a: Aegislash|46/100\n|\n|upkeep\n|turn|6\n|\n|t:|1776143527\n|-formechange|p1a: Aegislash|Aegislash-Blade|\n|move|p1a: Aegislash|Poltergeist|p2a: Venusaur\n|-activate|p2a: Venusaur|move: Poltergeist|Venusaurite\n|-crit|p2a: Venusaur\n|-damage|p2a: Venusaur|0 fnt\n|faint|p2a: Venusaur\n|\n|upkeep\n|\n|t:|1776143532\n|switch|p2a: Corviknight|Corviknight, L50, F|100/100\n|-ability|p2a: Corviknight|Pressure\n|turn|7\n|\n|t:|1776143534\n|move|p1a: Aegislash|Poltergeist|p2a: Corviknight\n|-activate|p2a: Corviknight|move: Poltergeist|Leftovers\n|-damage|p2a: Corviknight|0 fnt\n|faint|p2a: Corviknight\n|\n|win|mathismathin\n|raw|mathismathin's rating: 1257 &rarr; <strong>1272</strong><br />(+15 for winning)\n|raw|coldrollin's rating: 1110 &rarr; <strong>1095</strong><br />(-15 for losing)\n",
  "uploadtime": 1776143535,
  "views": 2,
  "formatid": "gen9championsbssregma",
  "rating": 1095,
  "private": 0,
  "password": null
}