{
  "id": "gen9championsbssregma-2584065005",
  "format": "[Gen 9 Champions] BSS Reg M-A",
  "players": [
    "BJZJS",
    "karbain"
  ],
  "log": "|j|\u2606BJZJS\n|j|\u2606karbain\n|t:|1776221610\n|gametype|singles\n|player|p1|BJZJS|265|1360\n|player|p2|karbain|2|1436\n|gen|9\n|tier|[Gen 9 Champions] BSS Reg M-A\n|rated|\n|rule|Species Clause: Limit one of each Pok\u00e9mon\n|rule|Item Clause: Limit 1 of each item\n|clearpoke\n|poke|p1|Lycanroc-Dusk, L50, M|\n|poke|p1|Starmie, L50|\n|poke|p1|Archaludon, L50, F|\n|poke|p1|Delphox, L50, F|\n|poke|p1|Meowscarada, L50, F|\n|poke|p1|Mimikyu, L50, F|\n|poke|p2|Charizard, L50, F|\n|poke|p2|Greninja-*, L50, F|\n|poke|p2|Meowscarada, L50, F|\n|poke|p2|Gengar, L50, F|\n|poke|p2|Whimsicott, L50, F|\n|poke|p2|Archaludon, L50, F|\n|teampreview|3\n|inactive|Battle timer is ON: inactive players will automatically lose when time's up. (requested by BJZJS)\n|\n|t:|1776221636\n|teamsize|p1|3\n|teamsize|p2|3\n|start\n|switch|p1a: Archaludon|Archaludon, L50, F|100/100\n|switch|p2a: Greninja|Greninja, L50, F|100/100\n|turn|1\n|\n|t:|1776221643\n|move|p2a: Greninja|Dark Pulse|p1a: Archaludon\n|-damage|p1a: Archaludon|53/100\n|-ability|p1a: Archaludon|Stamina|boost\n|-boost|p1a: Archaludon|def|1\n|cant|p1a: Archaludon|flinch\n|\n|upkeep\n|turn|2\n|\n|t:|1776221649\n|move|p2a: Greninja|Dark Pulse|p1a: Archaludon\n|-damage|p1a: Archaludon|7/100\n|-ability|p1a: Archaludon|Stamina|boost\n|-boost|p1a: Archaludon|def|1\n|-enditem|p1a: Archaludon|Sitrus Berry|[eat]\n|-heal|p1a: Archaludon|32/100|[from] item: Sitrus Berry\n|move|p1a: Archaludon|Aura Sphere|p2a: Greninja\n|-supereffective|p2a: Greninja|1\n|-damage|p2a: Greninja|13/100\n|\n|upkeep\n|turn|3\n|\n|t:|1776221658\n|move|p2a: Greninja|Dark Pulse|p1a: Archaludon\n|-damage|p1a: Archaludon|0 fnt\n|faint|p1a: Archaludon\n|\n|upkeep\n|\n|t:|1776221660\n|switch|p1a: Lycanroc|Lycanroc-Dusk, L50, M|100/100\n|turn|4\n|\n|t:|1776221665\n|move|p2a: Greninja|Water Shuriken|p1a: Lycanroc\n|-supereffective|p1a: Lycanroc|1\n|-damage|p1a: Lycanroc|65/100\n|-supereffective|p1a: Lycanroc|1\n|-damage|p1a: Lycanroc|28/100\n|-hitcount|p1a: Lycanroc|2\n|move|p1a: Lycanroc|Accelerock|p2a: Greninja\n|-damage|p2a: Greninja|0 fnt\n|faint|p2a: Greninja\n|\n|upkeep\n|\n|t:|1776221674\n|switch|p2a: Archaludon|Archaludon, L50, F|100/100\n|turn|5\n|\n|t:|1776221682\n|move|p1a: Lycanroc|Endeavor|p2a: Archaludon\n|-damage|p2a: Archaludon|22/100\n|-ability|p2a: Archaludon|Stamina|boost\n|-boost|p2a: Archaludon|def|1\n|-enditem|p2a: Archaludon|Sitrus Berry|[eat]\n|-heal|p2a: Archaludon|47/100|[from] item: Sitrus Berry\n|move|p2a: Archaludon|Flash Cannon|p1a: Lycanroc\n|-supereffective|p1a: Lycanroc|1\n|-damage|p1a: Lycanroc|0 fnt\n|faint|p1a: Lycanroc\n|\n|upkeep\n|j| p74\n|\n|t:|1776221696\n|switch|p1a: Delphox|Delphox, L50, F|100/100\n|turn|6\n|\n|t:|1776221701\n|detailschange|p1a: Delphox|Delphox-Mega, L50, F\n|-mega|p1a: Delphox|Delphox|Delphoxite\n|move|p1a: Delphox|Calm Mind|p1a: Delphox\n|-boost|p1a: Delphox|spa|1\n|-boost|p1a: Delphox|spd|1\n|move|p2a: Archaludon|Draco Meteor|p1a: Delphox\n|-damage|p1a: Delphox|68/100\n|-unboost|p2a: Archaludon|spa|2\n|\n|upkeep\n|turn|7\n|\n|t:|1776221709\n|switch|p2a: Whimsicott|Whimsicott, L50, F|100/100\n|move|p1a: Delphox|Flamethrower|p2a: Whimsicott\n|-supereffective|p2a: Whimsicott|1\n|-damage|p2a: Whimsicott|0 fnt\n|faint|p2a: Whimsicott\n|\n|upkeep\n|-message|karbain forfeited.\n|\n|win|BJZJS\n|raw|BJZJS's rating: 1360 &rarr; <strong>1384</strong><br />(+24 for winning)\n|raw|karbain's rating: 1436 &rarr; <strong>1412</strong><br />(-24 for losing)\n|l|\u2606karbain\n|player|p2|\n|l|\u2606BJZJS\n|player|p1|\n",
  "uploadtime": 1776221752,
  "views": 12,
  "formatid": "gen9championsbssregma",
  "rating": 1384,
  "private": 0,
  "password": null
}