{
  "id": "gen9championsbssregma-2587894678",
  "format": "[Gen 9 Champions] BSS Reg M-A",
  "players": [
    "sadalmelik",
    "atl31"
  ],
  "log": "|j|\u2606sadalmelik\n|j|\u2606atl31\n|t:|1776575737\n|gametype|singles\n|player|p1|sadalmelik|101|1360\n|player|p2|atl31|dawn|1408\n|gen|9\n|tier|[Gen 9 Champions] BSS Reg M-A\n|rated|\n|rule|Species Clause: Limit one of each Pok\u00e9mon\n|rule|Item Clause: Limit 1 of each item\n|clearpoke\n|poke|p1|Basculegion, L50, M|\n|poke|p1|Dragonite, L50, F|\n|poke|p1|Glimmora, L50, F|\n|poke|p1|Espathra, L50, M|\n|poke|p1|Kingambit, L50, F|\n|poke|p1|Floette-Eternal, L50, F|\n|poke|p2|Garchomp, L50, F|\n|poke|p2|Corviknight, L50, F|\n|poke|p2|Primarina, L50, M|\n|poke|p2|Delphox, L50, M|\n|poke|p2|Lopunny, L50, M|\n|poke|p2|Meowscarada, L50, M|\n|teampreview|3\n|inactive|Battle timer is ON: inactive players will automatically lose when time's up. (requested by atl31)\n|inactive|sadalmelik also wants the timer to be on.\n|j| Oasis of Storms\n|inactive|sadalmelik has 60 seconds left.\n|inactive|atl31 has 60 seconds left.\n|inactive|sadalmelik has 30 seconds left.\n|inactive|atl31 has 30 seconds left.\n|\n|t:|1776575801\n|teamsize|p1|3\n|teamsize|p2|3\n|start\n|switch|p1a: Glimmora|Glimmora, L50, F|100/100\n|switch|p2a: Primarina|Primarina, L50, M|100/100\n|turn|1\n|\n|t:|1776575816\n|move|p1a: Glimmora|Mortal Spin|p2a: Primarina\n|-supereffective|p2a: Primarina|1\n|-damage|p2a: Primarina|84/100\n|-status|p2a: Primarina|psn\n|move|p2a: Primarina|Sparkling Aria|p1a: Glimmora\n|-supereffective|p1a: Glimmora|1\n|-enditem|p1a: Glimmora|Focus Sash\n|-damage|p1a: Glimmora|1/100\n|\n|-damage|p2a: Primarina|72/100 psn|[from] psn\n|upkeep\n|turn|2\n|\n|t:|1776575826\n|move|p1a: Glimmora|Stealth Rock|p2a: Primarina\n|-sidestart|p2: atl31|move: Stealth Rock\n|move|p2a: Primarina|Sparkling Aria|p1a: Glimmora\n|-supereffective|p1a: Glimmora|1\n|-damage|p1a: Glimmora|0 fnt\n|faint|p1a: Glimmora\n|\n|-damage|p2a: Primarina|60/100 psn|[from] psn\n|upkeep\n|\n|t:|1776575834\n|switch|p1a: Espathra|Espathra, L50, M|100/100\n|turn|3\n|inactive|sadalmelik has 30 seconds left.\n|\n|t:|1776575865\n|move|p1a: Espathra|Calm Mind|p1a: Espathra\n|-boost|p1a: Espathra|spa|1\n|-boost|p1a: Espathra|spd|1\n|move|p2a: Primarina|Flip Turn|p1a: Espathra\n|-damage|p1a: Espathra|85/100\n|\n|t:|1776575874\n|switch|p2a: Garchomp|Garchomp, L50, F|100/100|[from] Flip Turn\n|-damage|p2a: Garchomp|95/100|[from] Stealth Rock\n|\n|-ability|p1a: Espathra|Speed Boost|boost\n|-boost|p1a: Espathra|spe|1\n|upkeep\n|turn|4\n|j| Short Story Long\n|inactive|sadalmelik has 30 seconds left.\n|\n|t:|1776575904\n|move|p1a: Espathra|Protect|p1a: Espathra\n|-singleturn|p1a: Espathra|Protect\n|move|p2a: Garchomp|Outrage|p1a: Espathra\n|-activate|p1a: Espathra|move: Protect\n|\n|-ability|p1a: Espathra|Speed Boost|boost\n|-boost|p1a: Espathra|spe|1\n|upkeep\n|turn|5\n|inactive|sadalmelik has 30 seconds left.\n|inactive|sadalmelik has 20 seconds left.\n|inactive|sadalmelik has 15 seconds left.\n|inactive|sadalmelik has 10 seconds left.\n|\n|t:|1776575951\n|move|p1a: Espathra|Baton Pass|p1a: Espathra\n|\n|t:|1776575952\n|switch|p1a: Dragonite|Dragonite, L50, F|100/100|[from] Baton Pass\n|move|p2a: Garchomp|Outrage|p1a: Dragonite\n|-supereffective|p1a: Dragonite|1\n|-damage|p1a: Dragonite|37/100\n|\n|upkeep\n|turn|6\n|\n|t:|1776575962\n|detailschange|p1a: Dragonite|Dragonite-Mega, L50, F\n|-mega|p1a: Dragonite|Dragonite|Dragoninite\n|move|p1a: Dragonite|Dragon Pulse|p2a: Garchomp\n|-supereffective|p2a: Garchomp|1\n|-damage|p2a: Garchomp|0 fnt\n|faint|p2a: Garchomp\n|\n|upkeep\n|\n|t:|1776575970\n|switch|p2a: Lopunny|Lopunny, L50, M|100/100\n|-damage|p2a: Lopunny|89/100|[from] Stealth Rock\n|turn|7\n|\n|t:|1776575985\n|detailschange|p2a: Lopunny|Lopunny-Mega, L50, M\n|-mega|p2a: Lopunny|Lopunny|Lopunnite\n|move|p2a: Lopunny|Fake Out|p1a: Dragonite\n|-damage|p1a: Dragonite|20/100\n|cant|p1a: Dragonite|flinch\n|\n|upkeep\n|turn|8\n|\n|t:|1776576000\n|switch|p2a: Primarina|Primarina, L50, M|60/100 psn\n|-damage|p2a: Primarina|48/100 psn|[from] Stealth Rock\n|-enditem|p2a: Primarina|Sitrus Berry|[eat]\n|-heal|p2a: Primarina|72/100 psn|[from] item: Sitrus Berry\n|move|p1a: Dragonite|Dragon Pulse|p2a: Primarina\n|-immune|p2a: Primarina\n|\n|-damage|p2a: Primarina|60/100 psn|[from] psn\n|upkeep\n|turn|9\n|j| p74\n|\n|t:|1776576019\n|move|p1a: Dragonite|Roost|p1a: Dragonite\n|-heal|p1a: Dragonite|70/100\n|-singleturn|p1a: Dragonite|move: Roost\n|move|p2a: Primarina|Moonblast|p1a: Dragonite\n|-supereffective|p1a: Dragonite|1\n|-damage|p1a: Dragonite|12/100\n|\n|-damage|p2a: Primarina|48/100 psn|[from] psn\n|upkeep\n|turn|10\n|\n|t:|1776576029\n|move|p1a: Dragonite|Thunderbolt|p2a: Primarina\n|-supereffective|p2a: Primarina|1\n|-damage|p2a: Primarina|0 fnt\n|faint|p2a: Primarina\n|\n|upkeep\n|\n|t:|1776576031\n|switch|p2a: Lopunny|Lopunny-Mega, L50, M|89/100\n|-damage|p2a: Lopunny|83/100|[from] Stealth Rock\n|turn|11\n|\n|t:|1776576037\n|move|p2a: Lopunny|Fake Out|p1a: Dragonite\n|-damage|p1a: Dragonite|0 fnt\n|faint|p1a: Dragonite\n|\n|upkeep\n|l| Short Story Long\n|\n|t:|1776576046\n|switch|p1a: Espathra|Espathra, L50, M|85/100\n|turn|12\n|\n|t:|1776576053\n|move|p1a: Espathra|Protect|p1a: Espathra\n|-singleturn|p1a: Espathra|Protect\n|move|p2a: Lopunny|U-turn|p1a: Espathra\n|-activate|p1a: Espathra|move: Protect\n|\n|-ability|p1a: Espathra|Speed Boost|boost\n|-boost|p1a: Espathra|spe|1\n|upkeep\n|turn|13\n|\n|t:|1776576060\n|move|p1a: Espathra|Lumina Crash|p2a: Lopunny\n|-supereffective|p2a: Lopunny|1\n|-damage|p2a: Lopunny|5/100\n|-unboost|p2a: Lopunny|spd|2\n|move|p2a: Lopunny|U-turn|p1a: Espathra\n|-supereffective|p1a: Espathra|1\n|-damage|p1a: Espathra|37/100\n|-enditem|p1a: Espathra|Sitrus Berry|[eat]\n|-heal|p1a: Espathra|61/100|[from] item: Sitrus Berry\n|\n|-ability|p1a: Espathra|Speed Boost|boost\n|-boost|p1a: Espathra|spe|1\n|upkeep\n|turn|14\n|\n|t:|1776576071\n|move|p1a: Espathra|Lumina Crash|p2a: Lopunny\n|-supereffective|p2a: Lopunny|1\n|-damage|p2a: Lopunny|0 fnt\n|faint|p2a: Lopunny\n|\n|win|sadalmelik\n|raw|sadalmelik's rating: 1360 &rarr; <strong>1383</strong><br />(+23 for winning)\n|raw|atl31's rating: 1408 &rarr; <strong>1385</strong><br />(-23 for losing)\n|l|\u2606atl31\n|player|p2|\n",
  "uploadtime": 1776576117,
  "views": 6,
  "formatid": "gen9championsbssregma",
  "rating": 1383,
  "private": 0,
  "password": null
}