{
  "id": "gen9championsbssregma-2584946637",
  "format": "[Gen 9 Champions] BSS Reg M-A",
  "players": [
    "gh4q121",
    "dtatatawd"
  ],
  "log": "|j|\u2606gh4q121\n|j|\u2606dtatatawd\n|t:|1776297062\n|gametype|singles\n|player|p1|gh4q121|hilbert-wonderlauncher|1091\n|player|p2|dtatatawd|169|1110\n|gen|9\n|tier|[Gen 9 Champions] BSS Reg M-A\n|rated|\n|rule|Species Clause: Limit one of each Pok\u00e9mon\n|rule|Item Clause: Limit 1 of each item\n|clearpoke\n|poke|p1|Charizard, L50, M|\n|poke|p1|Sneasler, L50, F|\n|poke|p1|Primarina, L50, F|\n|poke|p1|Lucario, L50, F|\n|poke|p1|Garchomp, L50, M|\n|poke|p1|Meowscarada, L50, M|\n|poke|p2|Slowking, L50, F|\n|poke|p2|Torkoal, L50, M|\n|poke|p2|Scizor, L50, F|\n|poke|p2|Ditto, L50|\n|poke|p2|Umbreon, L50, F|\n|poke|p2|Feraligatr, L50, F|\n|teampreview|3\n|inactive|Battle timer is ON: inactive players will automatically lose when time's up. (requested by dtatatawd)\n|\n|t:|1776297086\n|teamsize|p1|3\n|teamsize|p2|3\n|start\n|switch|p1a: Sneasler|Sneasler, L50, F|100/100\n|switch|p2a: Slowking|Slowking, L50, F|100/100\n|turn|1\n|\n|t:|1776297097\n|switch|p1a: Primarina|Primarina, L50, F|100/100\n|move|p2a: Slowking|Reflect|p2a: Slowking\n|-sidestart|p2: dtatatawd|Reflect\n|\n|upkeep\n|turn|2\n|\n|t:|1776297103\n|move|p1a: Primarina|Calm Mind|p1a: Primarina\n|-boost|p1a: Primarina|spa|1\n|-boost|p1a: Primarina|spd|1\n|move|p2a: Slowking|Light Screen|p2a: Slowking\n|-sidestart|p2: dtatatawd|move: Light Screen\n|\n|upkeep\n|turn|3\n|\n|t:|1776297108\n|move|p1a: Primarina|Calm Mind|p1a: Primarina\n|-boost|p1a: Primarina|spa|1\n|-boost|p1a: Primarina|spd|1\n|move|p2a: Slowking|Future Sight|p1a: Primarina\n|-start|p2a: Slowking|move: Future Sight\n|\n|upkeep\n|turn|4\n|\n|t:|1776297115\n|move|p1a: Primarina|Calm Mind|p1a: Primarina\n|-boost|p1a: Primarina|spa|1\n|-boost|p1a: Primarina|spd|1\n|move|p2a: Slowking|Trick Room|p2a: Slowking\n|-fieldstart|move: Trick Room|[of] p2a: Slowking\n|\n|upkeep\n|turn|5\n|\n|t:|1776297120\n|switch|p2a: Torkoal|Torkoal, L50, M|100/100\n|-weather|SunnyDay|[from] ability: Drought|[of] p2a: Torkoal\n|move|p1a: Primarina|Calm Mind|p1a: Primarina\n|-boost|p1a: Primarina|spa|1\n|-boost|p1a: Primarina|spd|1\n|\n|-weather|SunnyDay|[upkeep]\n|-end|p1a: Primarina|move: Future Sight\n|-damage|p1a: Primarina|88/100\n|-heal|p1a: Primarina|94/100|[from] item: Leftovers\n|-sideend|p2: dtatatawd|Reflect\n|upkeep\n|turn|6\n|\n|t:|1776297132\n|move|p2a: Torkoal|Eruption|p1a: Primarina\n|-resisted|p1a: Primarina|1\n|-damage|p1a: Primarina|79/100\n|move|p1a: Primarina|Calm Mind|p1a: Primarina\n|-boost|p1a: Primarina|spa|1\n|-boost|p1a: Primarina|spd|1\n|\n|-weather|SunnyDay|[upkeep]\n|-heal|p1a: Primarina|84/100|[from] item: Leftovers\n|-sideend|p2: dtatatawd|move: Light Screen\n|upkeep\n|turn|7\n|\n|t:|1776297148\n|switch|p2a: Feraligatr|Feraligatr, L50, F|100/100\n|move|p1a: Primarina|Hyper Voice|p2a: Feraligatr\n|-resisted|p2a: Feraligatr|1\n|-damage|p2a: Feraligatr|50/100\n|\n|-weather|SunnyDay|[upkeep]\n|-heal|p1a: Primarina|90/100|[from] item: Leftovers\n|upkeep\n|turn|8\n|\n|t:|1776297158\n|move|p1a: Primarina|Moonblast|p2a: Feraligatr\n|-damage|p2a: Feraligatr|0 fnt\n|faint|p2a: Feraligatr\n|\n|-weather|SunnyDay|[upkeep]\n|-heal|p1a: Primarina|96/100|[from] item: Leftovers\n|-fieldend|move: Trick Room\n|upkeep\n|-message|dtatatawd forfeited.\n|\n|win|gh4q121\n|raw|gh4q121's rating: 1091 &rarr; <strong>1119</strong><br />(+28 for winning)\n|raw|dtatatawd's rating: 1110 &rarr; <strong>1084</strong><br />(-26 for losing)\n|l|\u2606dtatatawd\n|player|p2|\n",
  "uploadtime": 1776297164,
  "views": 14,
  "formatid": "gen9championsbssregma",
  "rating": 1084,
  "private": 0,
  "password": null
}