{
  "id": "gen9championsbssregma-2588661720",
  "format": "[Gen 9 Champions] BSS Reg M-A",
  "players": [
    "Gshs5",
    "reflet114"
  ],
  "log": "|j|\u2606Gshs5\n|j|\u2606reflet114\n|t:|1776654996\n|gametype|singles\n|player|p1|Gshs5|2|1157\n|player|p2|reflet114|170|1114\n|gen|9\n|tier|[Gen 9 Champions] BSS Reg M-A\n|rated|\n|rule|Species Clause: Limit one of each Pok\u00e9mon\n|rule|Item Clause: Limit 1 of each item\n|clearpoke\n|poke|p1|Garchomp, L50, F|\n|poke|p1|Gyarados, L50, F|\n|poke|p1|Absol, L50, M|\n|poke|p1|Aegislash, L50, F|\n|poke|p1|Pinsir, L50, F|\n|poke|p1|Serperior, L50, F|\n|poke|p2|Kangaskhan, L50, F|\n|poke|p2|Basculegion, L50, M|\n|poke|p2|Primarina, L50, F|\n|poke|p2|Dragonite, L50, F|\n|poke|p2|Garchomp, L50, M|\n|poke|p2|Aegislash, L50, F|\n|teampreview|3\n|\n|t:|1776655064\n|teamsize|p1|3\n|teamsize|p2|3\n|start\n|switch|p1a: Absol|Absol, L50, M|100/100\n|switch|p2a: Primarina|Primarina, L50, F|100/100\n|-ability|p1a: Absol|Pressure\n|turn|1\n|inactive|Battle timer is ON: inactive players will automatically lose when time's up. (requested by Gshs5)\n|\n|t:|1776655075\n|switch|p1a: Serperior|Serperior, L50, F|100/100\n|move|p2a: Primarina|Moonblast|p1a: Serperior\n|-damage|p1a: Serperior|52/100\n|\n|upkeep\n|turn|2\n|\n|t:|1776655089\n|move|p2a: Primarina|Protect|p2a: Primarina\n|-singleturn|p2a: Primarina|Protect\n|move|p1a: Serperior|Glare|p2a: Primarina\n|-activate|p2a: Primarina|move: Protect\n|\n|upkeep\n|turn|3\n|\n|t:|1776655098\n|switch|p1a: Gyarados|Gyarados, L50, F|100/100\n|-ability|p1a: Gyarados|Intimidate|boost\n|-unboost|p2a: Primarina|atk|1\n|switch|p2a: Garchomp|Garchomp, L50, M|100/100\n|\n|upkeep\n|turn|4\n|\n|t:|1776655106\n|move|p2a: Garchomp|Outrage|p1a: Gyarados\n|-damage|p1a: Gyarados|50/100\n|-enditem|p1a: Gyarados|Sitrus Berry|[eat]\n|-heal|p1a: Gyarados|75/100|[from] item: Sitrus Berry\n|move|p1a: Gyarados|Dragon Tail|p2a: Garchomp\n|-supereffective|p2a: Garchomp|1\n|-damage|p2a: Garchomp|62/100\n|-damage|p1a: Gyarados|63/100|[from] ability: Rough Skin|[of] p2a: Garchomp\n|drag|p2a: Primarina|Primarina, L50, F|100/100\n|\n|upkeep\n|turn|5\n|\n|t:|1776655118\n|move|p1a: Gyarados|Thunder Wave|p2a: Primarina\n|-status|p2a: Primarina|par\n|move|p2a: Primarina|Moonblast|p1a: Gyarados\n|-damage|p1a: Gyarados|27/100\n|\n|upkeep\n|turn|6\n|\n|t:|1776655131\n|move|p1a: Gyarados|Taunt|p2a: Primarina\n|-start|p2a: Primarina|move: Taunt\n|move|p2a: Primarina|Moonblast|p1a: Gyarados\n|-damage|p1a: Gyarados|0 fnt\n|faint|p1a: Gyarados\n|\n|upkeep\n|\n|t:|1776655137\n|switch|p1a: Serperior|Serperior, L50, F|52/100\n|turn|7\n|\n|t:|1776655143\n|move|p1a: Serperior|Leaf Storm|p2a: Primarina\n|-supereffective|p2a: Primarina|1\n|-damage|p2a: Primarina|14/100 par\n|-boost|p1a: Serperior|spa|2\n|move|p2a: Primarina|Moonblast|p1a: Serperior\n|-damage|p1a: Serperior|2/100\n|\n|-heal|p2a: Primarina|20/100 par|[from] item: Leftovers\n|upkeep\n|turn|8\n|\n|t:|1776655147\n|move|p1a: Serperior|Leaf Storm|p2a: Primarina\n|-supereffective|p2a: Primarina|1\n|-damage|p2a: Primarina|0 fnt\n|-boost|p1a: Serperior|spa|2\n|faint|p2a: Primarina\n|\n|upkeep\n|\n|t:|1776655151\n|switch|p2a: Garchomp|Garchomp, L50, M|62/100\n|turn|9\n|\n|t:|1776655154\n|move|p2a: Garchomp|Outrage|p1a: Serperior\n|-damage|p1a: Serperior|0 fnt\n|faint|p1a: Serperior\n|\n|upkeep\n|\n|t:|1776655156\n|switch|p1a: Absol|Absol, L50, M|100/100\n|-ability|p1a: Absol|Pressure\n|turn|10\n|\n|t:|1776655162\n|detailschange|p1a: Absol|Absol-Mega, L50, M\n|-mega|p1a: Absol|Absol|Absolite\n|move|p2a: Garchomp|Outrage|p1a: Absol|[from] lockedmove\n|-damage|p1a: Absol|0 fnt\n|faint|p1a: Absol\n|-start|p2a: Garchomp|confusion|[fatigue]\n|\n|win|reflet114\n|raw|Gshs5's rating: 1157 &rarr; <strong>1129</strong><br />(-28 for losing)\n|raw|reflet114's rating: 1114 &rarr; <strong>1142</strong><br />(+28 for winning)\n",
  "uploadtime": 1776655164,
  "views": 0,
  "formatid": "gen9championsbssregma",
  "rating": 1129,
  "private": 0,
  "password": null
}