{
  "id": "gen9championsbssregma-2583196815",
  "format": "[Gen 9 Champions] BSS Reg M-A",
  "players": [
    "karbain",
    "Giant Gengar"
  ],
  "log": "|j|\u2606karbain\n|j|\u2606Giant Gengar\n|t:|1776153597\n|gametype|singles\n|player|p1|karbain|2|1391\n|player|p2|Giant Gengar|265|1451\n|gen|9\n|tier|[Gen 9 Champions] BSS Reg M-A\n|rated|\n|rule|Species Clause: Limit one of each Pok\u00e9mon\n|rule|Item Clause: Limit 1 of each item\n|clearpoke\n|poke|p1|Charizard, L50, M|\n|poke|p1|Greninja-*, L50, M|\n|poke|p1|Mimikyu, L50, F|\n|poke|p1|Gengar, L50, M|\n|poke|p1|Meowscarada, L50, M|\n|poke|p1|Aegislash, L50, M|\n|poke|p2|Venusaur, L50, M|\n|poke|p2|Skarmory, L50, M|\n|poke|p2|Rotom-Heat, L50|\n|poke|p2|Meowscarada, L50, F|\n|poke|p2|Garchomp, L50, M|\n|poke|p2|Ceruledge, L50, F|\n|teampreview|3\n|j| bridalthunder\n|inactive|Battle timer is ON: inactive players will automatically lose when time's up. (requested by Giant Gengar)\n|l| bridalthunder\n|\n|t:|1776153643\n|teamsize|p1|3\n|teamsize|p2|3\n|start\n|switch|p1a: Greninja|Greninja, L50, M|100/100\n|switch|p2a: Ceruledge|Ceruledge, L50, F|100/100\n|turn|1\n|\n|t:|1776153649\n|switch|p2a: Venusaur|Venusaur, L50, M|100/100\n|move|p1a: Greninja|Surf|p2a: Venusaur\n|-resisted|p2a: Venusaur|1\n|-damage|p2a: Venusaur|83/100\n|\n|upkeep\n|turn|2\n|\n|t:|1776153658\n|switch|p1a: Charizard|Charizard, L50, M|100/100\n|detailschange|p2a: Venusaur|Venusaur-Mega, L50, M\n|-mega|p2a: Venusaur|Venusaur|Venusaurite\n|move|p2a: Venusaur|Earth Power|p1a: Charizard\n|-immune|p1a: Charizard\n|\n|upkeep\n|turn|3\n|\n|t:|1776153671\n|detailschange|p1a: Charizard|Charizard-Mega-X, L50, M\n|-mega|p1a: Charizard|Charizard|Charizardite X\n|move|p1a: Charizard|Outrage|p2a: Venusaur\n|-damage|p2a: Venusaur|13/100\n|move|p2a: Venusaur|Sludge Bomb|p1a: Charizard\n|-damage|p1a: Charizard|55/100\n|-status|p1a: Charizard|psn\n|\n|-damage|p1a: Charizard|43/100 psn|[from] psn\n|upkeep\n|turn|4\n|\n|t:|1776153691\n|move|p1a: Charizard|Outrage|p2a: Venusaur|[from] lockedmove\n|-damage|p2a: Venusaur|0 fnt\n|faint|p2a: Venusaur\n|-start|p1a: Charizard|confusion|[fatigue]\n|\n|-damage|p1a: Charizard|31/100 psn|[from] psn\n|upkeep\n|\n|t:|1776153700\n|switch|p2a: Meowscarada|Meowscarada, L50, F|100/100\n|turn|5\n|\n|t:|1776153711\n|move|p2a: Meowscarada|Throat Chop|p1a: Charizard\n|-start|p2a: Meowscarada|typechange|Dark|[from] ability: Protean\n|-damage|p1a: Charizard|0 fnt\n|faint|p1a: Charizard\n|\n|upkeep\n|\n|t:|1776153717\n|switch|p1a: Meowscarada|Meowscarada, L50, M, shiny|100/100\n|turn|6\n|\n|t:|1776153723\n|move|p2a: Meowscarada|Throat Chop|p1a: Meowscarada\n|-resisted|p1a: Meowscarada|1\n|-damage|p1a: Meowscarada|69/100\n|-start|p1a: Meowscarada|Throat Chop|[silent]\n|move|p1a: Meowscarada|U-turn|p2a: Meowscarada\n|-start|p1a: Meowscarada|typechange|Bug|[from] ability: Protean\n|-supereffective|p2a: Meowscarada|1\n|-damage|p2a: Meowscarada|0 fnt\n|faint|p2a: Meowscarada\n|\n|t:|1776153731\n|switch|p1a: Greninja|Greninja, L50, M|100/100|[from] U-turn\n|\n|upkeep\n|\n|t:|1776153733\n|switch|p2a: Ceruledge|Ceruledge, L50, F|100/100\n|turn|7\n|\n|t:|1776153737\n|move|p1a: Greninja|Surf|p2a: Ceruledge\n|-supereffective|p2a: Ceruledge|1\n|-enditem|p2a: Ceruledge|Focus Sash\n|-damage|p2a: Ceruledge|1/100\n|move|p2a: Ceruledge|Poltergeist|p1a: Greninja\n|-activate|p1a: Greninja|move: Poltergeist|Focus Sash\n|-resisted|p1a: Greninja|1\n|-damage|p1a: Greninja|54/100\n|\n|upkeep\n|turn|8\n|-message|Giant Gengar forfeited.\n|\n|win|karbain\n|raw|karbain's rating: 1391 &rarr; <strong>1414</strong><br />(+23 for winning)\n|raw|Giant Gengar's rating: 1451 &rarr; <strong>1428</strong><br />(-23 for losing)\n|l|\u2606Giant Gengar\n|player|p2|\n|l|\u2606karbain\n|player|p1|\n",
  "uploadtime": 1776153750,
  "views": 96,
  "formatid": "gen9championsbssregma",
  "rating": 1414,
  "private": 0,
  "password": null
}