{
  "id": "gen9championsbssregma-2587211015",
  "format": "[Gen 9 Champions] BSS Reg M-A",
  "players": [
    "rentalzt",
    "joguri"
  ],
  "log": "|j|\u2606rentalzt\n|j|\u2606joguri\n|t:|1776509471\n|gametype|singles\n|player|p1|rentalzt|drayden|1000\n|player|p2|joguri|dawn|1150\n|gen|9\n|tier|[Gen 9 Champions] BSS Reg M-A\n|rated|\n|rule|Species Clause: Limit one of each Pok\u00e9mon\n|rule|Item Clause: Limit 1 of each item\n|clearpoke\n|poke|p1|Abomasnow, L50, F, shiny|\n|poke|p1|Oranguru, L50, F, shiny|\n|poke|p1|Archaludon, L50, M, shiny|\n|poke|p1|Sneasler, L50, M, shiny|\n|poke|p1|Chandelure, L50, M, shiny|\n|poke|p1|Klefki, L50, F, shiny|\n|poke|p2|Clefable, L50, M|\n|poke|p2|Espathra, L50, M|\n|poke|p2|Charizard, L50, M|\n|poke|p2|Hippowdon, L50, M|\n|poke|p2|Rotom-Wash, L50, shiny|\n|poke|p2|Garchomp, L50, F|\n|teampreview|3\n|inactive|Battle timer is ON: inactive players will automatically lose when time's up. (requested by joguri)\n|inactive|rentalzt has 60 seconds left.\n|\n|t:|1776509545\n|teamsize|p1|3\n|teamsize|p2|3\n|start\n|switch|p1a: Oranguru|Oranguru, L50, F, shiny|100/100\n|switch|p2a: Hippowdon|Hippowdon, L50, M|100/100\n|-weather|Sandstorm|[from] ability: Sand Stream|[of] p2a: Hippowdon\n|turn|1\n|\n|t:|1776509558\n|move|p2a: Hippowdon|Stealth Rock|p1a: Oranguru\n|-sidestart|p1: rentalzt|move: Stealth Rock\n|move|p1a: Oranguru|Trick Room|p1a: Oranguru\n|-fieldstart|move: Trick Room|[of] p1a: Oranguru\n|\n|-weather|Sandstorm|[upkeep]\n|-damage|p1a: Oranguru|95/100|[from] Sandstorm\n|upkeep\n|turn|2\n|\n|t:|1776509572\n|switch|p1a: Abomasnow|Abomasnow, L50, F, shiny|100/100\n|-damage|p1a: Abomasnow|76/100|[from] Stealth Rock\n|-weather|Snowscape|[from] ability: Snow Warning|[of] p1a: Abomasnow\n|move|p2a: Hippowdon|Yawn|p1a: Abomasnow\n|-start|p1a: Abomasnow|move: Yawn|[of] p2a: Hippowdon\n|\n|-weather|Snowscape|[upkeep]\n|upkeep\n|turn|3\n|\n|t:|1776509587\n|move|p2a: Hippowdon|Yawn||[still]\n|-fail|p2a: Hippowdon\n|move|p1a: Abomasnow|Giga Drain|p2a: Hippowdon\n|-supereffective|p2a: Hippowdon|1\n|-damage|p2a: Hippowdon|45/100\n|-heal|p1a: Abomasnow|100/100|[from] drain|[of] p2a: Hippowdon\n|-enditem|p2a: Hippowdon|Sitrus Berry|[eat]\n|-heal|p2a: Hippowdon|69/100|[from] item: Sitrus Berry\n|\n|-weather|Snowscape|[upkeep]\n|-end|p1a: Abomasnow|move: Yawn|[silent]\n|-status|p1a: Abomasnow|slp\n|upkeep\n|turn|4\n|\n|t:|1776509600\n|switch|p2a: Espathra|Espathra, L50, M|100/100\n|cant|p1a: Abomasnow|slp\n|\n|-weather|Snowscape|[upkeep]\n|upkeep\n|turn|5\n|\n|t:|1776509613\n|switch|p1a: Oranguru|Oranguru, L50, F, shiny|95/100\n|-damage|p1a: Oranguru|83/100|[from] Stealth Rock\n|move|p2a: Espathra|Calm Mind|p2a: Espathra\n|-boost|p2a: Espathra|spa|1\n|-boost|p2a: Espathra|spd|1\n|\n|-weather|Snowscape|[upkeep]\n|-fieldend|move: Trick Room\n|-ability|p2a: Espathra|Speed Boost|boost\n|-boost|p2a: Espathra|spe|1\n|upkeep\n|turn|6\n|\n|t:|1776509625\n|move|p2a: Espathra|Calm Mind|p2a: Espathra\n|-boost|p2a: Espathra|spa|1\n|-boost|p2a: Espathra|spd|1\n|move|p1a: Oranguru|Foul Play|p2a: Espathra\n|-supereffective|p2a: Espathra|1\n|-damage|p2a: Espathra|74/100\n|\n|-weather|none\n|-heal|p2a: Espathra|80/100|[from] item: Leftovers\n|-ability|p2a: Espathra|Speed Boost|boost\n|-boost|p2a: Espathra|spe|1\n|upkeep\n|turn|7\n|\n|t:|1776509636\n|move|p2a: Espathra|Calm Mind|p2a: Espathra\n|-boost|p2a: Espathra|spa|1\n|-boost|p2a: Espathra|spd|1\n|move|p1a: Oranguru|Foul Play|p2a: Espathra\n|-supereffective|p2a: Espathra|1\n|-damage|p2a: Espathra|52/100\n|\n|-heal|p2a: Espathra|58/100|[from] item: Leftovers\n|-ability|p2a: Espathra|Speed Boost|boost\n|-boost|p2a: Espathra|spe|1\n|upkeep\n|turn|8\n|\n|t:|1776509657\n|move|p2a: Espathra|Baton Pass|p2a: Espathra\n|\n|t:|1776509659\n|switch|p2a: Clefable|Clefable, L50, M|100/100|[from] Baton Pass\n|move|p1a: Oranguru|Trick Room|p1a: Oranguru\n|-fieldstart|move: Trick Room|[of] p1a: Oranguru\n|\n|upkeep\n|turn|9\n|\n|t:|1776509669\n|move|p1a: Oranguru|Foul Play|p2a: Clefable\n|-resisted|p2a: Clefable|1\n|-damage|p2a: Clefable|94/100\n|move|p2a: Clefable|Cosmic Power|p2a: Clefable\n|-boost|p2a: Clefable|def|1\n|-boost|p2a: Clefable|spd|1\n|\n|upkeep\n|turn|10\n|\n|t:|1776509683\n|switch|p1a: Abomasnow|Abomasnow, L50, F, shiny|100/100 slp\n|-damage|p1a: Abomasnow|76/100 slp|[from] Stealth Rock\n|-weather|Snowscape|[from] ability: Snow Warning|[of] p1a: Abomasnow\n|move|p2a: Clefable|Cosmic Power|p2a: Clefable\n|-boost|p2a: Clefable|def|1\n|-boost|p2a: Clefable|spd|1\n|\n|-weather|Snowscape|[upkeep]\n|upkeep\n|turn|11\n|\n|t:|1776509694\n|switch|p1a: Archaludon|Archaludon, L50, M, shiny|100/100\n|-damage|p1a: Archaludon|95/100|[from] Stealth Rock\n|move|p2a: Clefable|Flamethrower|p1a: Archaludon\n|-damage|p1a: Archaludon|24/100\n|\n|-weather|Snowscape|[upkeep]\n|upkeep\n|turn|12\n|\n|t:|1776509706\n|detailschange|p2a: Clefable|Clefable-Mega, L50, M\n|-mega|p2a: Clefable|Clefable|Clefablite\n|move|p1a: Archaludon|Flash Cannon|p2a: Clefable\n|-supereffective|p2a: Clefable|1\n|-damage|p2a: Clefable|76/100\n|move|p2a: Clefable|Flamethrower|p1a: Archaludon\n|-damage|p1a: Archaludon|0 fnt\n|faint|p1a: Archaludon\n|\n|-weather|Snowscape|[upkeep]\n|-fieldend|move: Trick Room\n|upkeep\n|\n|t:|1776509718\n|switch|p1a: Oranguru|Oranguru, L50, F, shiny|83/100\n|-damage|p1a: Oranguru|71/100|[from] Stealth Rock\n|turn|13\n|\n|t:|1776509727\n|move|p2a: Clefable|Stored Power|p1a: Oranguru\n|-resisted|p1a: Oranguru|1\n|-damage|p1a: Oranguru|0 fnt\n|faint|p1a: Oranguru\n|\n|-weather|Snowscape|[upkeep]\n|upkeep\n|\n|t:|1776509734\n|switch|p1a: Abomasnow|Abomasnow, L50, F, shiny|76/100 slp\n|-damage|p1a: Abomasnow|51/100 slp|[from] Stealth Rock\n|turn|14\n|\n|t:|1776509742\n|detailschange|p1a: Abomasnow|Abomasnow-Mega, L50, F, shiny\n|-mega|p1a: Abomasnow|Abomasnow|Abomasite\n|move|p2a: Clefable|Flamethrower|p1a: Abomasnow\n|-supereffective|p1a: Abomasnow|2\n|-damage|p1a: Abomasnow|0 fnt\n|faint|p1a: Abomasnow\n|\n|win|joguri\n|raw|rentalzt's rating: 1000 &rarr; <strong>1000</strong><br />(+0 for losing)\n|raw|joguri's rating: 1150 &rarr; <strong>1165</strong><br />(+15 for winning)\n",
  "uploadtime": 1776509749,
  "views": 3,
  "formatid": "gen9championsbssregma",
  "rating": 1000,
  "private": 0,
  "password": null
}