{
  "id": "gen9championsbssregma-2584155467",
  "format": "[Gen 9 Champions] BSS Reg M-A",
  "players": [
    "xxBlvckBvrnxx",
    "Yuma1146"
  ],
  "log": "|j|\u2606xxBlvckBvrnxx\n|j|\u2606Yuma1146\n|t:|1776231762\n|gametype|singles\n|player|p1|xxBlvckBvrnxx|101|1287\n|player|p2|Yuma1146|lucas|1379\n|gen|9\n|tier|[Gen 9 Champions] BSS Reg M-A\n|rated|\n|rule|Species Clause: Limit one of each Pok\u00e9mon\n|rule|Item Clause: Limit 1 of each item\n|clearpoke\n|poke|p1|Volcarona, L50, M|\n|poke|p1|Meowscarada, L50, M|\n|poke|p1|Gengar, L50, M|\n|poke|p1|Gyarados, L50, M|\n|poke|p1|Lopunny, L50, F|\n|poke|p1|Garchomp, L50, F|\n|poke|p2|Venusaur, L50, F|\n|poke|p2|Slowbro, L50, F|\n|poke|p2|Garchomp, L50, M|\n|poke|p2|Primarina, L50, F|\n|poke|p2|Aegislash, L50, F|\n|poke|p2|Corviknight, L50, F|\n|teampreview|3\n|j| p74\n|\n|t:|1776231798\n|teamsize|p1|3\n|teamsize|p2|3\n|start\n|switch|p1a: Kit|Meowscarada, L50, M|100/100\n|switch|p2a: Venusaur|Venusaur, L50, F|100/100\n|turn|1\n|inactive|Battle timer is ON: inactive players will automatically lose when time's up. (requested by Yuma1146)\n|\n|t:|1776231817\n|detailschange|p2a: Venusaur|Venusaur-Mega, L50, F\n|-mega|p2a: Venusaur|Venusaur|Venusaurite\n|move|p1a: Kit|U-turn|p2a: Venusaur\n|-start|p1a: Kit|typechange|Bug|[from] ability: Protean\n|-damage|p2a: Venusaur|73/100\n|\n|t:|1776231823\n|switch|p1a: Apollo|Volcarona, L50, M|100/100|[from] U-turn\n|move|p2a: Venusaur|Sludge Wave|p1a: Apollo\n|-damage|p1a: Apollo|57/100\n|-status|p1a: Apollo|psn\n|\n|-damage|p1a: Apollo|45/100 psn|[from] psn\n|upkeep\n|turn|2\n|\n|t:|1776231842\n|move|p1a: Apollo|Overheat|p2a: Venusaur\n|-supereffective|p2a: Venusaur|1\n|-damage|p2a: Venusaur|23/100\n|-unboost|p1a: Apollo|spa|2\n|move|p2a: Venusaur|Leech Seed|p1a: Apollo\n|-start|p1a: Apollo|move: Leech Seed\n|\n|-damage|p1a: Apollo|32/100 psn|[from] Leech Seed|[of] p2a: Venusaur\n|-heal|p2a: Venusaur|34/100|[silent]\n|-damage|p1a: Apollo|20/100 psn|[from] psn\n|upkeep\n|turn|3\n|\n|t:|1776231852\n|move|p1a: Apollo|Overheat|p2a: Venusaur\n|-supereffective|p2a: Venusaur|1\n|-damage|p2a: Venusaur|11/100\n|-unboost|p1a: Apollo|spa|2\n|move|p2a: Venusaur|Synthesis|p2a: Venusaur\n|-heal|p2a: Venusaur|60/100\n|\n|-damage|p1a: Apollo|7/100 psn|[from] Leech Seed|[of] p2a: Venusaur\n|-heal|p2a: Venusaur|71/100|[silent]\n|-damage|p1a: Apollo|0 fnt|[from] psn\n|faint|p1a: Apollo\n|upkeep\n|inactive|xxBlvckBvrnxx has 30 seconds left.\n|\n|t:|1776231887\n|switch|p1a: Kit|Meowscarada, L50, M|100/100\n|turn|4\n|\n|t:|1776231897\n|move|p1a: Kit|Triple Axel|p2a: Venusaur\n|-start|p1a: Kit|typechange|Ice|[from] ability: Protean\n|-supereffective|p2a: Venusaur|1\n|-damage|p2a: Venusaur|61/100\n|-supereffective|p2a: Venusaur|1\n|-damage|p2a: Venusaur|45/100\n|-supereffective|p2a: Venusaur|1\n|-damage|p2a: Venusaur|22/100\n|-hitcount|p2a: Venusaur|3\n|move|p2a: Venusaur|Leech Seed|p1a: Kit\n|-start|p1a: Kit|move: Leech Seed\n|\n|-damage|p1a: Kit|89/100|[from] Leech Seed|[of] p2a: Venusaur\n|-heal|p2a: Venusaur|32/100|[silent]\n|upkeep\n|turn|5\n|\n|t:|1776231911\n|switch|p2a: Corviknight|Corviknight, L50, F, shiny|100/100\n|-ability|p2a: Corviknight|Pressure\n|move|p1a: Kit|Triple Axel|p2a: Corviknight\n|-crit|p2a: Corviknight\n|-damage|p2a: Corviknight|91/100\n|-damage|p2a: Corviknight|79/100\n|-damage|p2a: Corviknight|62/100\n|-hitcount|p2a: Corviknight|3\n|\n|-damage|p1a: Kit|77/100|[from] Leech Seed|[of] p2a: Corviknight\n|-heal|p2a: Corviknight|71/100|[silent]\n|upkeep\n|turn|6\n|\n|t:|1776231924\n|move|p1a: Kit|U-turn|p2a: Corviknight\n|-resisted|p2a: Corviknight|2\n|-damage|p2a: Corviknight|68/100\n|\n|t:|1776231927\n|switch|p1a: Phantom Lord|Gengar, L50, M|100/100|[from] U-turn\n|move|p2a: Corviknight|U-turn|p1a: Phantom Lord\n|-resisted|p1a: Phantom Lord|2\n|-damage|p1a: Phantom Lord|94/100\n|\n|t:|1776231933\n|switch|p2a: Venusaur|Venusaur-Mega, L50, F|32/100|[from] U-turn\n|\n|upkeep\n|turn|7\n|\n|t:|1776231938\n|detailschange|p1a: Phantom Lord|Gengar-Mega, L50, M\n|-mega|p1a: Phantom Lord|Gengar|Gengarite\n|move|p1a: Phantom Lord|Sludge Wave|p2a: Venusaur\n|-damage|p2a: Venusaur|0 fnt\n|faint|p2a: Venusaur\n|\n|upkeep\n|\n|t:|1776231945\n|switch|p2a: Primarina|Primarina, L50, F|100/100\n|turn|8\n|\n|t:|1776231957\n|switch|p1a: Kit|Meowscarada, L50, M|77/100\n|move|p2a: Primarina|Sparkling Aria|p1a: Kit\n|-resisted|p1a: Kit|1\n|-damage|p1a: Kit|34/100\n|\n|upkeep\n|turn|9\n|\n|t:|1776231968\n|switch|p2a: Corviknight|Corviknight, L50, F, shiny|68/100\n|-ability|p2a: Corviknight|Pressure\n|move|p1a: Kit|Flower Trick|p2a: Corviknight\n|-start|p1a: Kit|typechange|Grass|[from] ability: Protean\n|-resisted|p2a: Corviknight|2\n|-crit|p2a: Corviknight\n|-damage|p2a: Corviknight|60/100\n|\n|upkeep\n|turn|10\n|\n|t:|1776231981\n|move|p1a: Kit|U-turn|p2a: Corviknight\n|-resisted|p2a: Corviknight|2\n|-damage|p2a: Corviknight|58/100\n|\n|t:|1776231984\n|switch|p1a: Phantom Lord|Gengar-Mega, L50, M|94/100|[from] U-turn\n|move|p2a: Corviknight|Roost|p2a: Corviknight\n|-heal|p2a: Corviknight|100/100\n|-singleturn|p2a: Corviknight|move: Roost\n|\n|upkeep\n|turn|11\n|\n|t:|1776231993\n|move|p1a: Phantom Lord|Shadow Ball|p2a: Corviknight\n|-damage|p2a: Corviknight|54/100\n|move|p2a: Corviknight|U-turn|p1a: Phantom Lord\n|-resisted|p1a: Phantom Lord|2\n|-damage|p1a: Phantom Lord|89/100\n|\n|t:|1776231999\n|switch|p2a: Primarina|Primarina, L50, F|100/100|[from] U-turn\n|\n|upkeep\n|turn|12\n|\n|t:|1776232004\n|move|p1a: Phantom Lord|Sludge Wave|p2a: Primarina\n|-supereffective|p2a: Primarina|1\n|-enditem|p2a: Primarina|Focus Sash\n|-damage|p2a: Primarina|1/100\n|move|p2a: Primarina|Sparkling Aria|p1a: Phantom Lord\n|-damage|p1a: Phantom Lord|0 fnt\n|faint|p1a: Phantom Lord\n|\n|upkeep\n|\n|t:|1776232012\n|switch|p1a: Kit|Meowscarada, L50, M|34/100\n|turn|13\n|\n|t:|1776232019\n|move|p2a: Primarina|Aqua Jet|p1a: Kit\n|-resisted|p1a: Kit|1\n|-damage|p1a: Kit|23/100\n|move|p1a: Kit|Triple Axel|p2a: Primarina\n|-start|p1a: Kit|typechange|Ice|[from] ability: Protean\n|-resisted|p2a: Primarina|1\n|-damage|p2a: Primarina|0 fnt\n|faint|p2a: Primarina\n|-hitcount|p2: Primarina|1\n|\n|upkeep\n|\n|t:|1776232031\n|switch|p2a: Corviknight|Corviknight, L50, F, shiny|54/100\n|-ability|p2a: Corviknight|Pressure\n|turn|14\n|\n|t:|1776232036\n|move|p1a: Kit|Triple Axel|p2a: Corviknight\n|-damage|p2a: Corviknight|47/100\n|-damage|p2a: Corviknight|36/100\n|-damage|p2a: Corviknight|18/100\n|-hitcount|p2a: Corviknight|3\n|move|p2a: Corviknight|Body Press|p1a: Kit\n|-supereffective|p1a: Kit|1\n|-damage|p1a: Kit|0 fnt\n|faint|p1a: Kit\n|\n|win|Yuma1146\n|raw|xxBlvckBvrnxx's rating: 1287 &rarr; <strong>1268</strong><br />(-19 for losing)\n|raw|Yuma1146's rating: 1379 &rarr; <strong>1394</strong><br />(+15 for winning)\n|l|\u2606xxBlvckBvrnxx\n|player|p1|\n|l|\u2606Yuma1146\n|player|p2|\n",
  "uploadtime": 1776232197,
  "views": 4,
  "formatid": "gen9championsbssregma",
  "rating": 1268,
  "private": 0,
  "password": null
}