{
  "id": "gen9championsbssregma-2589530653",
  "format": "[Gen 9 Champions] BSS Reg M-A",
  "players": [
    "Lemecano",
    "Mr_Ghost_102"
  ],
  "log": "|j|\u2606Lemecano\n|j|\u2606Mr_Ghost_102\n|t:|1776731414\n|gametype|singles\n|player|p1|Lemecano|clown|\n|player|p2|Mr_Ghost_102|gladion|\n|gen|9\n|tier|[Gen 9 Champions] BSS Reg M-A\n|rule|Species Clause: Limit one of each Pok\u00e9mon\n|rule|Item Clause: Limit 1 of each item\n|clearpoke\n|poke|p1|Araquanid, L50, M|\n|poke|p1|Crabominable, L50, F|\n|poke|p1|Alakazam, L50, M|\n|poke|p1|Bastiodon, L50, M|\n|poke|p1|Arcanine, L50, M|\n|poke|p1|Feraligatr, L50, F|\n|poke|p2|Excadrill, L50, M, shiny|\n|poke|p2|Dragonite, L50, F, shiny|\n|poke|p2|Dragapult, L50, M|\n|poke|p2|Espathra, L50, F|\n|poke|p2|Golurk, L50, shiny|\n|poke|p2|Dedenne, L50, F|\n|teampreview|3\n|inactive|Battle timer is ON: inactive players will automatically lose when time's up. (requested by Mr_Ghost_102)\n|inactive|Lemecano also wants the timer to be on.\n|c|\u2606Mr_Ghost_102|ta la haine a tellement me defier ouuu\n|\n|t:|1776731440\n|teamsize|p1|3\n|teamsize|p2|3\n|start\n|switch|p1a: Alakazam|Alakazam, L50, M|100/100\n|switch|p2a: Dedenne|Dedenne, L50, F|100/100\n|turn|1\n|\n|t:|1776731448\n|move|p1a: Alakazam|Psychic|p2a: Dedenne\n|-enditem|p2a: Dedenne|Focus Sash\n|-damage|p2a: Dedenne|1/100\n|move|p2a: Dedenne|Nuzzle|p1a: Alakazam\n|-damage|p1a: Alakazam|84/100\n|-status|p1a: Alakazam|par\n|\n|upkeep\n|turn|2\n|\n|t:|1776731453\n|move|p2a: Dedenne|Dig||[still]\n|-prepare|p2a: Dedenne|Dig\n|move|p1a: Alakazam|Psychic|p2a: Dedenne|[miss]\n|-miss|p1a: Alakazam|p2a: Dedenne\n|\n|upkeep\n|turn|3\n|\n|t:|1776731458\n|switch|p1a: Feraligatr|Feraligatr, L50, F|100/100\n|move|p2a: Dedenne|Dig|p1a: Feraligatr|[from] lockedmove\n|-damage|p1a: Feraligatr|81/100\n|\n|upkeep\n|turn|4\n|c|\u2606Mr_Ghost_102|hihi\n|\n|t:|1776731464\n|detailschange|p1a: Feraligatr|Feraligatr-Mega, L50, F\n|-mega|p1a: Feraligatr|Feraligatr|Feraligite\n|move|p2a: Dedenne|Nuzzle|p1a: Feraligatr\n|-damage|p1a: Feraligatr|75/100\n|-status|p1a: Feraligatr|par\n|move|p1a: Feraligatr|Liquidation|p2a: Dedenne\n|-damage|p2a: Dedenne|0 fnt\n|faint|p2a: Dedenne\n|\n|upkeep\n|c|\u2606Mr_Ghost_102|farfadet malisieux pro max\n|\n|t:|1776731472\n|switch|p2a: Espathra|Espathra, L50, F|100/100\n|turn|5\n|\n|t:|1776731478\n|move|p2a: Espathra|Dazzling Gleam|p1a: Feraligatr\n|-supereffective|p1a: Feraligatr|1\n|-damage|p1a: Feraligatr|24/100 par\n|cant|p1a: Feraligatr|par\n|\n|-ability|p2a: Espathra|Speed Boost|boost\n|-boost|p2a: Espathra|spe|1\n|upkeep\n|turn|6\n|\n|t:|1776731483\n|move|p2a: Espathra|Dazzling Gleam|p1a: Feraligatr\n|-supereffective|p1a: Feraligatr|1\n|-damage|p1a: Feraligatr|0 fnt\n|faint|p1a: Feraligatr\n|\n|-ability|p2a: Espathra|Speed Boost|boost\n|-boost|p2a: Espathra|spe|1\n|upkeep\n|\n|t:|1776731486\n|switch|p1a: Arcanine|Arcanine, L50, M|100/100\n|-ability|p1a: Arcanine|Intimidate|boost\n|-unboost|p2a: Espathra|atk|1\n|turn|7\n|\n|t:|1776731490\n|move|p2a: Espathra|Calm Mind|p2a: Espathra\n|-boost|p2a: Espathra|spa|1\n|-boost|p2a: Espathra|spd|1\n|move|p1a: Arcanine|Flare Blitz|p2a: Espathra\n|-damage|p2a: Espathra|34/100\n|-damage|p1a: Arcanine|81/100|[from] Recoil\n|\n|-heal|p2a: Espathra|40/100|[from] item: Leftovers\n|-heal|p1a: Arcanine|87/100|[from] item: Leftovers\n|-ability|p2a: Espathra|Speed Boost|boost\n|-boost|p2a: Espathra|spe|1\n|upkeep\n|turn|8\n|\n|t:|1776731497\n|move|p2a: Espathra|Protect|p2a: Espathra\n|-singleturn|p2a: Espathra|Protect\n|move|p1a: Arcanine|Extreme Speed|p2a: Espathra\n|-activate|p2a: Espathra|move: Protect\n|\n|-heal|p2a: Espathra|46/100|[from] item: Leftovers\n|-heal|p1a: Arcanine|93/100|[from] item: Leftovers\n|-ability|p2a: Espathra|Speed Boost|boost\n|-boost|p2a: Espathra|spe|1\n|upkeep\n|turn|9\n|\n|t:|1776731502\n|move|p2a: Espathra|Baton Pass|p2a: Espathra\n|\n|t:|1776731504\n|switch|p2a: Dragonite|Dragonite, L50, F, shiny|100/100|[from] Baton Pass\n|move|p1a: Arcanine|Flare Blitz|p2a: Dragonite\n|-resisted|p2a: Dragonite|1\n|-damage|p2a: Dragonite|83/100\n|-damage|p1a: Arcanine|88/100|[from] Recoil\n|\n|-heal|p1a: Arcanine|94/100|[from] item: Leftovers\n|upkeep\n|turn|10\n|\n|t:|1776731508\n|detailschange|p2a: Dragonite|Dragonite-Mega, L50, F, shiny\n|-mega|p2a: Dragonite|Dragonite|Dragoninite\n|move|p2a: Dragonite|Dragon Pulse|p1a: Arcanine\n|-damage|p1a: Arcanine|15/100\n|move|p1a: Arcanine|Will-O-Wisp|p2a: Dragonite\n|-status|p2a: Dragonite|brn\n|\n|-heal|p1a: Arcanine|21/100|[from] item: Leftovers\n|-damage|p2a: Dragonite|77/100 brn|[from] brn\n|upkeep\n|turn|11\n|c|\u2606Mr_Ghost_102|mdr\n|\n|t:|1776731517\n|move|p1a: Arcanine|Extreme Speed|p2a: Dragonite\n|-damage|p2a: Dragonite|52/100 brn\n|move|p2a: Dragonite|Dragon Pulse|p1a: Arcanine\n|-damage|p1a: Arcanine|0 fnt\n|faint|p1a: Arcanine\n|\n|-damage|p2a: Dragonite|46/100 brn|[from] brn\n|upkeep\n|c|\u2606Mr_Ghost_102|tu crois vrm sa va te servire\n|\n|t:|1776731521\n|switch|p1a: Alakazam|Alakazam, L50, M|84/100 par\n|turn|12\n|\n|t:|1776731524\n|move|p2a: Dragonite|Dragon Pulse|p1a: Alakazam\n|-damage|p1a: Alakazam|0 fnt\n|faint|p1a: Alakazam\n|\n|win|Mr_Ghost_102\n",
  "uploadtime": 1776731527,
  "views": 0,
  "formatid": "gen9championsbssregma",
  "rating": null,
  "private": 0,
  "password": null
}