{
  "id": "gen9championsbssregma-2588614033",
  "format": "[Gen 9 Champions] BSS Reg M-A",
  "players": [
    "Gshs5",
    "rin774"
  ],
  "log": "|j|\u2606Gshs5\n|j|\u2606rin774\n|t:|1776650216\n|gametype|singles\n|player|p1|Gshs5|170|1132\n|player|p2|rin774|170|1126\n|gen|9\n|tier|[Gen 9 Champions] BSS Reg M-A\n|rated|\n|rule|Species Clause: Limit one of each Pok\u00e9mon\n|rule|Item Clause: Limit 1 of each item\n|clearpoke\n|poke|p1|Garchomp, L50, M|\n|poke|p1|Gyarados, L50, F|\n|poke|p1|Absol, L50, M|\n|poke|p1|Aegislash, L50, F|\n|poke|p1|Pinsir, L50, F|\n|poke|p1|Serperior, L50, F|\n|poke|p2|Arcanine, L50, M, shiny|\n|poke|p2|Charizard, L50, F, shiny|\n|poke|p2|Lopunny, L50, F, shiny|\n|poke|p2|Rotom-Wash, L50|\n|poke|p2|Mimikyu, L50, F|\n|poke|p2|Dragonite, L50, F|\n|teampreview|3\n|inactive|Battle timer is ON: inactive players will automatically lose when time's up. (requested by rin774)\n|\n|t:|1776650242\n|teamsize|p1|3\n|teamsize|p2|3\n|start\n|switch|p1a: Absol|Absol, L50, M|100/100\n|switch|p2a: Rotom|Rotom-Wash, L50|100/100\n|-ability|p1a: Absol|Pressure\n|turn|1\n|\n|t:|1776650255\n|detailschange|p1a: Absol|Absol-Mega, L50, M\n|-mega|p1a: Absol|Absol|Absolite\n|move|p2a: Rotom|Volt Switch|p1a: Absol\n|-damage|p1a: Absol|41/100\n|\n|t:|1776650260\n|switch|p2a: Arcanine|Arcanine, L50, M, shiny|100/100|[from] Volt Switch\n|-ability|p2a: Arcanine|Intimidate|boost\n|-unboost|p1a: Absol|atk|1\n|move|p1a: Absol|Knock Off|p2a: Arcanine\n|-damage|p2a: Arcanine|60/100\n|-enditem|p2a: Arcanine|Sitrus Berry|[from] move: Knock Off|[of] p1a: Absol\n|\n|upkeep\n|turn|2\n|\n|t:|1776650274\n|switch|p1a: Gyarados|Gyarados, L50, F|100/100\n|-ability|p1a: Gyarados|Intimidate|boost\n|-unboost|p2a: Arcanine|atk|1\n|move|p2a: Arcanine|Close Combat|p1a: Gyarados\n|-resisted|p1a: Gyarados|1\n|-damage|p1a: Gyarados|90/100\n|-unboost|p2a: Arcanine|def|1\n|-unboost|p2a: Arcanine|spd|1\n|\n|upkeep\n|turn|3\n|\n|t:|1776650284\n|switch|p2a: Rotom|Rotom-Wash, L50|100/100\n|move|p1a: Gyarados|Dragon Tail|p2a: Rotom\n|-damage|p2a: Rotom|78/100\n|drag|p2a: Arcanine|Arcanine, L50, M, shiny|60/100\n|-ability|p2a: Arcanine|Intimidate|boost\n|-unboost|p1a: Gyarados|atk|1\n|\n|upkeep\n|turn|4\n|\n|t:|1776650301\n|move|p2a: Arcanine|Will-O-Wisp|p1a: Gyarados\n|-status|p1a: Gyarados|brn\n|move|p1a: Gyarados|Waterfall|p2a: Arcanine\n|-supereffective|p2a: Arcanine|1\n|-damage|p2a: Arcanine|36/100\n|\n|-damage|p1a: Gyarados|84/100 brn|[from] brn\n|upkeep\n|turn|5\n|\n|t:|1776650311\n|switch|p2a: Rotom|Rotom-Wash, L50|78/100\n|move|p1a: Gyarados|Dragon Tail|p2a: Rotom|[miss]\n|-miss|p1a: Gyarados|p2a: Rotom\n|\n|-damage|p1a: Gyarados|79/100 brn|[from] brn\n|upkeep\n|turn|6\n|\n|t:|1776650321\n|move|p2a: Rotom|Thunderbolt|p1a: Gyarados\n|-supereffective|p1a: Gyarados|2\n|-damage|p1a: Gyarados|0 fnt\n|faint|p1a: Gyarados\n|\n|upkeep\n|\n|t:|1776650324\n|switch|p1a: Serperior|Serperior, L50, F|100/100\n|turn|7\n|\n|t:|1776650330\n|switch|p2a: Arcanine|Arcanine, L50, M, shiny|36/100\n|-ability|p2a: Arcanine|Intimidate|boost\n|-boost|p1a: Serperior|atk|1\n|move|p1a: Serperior|Leaf Storm|p2a: Arcanine\n|-resisted|p2a: Arcanine|1\n|-damage|p2a: Arcanine|8/100\n|-boost|p1a: Serperior|spa|2\n|\n|upkeep\n|turn|8\n|\n|t:|1776650340\n|move|p2a: Arcanine|Extreme Speed|p1a: Serperior\n|-damage|p1a: Serperior|69/100\n|move|p1a: Serperior|Leaf Storm|p2a: Arcanine\n|-resisted|p2a: Arcanine|1\n|-damage|p2a: Arcanine|0 fnt\n|-boost|p1a: Serperior|spa|2\n|faint|p2a: Arcanine\n|\n|upkeep\n|\n|t:|1776650349\n|switch|p2a: Lopunny|Lopunny, L50, F, shiny|100/100\n|turn|9\n|\n|t:|1776650354\n|detailschange|p2a: Lopunny|Lopunny-Mega, L50, F, shiny\n|-mega|p2a: Lopunny|Lopunny|Lopunnite\n|move|p2a: Lopunny|Fake Out|p1a: Serperior\n|-damage|p1a: Serperior|45/100\n|cant|p1a: Serperior|flinch\n|\n|upkeep\n|turn|10\n|\n|t:|1776650362\n|move|p1a: Serperior|Leaf Storm|p2a: Lopunny\n|-damage|p2a: Lopunny|0 fnt\n|-boost|p1a: Serperior|spa|2\n|faint|p2a: Lopunny\n|\n|upkeep\n|\n|t:|1776650368\n|switch|p2a: Rotom|Rotom-Wash, L50|78/100\n|turn|11\n|\n|t:|1776650372\n|move|p1a: Serperior|Leaf Storm|p2a: Rotom|[miss]\n|-miss|p1a: Serperior|p2a: Rotom\n|move|p2a: Rotom|Hydro Pump|p1a: Serperior\n|-resisted|p1a: Serperior|1\n|-damage|p1a: Serperior|14/100\n|\n|upkeep\n|turn|12\n|\n|t:|1776650378\n|move|p1a: Serperior|Leaf Storm|p2a: Rotom\n|-supereffective|p2a: Rotom|1\n|-damage|p2a: Rotom|0 fnt\n|faint|p2a: Rotom\n|\n|win|Gshs5\n|raw|Gshs5's rating: 1132 &rarr; <strong>1157</strong><br />(+25 for winning)\n|raw|rin774's rating: 1126 &rarr; <strong>1101</strong><br />(-25 for losing)\n",
  "uploadtime": 1776650395,
  "views": 3,
  "formatid": "gen9championsbssregma",
  "rating": 1101,
  "private": 0,
  "password": null
}