{
  "id": "gen9championsbssregma-2584069472",
  "format": "[Gen 9 Champions] BSS Reg M-A",
  "players": [
    "kyotoyoko",
    "sca1031"
  ],
  "log": "|j|\u2606kyotoyoko\n|j|\u2606sca1031\n|t:|1776222039\n|gametype|singles\n|player|p1|kyotoyoko|caitlin|1259\n|player|p2|sca1031|169|1423\n|gen|9\n|tier|[Gen 9 Champions] BSS Reg M-A\n|rated|\n|rule|Species Clause: Limit one of each Pok\u00e9mon\n|rule|Item Clause: Limit 1 of each item\n|clearpoke\n|poke|p1|Tyranitar, L50, F|\n|poke|p1|Garchomp, L50, F|\n|poke|p1|Aegislash, L50, F|\n|poke|p1|Meganium, L50, F|\n|poke|p1|Primarina, L50, F|\n|poke|p1|Mimikyu, L50, F|\n|poke|p2|Clefable, L50, M|\n|poke|p2|Archaludon, L50, M|\n|poke|p2|Snorlax, L50, F|\n|poke|p2|Gyarados, L50, F|\n|poke|p2|Hippowdon, L50, F|\n|poke|p2|Aegislash, L50, M|\n|teampreview|3\n|j| p74\n|\n|t:|1776222078\n|teamsize|p1|3\n|teamsize|p2|3\n|start\n|switch|p1a: Mimikyu|Mimikyu, L50, F, shiny|100/100\n|switch|p2a: Snorlax|Snorlax, L50, F|100/100\n|turn|1\n|inactive|Battle timer is ON: inactive players will automatically lose when time's up. (requested by kyotoyoko)\n|inactive|sca1031 also wants the timer to be on.\n|\n|t:|1776222085\n|move|p1a: Mimikyu|Trick|p2a: Snorlax\n|-activate|p1a: Mimikyu|move: Trick|[of] p2a: Snorlax\n|-item|p2a: Snorlax|Choice Scarf|[from] move: Trick\n|-item|p1a: Mimikyu|Leftovers|[from] move: Trick\n|move|p2a: Snorlax|Yawn|p1a: Mimikyu\n|-start|p1a: Mimikyu|move: Yawn|[of] p2a: Snorlax\n|\n|upkeep\n|turn|2\n|\n|t:|1776222100\n|switch|p1a: Aegislash|Aegislash, L50, F|100/100\n|move|p2a: Snorlax|Yawn|p1a: Aegislash\n|-start|p1a: Aegislash|move: Yawn|[of] p2a: Snorlax\n|\n|upkeep\n|turn|3\n|\n|t:|1776222110\n|switch|p1a: Mimikyu|Mimikyu, L50, F, shiny|100/100\n|switch|p2a: Archaludon|Archaludon, L50, M|100/100\n|\n|upkeep\n|turn|4\n|\n|t:|1776222117\n|move|p1a: Mimikyu|Curse|p2a: Archaludon\n|-start|p2a: Archaludon|Curse|[of] p1a: Mimikyu\n|-damage|p1a: Mimikyu|51/100\n|move|p2a: Archaludon|Thunderbolt|p1a: Mimikyu\n|-activate|p1a: Mimikyu|ability: Disguise\n|-damage|p1a: Mimikyu|51/100\n|detailschange|p1a: Mimikyu|Mimikyu-Busted, L50, F, shiny\n|-damage|p1a: Mimikyu|39/100|[from] pokemon: Mimikyu-Busted\n|\n|-heal|p1a: Mimikyu|45/100|[from] item: Leftovers\n|-damage|p2a: Archaludon|76/100|[from] Curse\n|upkeep\n|turn|5\n|\n|t:|1776222132\n|switch|p1a: Garchomp|Garchomp, L50, F|100/100\n|move|p2a: Archaludon|Dark Pulse|p1a: Garchomp\n|-damage|p1a: Garchomp|66/100\n|\n|-damage|p2a: Archaludon|51/100|[from] Curse\n|upkeep\n|turn|6\n|\n|t:|1776222142\n|switch|p2a: Snorlax|Snorlax, L50, F|100/100\n|detailschange|p1a: Garchomp|Garchomp-Mega, L50, F\n|-mega|p1a: Garchomp|Garchomp|Garchompite\n|move|p1a: Garchomp|Earthquake|p2a: Snorlax\n|-damage|p2a: Snorlax|58/100\n|\n|upkeep\n|turn|7\n|\n|t:|1776222152\n|move|p1a: Garchomp|Earthquake|p2a: Snorlax\n|-crit|p2a: Snorlax\n|-damage|p2a: Snorlax|0 fnt\n|faint|p2a: Snorlax\n|\n|upkeep\n|\n|t:|1776222159\n|switch|p2a: Clefable|Clefable, L50, M|100/100\n|turn|8\n|\n|t:|1776222171\n|switch|p1a: Aegislash|Aegislash, L50, F|100/100\n|detailschange|p2a: Clefable|Clefable-Mega, L50, M\n|-mega|p2a: Clefable|Clefable|Clefablite\n|move|p2a: Clefable|Moonblast|p1a: Aegislash\n|-resisted|p1a: Aegislash|1\n|-damage|p1a: Aegislash|78/100\n|\n|upkeep\n|turn|9\n|\n|t:|1776222185\n|switch|p2a: Archaludon|Archaludon, L50, M|51/100\n|-formechange|p1a: Aegislash|Aegislash-Blade|\n|move|p1a: Aegislash|Sacred Sword|p2a: Archaludon\n|-supereffective|p2a: Archaludon|1\n|-enditem|p2a: Archaludon|Chople Berry|[eat]\n|-enditem|p2a: Archaludon|Chople Berry|[weaken]\n|-damage|p2a: Archaludon|27/100\n|-ability|p2a: Archaludon|Stamina|boost\n|-boost|p2a: Archaludon|def|1\n|\n|upkeep\n|turn|10\n|\n|t:|1776222201\n|switch|p1a: Garchomp|Garchomp-Mega, L50, F|66/100\n|move|p2a: Archaludon|Draco Meteor|p1a: Garchomp\n|-supereffective|p1a: Garchomp|1\n|-damage|p1a: Garchomp|0 fnt\n|-unboost|p2a: Archaludon|spa|2\n|faint|p1a: Garchomp\n|\n|upkeep\n|\n|t:|1776222210\n|switch|p1a: Aegislash|Aegislash, L50, F|78/100\n|turn|11\n|\n|t:|1776222216\n|move|p2a: Archaludon|Dark Pulse|p1a: Aegislash\n|-supereffective|p1a: Aegislash|1\n|-damage|p1a: Aegislash|50/100\n|-formechange|p1a: Aegislash|Aegislash-Blade|\n|move|p1a: Aegislash|Sacred Sword|p2a: Archaludon\n|-supereffective|p2a: Archaludon|1\n|-damage|p2a: Archaludon|0 fnt\n|faint|p2a: Archaludon\n|\n|upkeep\n|\n|t:|1776222228\n|switch|p2a: Clefable|Clefable-Mega, L50, M|100/100\n|turn|12\n|\n|t:|1776222233\n|move|p2a: Clefable|Mystical Fire|p1a: Aegislash\n|-supereffective|p1a: Aegislash|1\n|-damage|p1a: Aegislash|0 fnt\n|faint|p1a: Aegislash\n|\n|upkeep\n|-message|kyotoyoko forfeited.\n|\n|win|sca1031\n|raw|kyotoyoko's rating: 1259 &rarr; <strong>1245</strong><br />(-14 for losing)\n|raw|sca1031's rating: 1423 &rarr; <strong>1434</strong><br />(+11 for winning)\n|l|\u2606kyotoyoko\n|player|p1|\n|l|\u2606sca1031\n|player|p2|\n",
  "uploadtime": 1776222546,
  "views": 9,
  "formatid": "gen9championsbssregma",
  "rating": 1245,
  "private": 0,
  "password": null
}