{
  "id": "gen9championsbssregma-2588123330",
  "format": "[Gen 9 Champions] BSS Reg M-A",
  "players": [
    "adfsdfsdfsdaf",
    "RedGizmo"
  ],
  "log": "|j|\u2606adfsdfsdfsdaf\n|j|\u2606RedGizmo\n|t:|1776606768\n|gametype|singles\n|player|p1|adfsdfsdfsdaf|2|1222\n|player|p2|RedGizmo|bugcatcher-gen4dp|1154\n|gen|9\n|tier|[Gen 9 Champions] BSS Reg M-A\n|rated|\n|rule|Species Clause: Limit one of each Pok\u00e9mon\n|rule|Item Clause: Limit 1 of each item\n|clearpoke\n|poke|p1|Venusaur, L50, F|\n|poke|p1|Clefable, L50, F|\n|poke|p1|Hippowdon, L50, M|\n|poke|p1|Dragonite, L50, F|\n|poke|p1|Aegislash, L50, M|\n|poke|p1|Infernape, L50, F|\n|poke|p2|Beedrill, L50, F|\n|poke|p2|Kleavor, L50, F|\n|poke|p2|Volcarona, L50, M|\n|poke|p2|Araquanid, L50, M|\n|poke|p2|Scizor, L50, F|\n|poke|p2|Pinsir, L50, F|\n|teampreview|3\n|inactive|Battle timer is ON: inactive players will automatically lose when time's up. (requested by adfsdfsdfsdaf)\n|\n|t:|1776606807\n|teamsize|p1|3\n|teamsize|p2|3\n|start\n|switch|p1a: Infernape|Infernape, L50, F|100/100\n|switch|p2a: Kleavor|Kleavor, L50, F|100/100\n|turn|1\n|\n|t:|1776606818\n|move|p1a: Infernape|U-turn|p2a: Kleavor\n|-damage|p2a: Kleavor|73/100\n|\n|t:|1776606820\n|switch|p1a: Hippowdon|Hippowdon, L50, M|100/100|[from] U-turn\n|-weather|Sandstorm|[from] ability: Sand Stream|[of] p1a: Hippowdon\n|move|p2a: Kleavor|Stone Axe|p1a: Hippowdon\n|-resisted|p1a: Hippowdon|1\n|-damage|p1a: Hippowdon|81/100\n|-sidestart|p1: adfsdfsdfsdaf|move: Stealth Rock\n|\n|-weather|Sandstorm|[upkeep]\n|upkeep\n|turn|2\n|-activate|p2a: Kleavor|item: Quick Claw\n|\n|t:|1776606831\n|move|p2a: Kleavor|U-turn|p1a: Hippowdon\n|-damage|p1a: Hippowdon|53/100\n|\n|t:|1776606835\n|switch|p2a: Araquanid|Araquanid, L50, M|100/100|[from] U-turn\n|move|p1a: Hippowdon|Stealth Rock|p2a: Araquanid\n|-sidestart|p2: RedGizmo|move: Stealth Rock\n|\n|-weather|Sandstorm|[upkeep]\n|-damage|p2a: Araquanid|95/100|[from] Sandstorm\n|upkeep\n|turn|3\n|\n|t:|1776606845\n|move|p1a: Hippowdon|Yawn|p2a: Araquanid\n|-start|p2a: Araquanid|move: Yawn|[of] p1a: Hippowdon\n|move|p2a: Araquanid|Liquidation|p1a: Hippowdon\n|-supereffective|p1a: Hippowdon|1\n|-damage|p1a: Hippowdon|0 fnt\n|faint|p1a: Hippowdon\n|\n|-weather|Sandstorm|[upkeep]\n|-damage|p2a: Araquanid|89/100|[from] Sandstorm\n|upkeep\n|\n|t:|1776606853\n|switch|p1a: Clefable|Clefable, L50, F|100/100\n|-damage|p1a: Clefable|88/100|[from] Stealth Rock\n|turn|4\n|\n|t:|1776606874\n|switch|p2a: Pinsir|Pinsir, L50, F|100/100\n|-damage|p2a: Pinsir|76/100|[from] Stealth Rock\n|move|p1a: Clefable|Moonblast|p2a: Pinsir\n|-damage|p2a: Pinsir|21/100\n|\n|-weather|Sandstorm|[upkeep]\n|-damage|p2a: Pinsir|15/100|[from] Sandstorm\n|-damage|p1a: Clefable|82/100|[from] Sandstorm\n|upkeep\n|turn|5\n|\n|t:|1776606886\n|detailschange|p2a: Pinsir|Pinsir-Mega, L50, F\n|-mega|p2a: Pinsir|Pinsir|Pinsirite\n|move|p2a: Pinsir|Body Slam|p1a: Clefable\n|-damage|p1a: Clefable|33/100\n|-enditem|p1a: Clefable|Sitrus Berry|[eat]\n|-heal|p1a: Clefable|58/100|[from] item: Sitrus Berry\n|move|p1a: Clefable|Moonblast|p2a: Pinsir\n|-damage|p2a: Pinsir|0 fnt\n|faint|p2a: Pinsir\n|\n|-weather|none\n|upkeep\n|\n|t:|1776606898\n|switch|p2a: Kleavor|Kleavor, L50, F|73/100\n|-damage|p2a: Kleavor|49/100|[from] Stealth Rock\n|turn|6\n|\n|t:|1776606903\n|move|p2a: Kleavor|X-Scissor|p1a: Clefable\n|-resisted|p1a: Clefable|1\n|-damage|p1a: Clefable|31/100\n|move|p1a: Clefable|Moonblast|p2a: Kleavor\n|-damage|p2a: Kleavor|0 fnt\n|faint|p2a: Kleavor\n|\n|upkeep\n|\n|t:|1776606911\n|switch|p2a: Araquanid|Araquanid, L50, M|89/100\n|-damage|p2a: Araquanid|64/100|[from] Stealth Rock\n|turn|7\n|\n|t:|1776606916\n|move|p1a: Clefable|Moonblast|p2a: Araquanid\n|-crit|p2a: Araquanid\n|-damage|p2a: Araquanid|27/100\n|move|p2a: Araquanid|Liquidation|p1a: Clefable\n|-damage|p1a: Clefable|0 fnt\n|faint|p1a: Clefable\n|\n|upkeep\n|\n|t:|1776606918\n|switch|p1a: Infernape|Infernape, L50, F|100/100\n|-damage|p1a: Infernape|88/100|[from] Stealth Rock\n|turn|8\n|\n|t:|1776606927\n|move|p1a: Infernape|Raging Fury|p2a: Araquanid\n|-damage|p2a: Araquanid|0 fnt\n|faint|p2a: Araquanid\n|\n|win|adfsdfsdfsdaf\n|raw|adfsdfsdfsdaf's rating: 1222 &rarr; <strong>1242</strong><br />(+20 for winning)\n|raw|RedGizmo's rating: 1154 &rarr; <strong>1134</strong><br />(-20 for losing)\n",
  "uploadtime": 1776606930,
  "views": 2,
  "formatid": "gen9championsbssregma",
  "rating": 1134,
  "private": 0,
  "password": null
}