{
  "id": "gen9championsbssregma-2582939977",
  "format": "[Gen 9 Champions] BSS Reg M-A",
  "players": [
    "lisense9019",
    "UGECptAjani"
  ],
  "log": "|j|\u2606lisense9019\n|j|\u2606UGECptAjani\n|t:|1776126844\n|gametype|singles\n|player|p1|lisense9019|101|1039\n|player|p2|UGECptAjani|2|1000\n|gen|9\n|tier|[Gen 9 Champions] BSS Reg M-A\n|rated|\n|rule|Species Clause: Limit one of each Pok\u00e9mon\n|rule|Item Clause: Limit 1 of each item\n|clearpoke\n|poke|p1|Clefable, L50, F|\n|poke|p1|Corviknight, L50, M|\n|poke|p1|Skeledirge, L50, M|\n|poke|p1|Starmie, L50|\n|poke|p1|Goodra-Hisui, L50, M|\n|poke|p1|Kingambit, L50, M|\n|poke|p2|Floette-Eternal, L50, F|\n|poke|p2|Aerodactyl, L50, M|\n|poke|p2|Incineroar, L50, M|\n|poke|p2|Garchomp, L50, M|\n|poke|p2|Charizard, L50, F|\n|poke|p2|Venusaur, L50, F|\n|teampreview|3\n|j| SuperMYL\n|\n|t:|1776126871\n|teamsize|p1|3\n|teamsize|p2|3\n|start\n|switch|p1a: Goodra|Goodra-Hisui, L50, M|100/100\n|switch|p2a: Charizard|Charizard, L50, F|100/100\n|turn|1\n|\n|t:|1776126880\n|detailschange|p2a: Charizard|Charizard-Mega-Y, L50, F\n|-mega|p2a: Charizard|Charizard|Charizardite Y\n|-weather|SunnyDay|[from] ability: Drought|[of] p2a: Charizard\n|move|p2a: Charizard|Heat Wave|p1a: Goodra\n|-damage|p1a: Goodra|51/100\n|move|p1a: Goodra|Rock Slide|p2a: Charizard\n|-supereffective|p2a: Charizard|2\n|-damage|p2a: Charizard|20/100\n|\n|-weather|SunnyDay|[upkeep]\n|upkeep\n|turn|2\n|\n|t:|1776126891\n|move|p2a: Charizard|Weather Ball|p1a: Goodra\n|-damage|p1a: Goodra|0 fnt\n|faint|p1a: Goodra\n|\n|-weather|SunnyDay|[upkeep]\n|upkeep\n|\n|t:|1776126898\n|switch|p1a: Skeledirge|Skeledirge, L50, M, shiny|100/100\n|turn|3\n|\n|t:|1776126912\n|switch|p2a: Aerodactyl|Aerodactyl, L50, M|100/100\n|-ability|p2a: Aerodactyl|Unnerve\n|move|p1a: Skeledirge|Torch Song|p2a: Aerodactyl\n|-resisted|p2a: Aerodactyl|1\n|-damage|p2a: Aerodactyl|69/100\n|-boost|p1a: Skeledirge|spa|1\n|\n|-weather|SunnyDay|[upkeep]\n|upkeep\n|turn|4\n|l| SuperMYL\n|\n|t:|1776126925\n|switch|p1a: Clefable|Clefable, L50, F, shiny|100/100\n|move|p2a: Aerodactyl|Rock Slide|p1a: Clefable|[miss]\n|-miss|p2a: Aerodactyl|p1a: Clefable\n|\n|-weather|SunnyDay|[upkeep]\n|upkeep\n|turn|5\n|\n|t:|1776126937\n|move|p2a: Aerodactyl|Tailwind|p2a: Aerodactyl\n|-sidestart|p2: UGECptAjani|move: Tailwind\n|move|p1a: Clefable|Cosmic Power|p1a: Clefable\n|-boost|p1a: Clefable|def|1\n|-boost|p1a: Clefable|spd|1\n|\n|-weather|none\n|upkeep\n|turn|6\n|\n|t:|1776126950\n|move|p2a: Aerodactyl|Dual Wingbeat|p1a: Clefable\n|-damage|p1a: Clefable|92/100\n|-damage|p1a: Clefable|83/100\n|-hitcount|p1a: Clefable|2\n|move|p1a: Clefable|Cosmic Power|p1a: Clefable\n|-boost|p1a: Clefable|def|1\n|-boost|p1a: Clefable|spd|1\n|\n|upkeep\n|turn|7\n|\n|t:|1776126960\n|move|p2a: Aerodactyl|Rock Slide|p1a: Clefable\n|-damage|p1a: Clefable|69/100\n|move|p1a: Clefable|Cosmic Power|p1a: Clefable\n|-boost|p1a: Clefable|def|1\n|-boost|p1a: Clefable|spd|1\n|\n|upkeep\n|turn|8\n|\n|t:|1776126968\n|switch|p2a: Charizard|Charizard-Mega-Y, L50, F|20/100\n|-weather|SunnyDay|[from] ability: Drought|[of] p2a: Charizard\n|move|p1a: Clefable|Moonlight|p1a: Clefable\n|-heal|p1a: Clefable|100/100\n|\n|-weather|SunnyDay|[upkeep]\n|-sideend|p2: UGECptAjani|move: Tailwind\n|upkeep\n|turn|9\n|\n|t:|1776126979\n|move|p2a: Charizard|Weather Ball|p1a: Clefable\n|-damage|p1a: Clefable|61/100\n|move|p1a: Clefable|Stored Power|p2a: Charizard\n|-damage|p2a: Charizard|0 fnt\n|faint|p2a: Charizard\n|\n|-weather|SunnyDay|[upkeep]\n|upkeep\n|\n|t:|1776126986\n|switch|p2a: Venusaur|Venusaur, L50, F|100/100\n|turn|10\n|\n|t:|1776126992\n|detailschange|p1a: Clefable|Clefable-Mega, L50, F, shiny\n|-mega|p1a: Clefable|Clefable|Clefablite\n|move|p2a: Venusaur|Sludge Bomb|p1a: Clefable\n|-supereffective|p1a: Clefable|1\n|-damage|p1a: Clefable|32/100\n|move|p1a: Clefable|Cosmic Power|p1a: Clefable\n|-boost|p1a: Clefable|def|1\n|-boost|p1a: Clefable|spd|1\n|\n|-weather|SunnyDay|[upkeep]\n|upkeep\n|turn|11\n|\n|t:|1776127009\n|move|p2a: Venusaur|Sludge Bomb|p1a: Clefable\n|-supereffective|p1a: Clefable|1\n|-damage|p1a: Clefable|7/100\n|move|p1a: Clefable|Moonlight|p1a: Clefable\n|-heal|p1a: Clefable|74/100\n|\n|-weather|SunnyDay|[upkeep]\n|upkeep\n|turn|12\n|\n|t:|1776127018\n|move|p2a: Venusaur|Sludge Bomb|p1a: Clefable\n|-supereffective|p1a: Clefable|1\n|-damage|p1a: Clefable|47/100\n|move|p1a: Clefable|Cosmic Power|p1a: Clefable\n|-boost|p1a: Clefable|def|1\n|-boost|p1a: Clefable|spd|1\n|\n|-weather|none\n|upkeep\n|turn|13\n|\n|t:|1776127026\n|move|p2a: Venusaur|Sludge Bomb|p1a: Clefable\n|-supereffective|p1a: Clefable|1\n|-damage|p1a: Clefable|25/100\n|-status|p1a: Clefable|psn\n|move|p1a: Clefable|Moonlight|p1a: Clefable\n|-heal|p1a: Clefable|75/100 psn\n|\n|-damage|p1a: Clefable|63/100 psn|[from] psn\n|upkeep\n|turn|14\n|\n|t:|1776127037\n|move|p2a: Venusaur|Sleep Powder|p1a: Clefable\n|move|p1a: Clefable|Sleep Powder|p2a: Venusaur|[from] ability: Magic Bounce\n|-immune|p2a: Venusaur\n|move|p1a: Clefable|Stored Power|p2a: Venusaur\n|-supereffective|p2a: Venusaur|1\n|-enditem|p2a: Venusaur|Focus Sash\n|-damage|p2a: Venusaur|1/100\n|\n|-damage|p1a: Clefable|50/100 psn|[from] psn\n|upkeep\n|turn|15\n|\n|t:|1776127049\n|move|p2a: Venusaur|Sludge Bomb|p1a: Clefable\n|-supereffective|p1a: Clefable|1\n|-damage|p1a: Clefable|30/100 psn\n|move|p1a: Clefable|Moonlight|p1a: Clefable\n|-heal|p1a: Clefable|80/100 psn\n|\n|-damage|p1a: Clefable|67/100 psn|[from] psn\n|upkeep\n|turn|16\n|\n|t:|1776127060\n|move|p2a: Venusaur|Sludge Bomb|p1a: Clefable\n|-supereffective|p1a: Clefable|1\n|-damage|p1a: Clefable|46/100 psn\n|move|p1a: Clefable|Moonlight|p1a: Clefable\n|-heal|p1a: Clefable|96/100 psn\n|\n|-damage|p1a: Clefable|83/100 psn|[from] psn\n|upkeep\n|turn|17\n|\n|t:|1776127071\n|move|p2a: Venusaur|Sludge Bomb|p1a: Clefable\n|-supereffective|p1a: Clefable|1\n|-damage|p1a: Clefable|61/100 psn\n|move|p1a: Clefable|Stored Power|p2a: Venusaur\n|-supereffective|p2a: Venusaur|1\n|-damage|p2a: Venusaur|0 fnt\n|faint|p2a: Venusaur\n|\n|-damage|p1a: Clefable|49/100 psn|[from] psn\n|upkeep\n|\n|t:|1776127078\n|switch|p2a: Aerodactyl|Aerodactyl, L50, M|69/100\n|-ability|p2a: Aerodactyl|Unnerve\n|turn|18\n|\n|t:|1776127084\n|move|p2a: Aerodactyl|Dual Wingbeat|p1a: Clefable\n|-damage|p1a: Clefable|46/100 psn\n|-damage|p1a: Clefable|42/100 psn\n|-hitcount|p1a: Clefable|2\n|move|p1a: Clefable|Moonlight|p1a: Clefable\n|-heal|p1a: Clefable|92/100 psn\n|\n|-damage|p1a: Clefable|80/100 psn|[from] psn\n|upkeep\n|turn|19\n|\n|t:|1776127095\n|move|p2a: Aerodactyl|Rock Slide|p1a: Clefable\n|-supereffective|p1a: Clefable|1\n|-damage|p1a: Clefable|67/100 psn\n|move|p1a: Clefable|Stored Power|p2a: Aerodactyl\n|-damage|p2a: Aerodactyl|0 fnt\n|faint|p2a: Aerodactyl\n|\n|win|lisense9019\n|raw|lisense9019's rating: 1039 &rarr; <strong>1069</strong><br />(+30 for winning)\n|raw|UGECptAjani's rating: 1000 &rarr; <strong>1000</strong><br />(+0 for losing)\n|l|\u2606UGECptAjani\n|player|p2|\n",
  "uploadtime": 1776127109,
  "views": 10,
  "formatid": "gen9championsbssregma",
  "rating": 1000,
  "private": 0,
  "password": null
}