{
  "id": "gen9championsbssregma-2583991375",
  "format": "[Gen 9 Champions] BSS Reg M-A",
  "players": [
    "SDK04",
    "BushGaming41"
  ],
  "log": "|j|\u2606SDK04\n|j|\u2606BushGaming41\n|inactive|Battle timer is ON: inactive players will automatically lose when time's up.\n|t:|1776214783\n|gametype|singles\n|player|p1|SDK04|miku-ground|\n|player|p2|BushGaming41|1|\n|gen|9\n|tier|[Gen 9 Champions] BSS Reg M-A\n|rated|Tournament battle\n|rule|Species Clause: Limit one of each Pok\u00e9mon\n|rule|Item Clause: Limit 1 of each item\n|clearpoke\n|poke|p1|Dragapult, L50, M|\n|poke|p1|Slowbro-Galar, L50, M|\n|poke|p1|Kingambit, L50, M|\n|poke|p1|Hydrapple, L50, M|\n|poke|p1|Rhyperior, L50, F|\n|poke|p1|Hatterene, L50, F|\n|poke|p2|Skeledirge, L50, F|\n|poke|p2|Meowscarada, L50, F|\n|poke|p2|Quaquaval, L50, F|\n|poke|p2|Skarmory, L50, M|\n|poke|p2|Garchomp, L50, F|\n|poke|p2|Emolga, L50, F|\n|teampreview|3\n|inactive|SDK04 has 60 seconds left.\n|inactive|BushGaming41 has 60 seconds left.\n|\n|t:|1776214826\n|teamsize|p1|3\n|teamsize|p2|3\n|start\n|switch|p1a: The Screener|Dragapult, L50, M|100/100\n|switch|p2a: Quaquaval|Quaquaval, L50, F|100/100\n|turn|1\n|\n|t:|1776214831\n|move|p1a: The Screener|Reflect|p1a: The Screener\n|-sidestart|p1: SDK04|Reflect\n|move|p2a: Quaquaval|Ice Spinner|p1a: The Screener\n|-supereffective|p1a: The Screener|1\n|-damage|p1a: The Screener|69/100\n|\n|upkeep\n|turn|2\n|\n|t:|1776214839\n|move|p1a: The Screener|Curse|p2a: Quaquaval\n|-start|p2a: Quaquaval|Curse|[of] p1a: The Screener\n|-damage|p1a: The Screener|19/100\n|move|p2a: Quaquaval|Ice Spinner|p1a: The Screener\n|-supereffective|p1a: The Screener|1\n|-damage|p1a: The Screener|0 fnt\n|faint|p1a: The Screener\n|\n|-damage|p2a: Quaquaval|75/100|[from] Curse\n|upkeep\n|\n|t:|1776214845\n|switch|p1a: Turbo|Hatterene, L50, F|100/100\n|turn|3\n|\n|t:|1776214849\n|switch|p2a: Emolga|Emolga, L50, F|100/100\n|move|p1a: Turbo|Agility|p1a: Turbo\n|-boost|p1a: Turbo|spe|2\n|\n|upkeep\n|turn|4\n|\n|t:|1776214853\n|move|p2a: Emolga|Encore|p1a: Turbo\n|move|p1a: Turbo|Encore||[from] ability: Magic Bounce|[still]\n|-fail|p1a: Turbo\n|move|p1a: Turbo|Calm Mind|p1a: Turbo\n|-boost|p1a: Turbo|spa|1\n|-boost|p1a: Turbo|spd|1\n|\n|upkeep\n|turn|5\n|\n|t:|1776214858\n|move|p2a: Emolga|Nuzzle|p1a: Turbo\n|-damage|p1a: Turbo|97/100\n|-status|p1a: Turbo|par\n|move|p1a: Turbo|Calm Mind|p1a: Turbo\n|-boost|p1a: Turbo|spa|1\n|-boost|p1a: Turbo|spd|1\n|\n|-heal|p1a: Turbo|100/100 par|[from] item: Leftovers\n|-sideend|p1: SDK04|Reflect\n|upkeep\n|turn|6\n|\n|t:|1776214870\n|move|p2a: Emolga|Volt Switch|p1a: Turbo\n|-damage|p1a: Turbo|90/100 par\n|\n|t:|1776214873\n|switch|p2a: Skarmory|Skarmory, L50, M|100/100|[from] Volt Switch\n|move|p1a: Turbo|Agility|p1a: Turbo\n|-boost|p1a: Turbo|spe|2\n|\n|-heal|p1a: Turbo|96/100 par|[from] item: Leftovers\n|upkeep\n|turn|7\n|\n|t:|1776214878\n|detailschange|p2a: Skarmory|Skarmory-Mega, L50, M\n|-mega|p2a: Skarmory|Skarmory|Skarmorite\n|move|p2a: Skarmory|Iron Head|p1a: Turbo\n|-supereffective|p1a: Turbo|1\n|-damage|p1a: Turbo|8/100 par\n|move|p1a: Turbo|Stored Power|p2a: Skarmory\n|-resisted|p2a: Skarmory|1\n|-damage|p2a: Skarmory|0 fnt\n|faint|p2a: Skarmory\n|\n|-heal|p1a: Turbo|14/100 par|[from] item: Leftovers\n|upkeep\n|\n|t:|1776214884\n|switch|p2a: Quaquaval|Quaquaval, L50, F|75/100\n|turn|8\n|\n|t:|1776214887\n|move|p2a: Quaquaval|Aqua Step|p1a: Turbo\n|-damage|p1a: Turbo|0 fnt\n|-boost|p2a: Quaquaval|spe|1\n|faint|p1a: Turbo\n|\n|upkeep\n|\n|t:|1776214889\n|switch|p1a: WINNER! GAGNAT!|Rhyperior, L50, F|100/100\n|turn|9\n|\n|t:|1776214895\n|move|p2a: Quaquaval|Aqua Step|p1a: WINNER! GAGNAT!\n|-supereffective|p1a: WINNER! GAGNAT!|2\n|-enditem|p1a: WINNER! GAGNAT!|Passho Berry|[eat]\n|-enditem|p1a: WINNER! GAGNAT!|Passho Berry|[weaken]\n|-damage|p1a: WINNER! GAGNAT!|57/100\n|-boost|p2a: Quaquaval|spe|1\n|move|p1a: WINNER! GAGNAT!|Earthquake|p2a: Quaquaval\n|-damage|p2a: Quaquaval|0 fnt\n|faint|p2a: Quaquaval\n|\n|upkeep\n|-message|BushGaming41 forfeited.\n|\n|win|SDK04\n|n|\u2606SDK04|sdk04\n|n|\u2606BushGaming41|bushgaming41\n|l|\u2606BushGaming41\n|player|p2|\n|j| Kyurem\n",
  "uploadtime": 1776214922,
  "views": 1,
  "formatid": "gen9championsbssregma",
  "rating": null,
  "private": 0,
  "password": null
}