{
  "id": "gen9championsbssregma-2582975783",
  "format": "[Gen 9 Champions] BSS Reg M-A",
  "players": [
    "misakamikoto 9982",
    "Milimanjaro"
  ],
  "log": "|j|\u2606misakamikoto 9982\n|j|\u2606Milimanjaro\n|t:|1776130008\n|gametype|singles\n|player|p1|misakamikoto 9982|dawn|1381\n|player|p2|Milimanjaro|lucas|1228\n|gen|9\n|tier|[Gen 9 Champions] BSS Reg M-A\n|rated|\n|rule|Species Clause: Limit one of each Pok\u00e9mon\n|rule|Item Clause: Limit 1 of each item\n|clearpoke\n|poke|p1|Pelipper, L50, M|\n|poke|p1|Archaludon, L50, F|\n|poke|p1|Garchomp, L50, M|\n|poke|p1|Basculegion, L50, M|\n|poke|p1|Meganium, L50, F|\n|poke|p1|Sneasler, L50, M|\n|poke|p2|Lopunny, L50, F|\n|poke|p2|Araquanid, L50, F|\n|poke|p2|Whimsicott, L50, M|\n|poke|p2|Vanilluxe, L50, F|\n|poke|p2|Tyranitar, L50, M|\n|poke|p2|Talonflame, L50, F|\n|teampreview|3\n|inactive|Battle timer is ON: inactive players will automatically lose when time's up. (requested by misakamikoto 9982)\n|j| gawayneou\n|inactive|misakamikoto 9982 has 60 seconds left.\n|inactive|misakamikoto 9982 has 30 seconds left.\n|inactive|misakamikoto 9982 has 20 seconds left.\n|\n|t:|1776130080\n|teamsize|p1|3\n|teamsize|p2|3\n|start\n|switch|p1a: Meganium|Meganium, L50, F, shiny|100/100\n|switch|p2a: Talonflame|Talonflame, L50, F|100/100\n|turn|1\n|\n|t:|1776130088\n|switch|p1a: Pelipper|Pelipper, L50, M|100/100\n|-weather|RainDance|[from] ability: Drizzle|[of] p1a: Pelipper\n|move|p2a: Talonflame|Will-O-Wisp|p1a: Pelipper\n|-status|p1a: Pelipper|brn\n|\n|-weather|RainDance|[upkeep]\n|-damage|p1a: Pelipper|95/100 brn|[from] brn\n|upkeep\n|turn|2\n|j| bromerta\n|\n|t:|1776130091\n|switch|p2a: Vanilluxe|Vanilluxe, L50, F|100/100\n|-weather|Snowscape|[from] ability: Snow Warning|[of] p2a: Vanilluxe\n|move|p1a: Pelipper|U-turn|p2a: Vanilluxe\n|-damage|p2a: Vanilluxe|96/100\n|\n|t:|1776130096\n|switch|p1a: Basculegion|Basculegion, L50, M, shiny|100/100|[from] U-turn\n|\n|-weather|Snowscape|[upkeep]\n|upkeep\n|turn|3\n|\n|t:|1776130102\n|move|p2a: Vanilluxe|Freeze-Dry|p1a: Basculegion\n|-supereffective|p1a: Basculegion|1\n|-damage|p1a: Basculegion|23/100\n|move|p1a: Basculegion|Flip Turn|p2a: Vanilluxe\n|-damage|p2a: Vanilluxe|64/100\n|\n|t:|1776130107\n|switch|p1a: Pelipper|Pelipper, L50, M|95/100 brn|[from] Flip Turn\n|-weather|RainDance|[from] ability: Drizzle|[of] p1a: Pelipper\n|\n|-weather|RainDance|[upkeep]\n|-damage|p1a: Pelipper|89/100 brn|[from] brn\n|upkeep\n|turn|4\n|\n|t:|1776130109\n|move|p2a: Vanilluxe|Freeze-Dry|p1a: Pelipper\n|-supereffective|p1a: Pelipper|2\n|-damage|p1a: Pelipper|0 fnt\n|faint|p1a: Pelipper\n|\n|-weather|RainDance|[upkeep]\n|upkeep\n|\n|t:|1776130111\n|switch|p1a: Meganium|Meganium, L50, F, shiny|100/100\n|turn|5\n|l| bromerta\n|\n|t:|1776130117\n|switch|p2a: Talonflame|Talonflame, L50, F|100/100\n|detailschange|p1a: Meganium|Meganium-Mega, L50, F, shiny\n|-mega|p1a: Meganium|Meganium|Meganiumite\n|move|p1a: Meganium|Weather Ball|p2a: Talonflame\n|-resisted|p2a: Talonflame|1\n|-crit|p2a: Talonflame\n|-damage|p2a: Talonflame|50/100\n|\n|-weather|RainDance|[upkeep]\n|upkeep\n|turn|6\n|j| bromerta\n|l| bromerta\n|inactive|misakamikoto 9982 has 30 seconds left.\n|\n|t:|1776130150\n|move|p2a: Talonflame|Roost|p2a: Talonflame\n|-heal|p2a: Talonflame|100/100\n|-singleturn|p2a: Talonflame|move: Roost\n|move|p1a: Meganium|Weather Ball|p2a: Talonflame\n|-resisted|p2a: Talonflame|1\n|-damage|p2a: Talonflame|64/100\n|\n|-weather|RainDance|[upkeep]\n|upkeep\n|turn|7\n|\n|t:|1776130160\n|switch|p1a: Basculegion|Basculegion, L50, M, shiny|23/100\n|move|p2a: Talonflame|Will-O-Wisp|p1a: Basculegion\n|-status|p1a: Basculegion|brn\n|\n|-weather|none\n|-damage|p1a: Basculegion|17/100 brn|[from] brn\n|upkeep\n|turn|8\n|-message|misakamikoto 9982 forfeited.\n|\n|win|Milimanjaro\n|raw|misakamikoto 9982's rating: 1381 &rarr; <strong>1353</strong><br />(-28 for losing)\n|raw|Milimanjaro's rating: 1228 &rarr; <strong>1263</strong><br />(+35 for winning)\n|l|\u2606misakamikoto 9982\n|player|p1|\n|l|\u2606Milimanjaro\n|player|p2|\n|j| bromerta\n|l| bromerta\n|j| bromerta\n",
  "uploadtime": 1776130415,
  "views": 9,
  "formatid": "gen9championsbssregma",
  "rating": 1263,
  "private": 0,
  "password": null
}