{
  "id": "gen9championsbssregma-2587234972",
  "format": "[Gen 9 Champions] BSS Reg M-A",
  "players": [
    "Crimsonlof",
    "SwE2X1Y1"
  ],
  "log": "|j|\u203dCrimsonlof\n|j|\u2606SwE2X1Y1\n|t:|1776512564\n|gametype|singles\n|player|p1|Crimsonlof|2|1000\n|player|p2|SwE2X1Y1|cynthia-gen4|1021\n|gen|9\n|tier|[Gen 9 Champions] BSS Reg M-A\n|rated|\n|rule|Species Clause: Limit one of each Pok\u00e9mon\n|rule|Item Clause: Limit 1 of each item\n|clearpoke\n|poke|p1|Gengar, L50, M|\n|poke|p1|Alakazam, L50, M|\n|poke|p1|Incineroar, L50, M|\n|poke|p1|Whimsicott, L50, M|\n|poke|p1|Ninetales-Alola, L50, F|\n|poke|p1|Hawlucha, L50, M|\n|poke|p2|Zoroark-Hisui, L50, M|\n|poke|p2|Mimikyu, L50, F|\n|poke|p2|Lucario, L50, F|\n|poke|p2|Charizard, L50, F|\n|poke|p2|Bastiodon, L50, M|\n|poke|p2|Farigiraf, L50, F|\n|teampreview|3\n|\n|t:|1776512584\n|teamsize|p1|3\n|teamsize|p2|3\n|start\n|switch|p1a: Gengar|Gengar, L50, M|100/100\n|switch|p2a: Bastiodon|Bastiodon, L50, M|100/100\n|turn|1\n|\n|t:|1776512595\n|detailschange|p1a: Gengar|Gengar-Mega, L50, M\n|-mega|p1a: Gengar|Gengar|Gengarite\n|move|p1a: Gengar|Substitute|p1a: Gengar\n|-start|p1a: Gengar|Substitute\n|-damage|p1a: Gengar|76/100\n|move|p2a: Bastiodon|Stealth Rock|p1a: Gengar\n|-sidestart|p1: Crimsonlof|move: Stealth Rock\n|\n|upkeep\n|turn|2\n|\n|t:|1776512602\n|move|p1a: Gengar|Shadow Ball|p2a: Bastiodon\n|-damage|p2a: Bastiodon|71/100\n|move|p2a: Bastiodon|Roar|p1a: Gengar\n|drag|p1a: Alakazam|Alakazam, L50, M|100/100\n|-damage|p1a: Alakazam|88/100|[from] Stealth Rock\n|\n|-heal|p2a: Bastiodon|77/100|[from] item: Leftovers\n|upkeep\n|turn|3\n|\n|t:|1776512618\n|move|p1a: Alakazam|Psychic|p2a: Bastiodon\n|-resisted|p2a: Bastiodon|1\n|-damage|p2a: Bastiodon|63/100\n|move|p2a: Bastiodon|Hard Press|p1a: Alakazam\n|-damage|p1a: Alakazam|42/100\n|\n|-heal|p2a: Bastiodon|69/100|[from] item: Leftovers\n|upkeep\n|turn|4\n|\n|t:|1776512626\n|move|p1a: Alakazam|Psychic|p2a: Bastiodon\n|-resisted|p2a: Bastiodon|1\n|-damage|p2a: Bastiodon|54/100\n|move|p2a: Bastiodon|Hard Press|p1a: Alakazam\n|-damage|p1a: Alakazam|21/100\n|\n|-heal|p2a: Bastiodon|60/100|[from] item: Leftovers\n|upkeep\n|turn|5\n|\n|t:|1776512633\n|move|p1a: Alakazam|Psychic|p2a: Bastiodon\n|-resisted|p2a: Bastiodon|1\n|-damage|p2a: Bastiodon|45/100\n|move|p2a: Bastiodon|Body Press|p1a: Alakazam\n|-resisted|p1a: Alakazam|1\n|-damage|p1a: Alakazam|0 fnt\n|faint|p1a: Alakazam\n|\n|-heal|p2a: Bastiodon|51/100|[from] item: Leftovers\n|upkeep\n|\n|t:|1776512648\n|switch|p1a: Gengar|Gengar-Mega, L50, M|76/100\n|-damage|p1a: Gengar|64/100|[from] Stealth Rock\n|turn|6\n|inactive|Battle timer is ON: inactive players will automatically lose when time's up. (requested by SwE2X1Y1)\n|\n|t:|1776512653\n|move|p1a: Gengar|Shadow Ball|p2a: Bastiodon\n|-damage|p2a: Bastiodon|21/100\n|move|p2a: Bastiodon|Roar|p1a: Gengar\n|drag|p1a: Whimsicott|Whimsicott, L50, M|100/100\n|-damage|p1a: Whimsicott|88/100|[from] Stealth Rock\n|\n|-heal|p2a: Bastiodon|27/100|[from] item: Leftovers\n|upkeep\n|turn|7\n|\n|t:|1776512668\n|move|p1a: Whimsicott|Tailwind|p1a: Whimsicott\n|-sidestart|p1: Crimsonlof|move: Tailwind\n|move|p2a: Bastiodon|Hard Press|p1a: Whimsicott\n|-supereffective|p1a: Whimsicott|1\n|-damage|p1a: Whimsicott|34/100\n|\n|-heal|p2a: Bastiodon|33/100|[from] item: Leftovers\n|upkeep\n|turn|8\n|-message|Crimsonlof forfeited.\n|\n|win|SwE2X1Y1\n|raw|Crimsonlof's rating: 1000 &rarr; <strong>1000</strong><br />(+0 for losing)\n|raw|SwE2X1Y1's rating: 1021 &rarr; <strong>1056</strong><br />(+35 for winning)\n|l|\u203dCrimsonlof\n|player|p1|\n",
  "uploadtime": 1776512680,
  "views": 7,
  "formatid": "gen9championsbssregma",
  "rating": 1000,
  "private": 0,
  "password": null
}