{
  "id": "gen9championsbssregma-2582390996",
  "format": "[Gen 9 Champions] BSS Reg M-A",
  "players": [
    "Aernova",
    "2siu"
  ],
  "log": "|j|\u2606Aernova\n|j|\u26062siu\n|t:|1776088544\n|gametype|singles\n|player|p1|Aernova|unknownf|1074\n|player|p2|2siu|1|1043\n|gen|9\n|tier|[Gen 9 Champions] BSS Reg M-A\n|rated|\n|rule|Species Clause: Limit one of each Pok\u00e9mon\n|rule|Item Clause: Limit 1 of each item\n|clearpoke\n|poke|p1|Lucario, L50, F|\n|poke|p1|Glimmora, L50, F|\n|poke|p1|Absol, L50, M|\n|poke|p1|Ceruledge, L50, M|\n|poke|p1|Gyarados, L50, F|\n|poke|p1|Gardevoir, L50, F|\n|poke|p2|Starmie, L50|\n|poke|p2|Archaludon, L50, M|\n|poke|p2|Pelipper, L50, M|\n|poke|p2|Sneasler, L50, M|\n|poke|p2|Charizard, L50, F|\n|poke|p2|Garchomp, L50, F|\n|teampreview|3\n|inactive|Battle timer is ON: inactive players will automatically lose when time's up. (requested by Aernova)\n|inactive|Aernova has 60 seconds left.\n|inactive|2siu has 60 seconds left.\n|\n|t:|1776088595\n|teamsize|p1|3\n|teamsize|p2|3\n|start\n|switch|p1a: Glimmora|Glimmora, L50, F|100/100\n|switch|p2a: Starmie|Starmie, L50|100/100\n|turn|1\n|\n|t:|1776088603\n|detailschange|p2a: Starmie|Starmie-Mega, L50\n|-mega|p2a: Starmie|Starmie|Starminite\n|move|p2a: Starmie|Flip Turn|p1a: Glimmora\n|-supereffective|p1a: Glimmora|1\n|-damage|p1a: Glimmora|0 fnt\n|-activate|p1a: Glimmora|ability: Toxic Debris\n|-sidestart|p2: 2siu|move: Toxic Spikes\n|faint|p1a: Glimmora\n|\n|t:|1776088611\n|switch|p2a: Pelipper|Pelipper, L50, M|100/100|[from] Flip Turn\n|-weather|RainDance|[from] ability: Drizzle|[of] p2a: Pelipper\n|\n|-weather|RainDance|[upkeep]\n|upkeep\n|\n|t:|1776088615\n|switch|p1a: Absol|Absol, L50, M|100/100\n|turn|2\n|\n|t:|1776088621\n|detailschange|p1a: Absol|Absol-Mega, L50, M\n|-mega|p1a: Absol|Absol|Absolite\n|move|p1a: Absol|Swords Dance|p1a: Absol\n|-boost|p1a: Absol|atk|2\n|move|p2a: Pelipper|U-turn|p1a: Absol\n|-supereffective|p1a: Absol|1\n|-damage|p1a: Absol|62/100\n|\n|t:|1776088630\n|switch|p2a: Garchomp|Garchomp, L50, F|100/100|[from] U-turn\n|-status|p2a: Garchomp|psn\n|\n|-weather|RainDance|[upkeep]\n|-damage|p2a: Garchomp|88/100 psn|[from] psn\n|upkeep\n|turn|3\n|\n|t:|1776088646\n|move|p1a: Absol|Play Rough|p2a: Garchomp\n|-supereffective|p2a: Garchomp|1\n|-damage|p2a: Garchomp|0 fnt\n|-damage|p1a: Absol|50/100|[from] ability: Rough Skin|[of] p2a: Garchomp\n|faint|p2a: Garchomp\n|\n|-weather|RainDance|[upkeep]\n|upkeep\n|\n|t:|1776088655\n|switch|p2a: Starmie|Starmie-Mega, L50|100/100\n|-status|p2a: Starmie|psn\n|turn|4\n|\n|t:|1776088670\n|move|p2a: Starmie|Aqua Jet|p1a: Absol\n|-damage|p1a: Absol|0 fnt\n|faint|p1a: Absol\n|\n|-weather|RainDance|[upkeep]\n|-damage|p2a: Starmie|89/100 psn|[from] psn\n|upkeep\n|\n|t:|1776088673\n|switch|p1a: Gardevoir|Gardevoir, L50, F|100/100\n|-ability|p1a: Gardevoir|Huge Power|Trace|[from] ability: Trace|[of] p2a: Starmie\n|turn|5\n|\n|t:|1776088683\n|move|p1a: Gardevoir|Moonblast|p2a: Starmie\n|-damage|p2a: Starmie|23/100 psn\n|move|p2a: Starmie|Flip Turn|p1a: Gardevoir\n|-damage|p1a: Gardevoir|0 fnt\n|faint|p1a: Gardevoir\n|\n|win|2siu\n|raw|Aernova's rating: 1074 &rarr; <strong>1051</strong><br />(-23 for losing)\n|raw|2siu's rating: 1043 &rarr; <strong>1080</strong><br />(+37 for winning)\n",
  "uploadtime": 1776088696,
  "views": 17,
  "formatid": "gen9championsbssregma",
  "rating": 1051,
  "private": 0,
  "password": null
}