{
  "id": "gen9championsbssregma-2586013842",
  "format": "[Gen 9 Champions] BSS Reg M-A",
  "players": [
    "fletchyfletchy",
    "powertryhard"
  ],
  "log": "|j|\u2606fletchyfletchy\n|j|\u2606powertryhard\n|t:|1776390305\n|gametype|singles\n|player|p1|fletchyfletchy|liko|1073\n|player|p2|powertryhard|1|1167\n|gen|9\n|tier|[Gen 9 Champions] BSS Reg M-A\n|rated|\n|rule|Species Clause: Limit one of each Pok\u00e9mon\n|rule|Item Clause: Limit 1 of each item\n|clearpoke\n|poke|p1|Lopunny, L50, F|\n|poke|p1|Basculegion, L50, M|\n|poke|p1|Meowscarada, L50, F|\n|poke|p1|Aegislash, L50, F|\n|poke|p1|Charizard, L50, F|\n|poke|p1|Rotom-Wash, L50|\n|poke|p2|Dragonite, L50, M|\n|poke|p2|Basculegion, L50, M|\n|poke|p2|Espathra, L50, M|\n|poke|p2|Farigiraf, L50, M|\n|poke|p2|Clefable, L50, M|\n|poke|p2|Meganium, L50, F|\n|teampreview|3\n|inactive|Battle timer is ON: inactive players will automatically lose when time's up. (requested by powertryhard)\n|\n|t:|1776390336\n|teamsize|p1|3\n|teamsize|p2|3\n|start\n|switch|p1a: Lopunny|Lopunny, L50, F|100/100\n|switch|p2a: Espathra|Espathra, L50, M|100/100\n|turn|1\n|\n|t:|1776390342\n|switch|p1a: Meowscarada|Meowscarada, L50, F|100/100\n|move|p2a: Espathra|Protect||[still]\n|-fail|p2a: Espathra\n|\n|-ability|p2a: Espathra|Speed Boost|boost\n|-boost|p2a: Espathra|spe|1\n|upkeep\n|turn|2\n|\n|t:|1776390349\n|move|p1a: Meowscarada|Knock Off|p2a: Espathra\n|-start|p1a: Meowscarada|typechange|Dark|[from] ability: Protean\n|-supereffective|p2a: Espathra|1\n|-damage|p2a: Espathra|19/100\n|-enditem|p2a: Espathra|Focus Sash|[from] move: Knock Off|[of] p1a: Meowscarada\n|move|p2a: Espathra|Calm Mind|p2a: Espathra\n|-boost|p2a: Espathra|spa|1\n|-boost|p2a: Espathra|spd|1\n|\n|-ability|p2a: Espathra|Speed Boost|boost\n|-boost|p2a: Espathra|spe|1\n|upkeep\n|turn|3\n|\n|t:|1776390359\n|move|p2a: Espathra|Baton Pass|p2a: Espathra\n|\n|t:|1776390363\n|switch|p2a: Clefable|Clefable, L50, M|100/100|[from] Baton Pass\n|move|p1a: Meowscarada|U-turn|p2a: Clefable\n|-resisted|p2a: Clefable|1\n|-damage|p2a: Clefable|93/100\n|\n|t:|1776390370\n|switch|p1a: Lopunny|Lopunny, L50, F|100/100|[from] U-turn\n|\n|upkeep\n|turn|4\n|\n|t:|1776390381\n|detailschange|p1a: Lopunny|Lopunny-Mega, L50, F\n|-mega|p1a: Lopunny|Lopunny|Lopunnite\n|move|p1a: Lopunny|Fake Out|p2a: Clefable\n|-damage|p2a: Clefable|76/100\n|cant|p2a: Clefable|flinch\n|\n|upkeep\n|turn|5\n|\n|t:|1776390390\n|detailschange|p2a: Clefable|Clefable-Mega, L50, M\n|-mega|p2a: Clefable|Clefable|Clefablite\n|move|p1a: Lopunny|Triple Axel|p2a: Clefable\n|-supereffective|p2a: Clefable|1\n|-damage|p2a: Clefable|66/100\n|-supereffective|p2a: Clefable|1\n|-damage|p2a: Clefable|46/100\n|-supereffective|p2a: Clefable|1\n|-damage|p2a: Clefable|18/100\n|-hitcount|p2a: Clefable|3\n|move|p2a: Clefable|Cosmic Power|p2a: Clefable\n|-boost|p2a: Clefable|def|1\n|-boost|p2a: Clefable|spd|1\n|\n|upkeep\n|turn|6\n|\n|t:|1776390403\n|move|p1a: Lopunny|Thunder Punch|p2a: Clefable\n|-supereffective|p2a: Clefable|1\n|-damage|p2a: Clefable|0 fnt\n|faint|p2a: Clefable\n|\n|upkeep\n|-message|powertryhard forfeited.\n|\n|win|fletchyfletchy\n|raw|fletchyfletchy's rating: 1073 &rarr; <strong>1110</strong><br />(+37 for winning)\n|raw|powertryhard's rating: 1167 &rarr; <strong>1135</strong><br />(-32 for losing)\n",
  "uploadtime": 1776390407,
  "views": 4,
  "formatid": "gen9championsbssregma",
  "rating": 1110,
  "private": 0,
  "password": null
}