{
  "id": "gen9championsbssregma-2580966285",
  "format": "[Gen 9 Champions] BSS Reg M-A",
  "players": [
    "w8tahh",
    "IAMVASH"
  ],
  "log": "|j|\u2606w8tahh\n|j|\u2606IAMVASH\n|t:|1775947397\n|gametype|singles\n|player|p1|w8tahh|266|1198\n|player|p2|IAMVASH|1|1283\n|gen|9\n|tier|[Gen 9 Champions] BSS Reg M-A\n|rated|\n|rule|Species Clause: Limit one of each Pok\u00e9mon\n|rule|Item Clause: Limit 1 of each item\n|clearpoke\n|poke|p1|Meganium, L50, M|\n|poke|p1|Ninetales-Alola, L50, F|\n|poke|p1|Kingambit, L50, F|\n|poke|p1|Garchomp, L50, F|\n|poke|p1|Gyarados, L50, M|\n|poke|p1|Slowking-Galar, L50, M|\n|poke|p2|Tyranitar, L50, F|\n|poke|p2|Garchomp, L50, F|\n|poke|p2|Excadrill, L50, M|\n|poke|p2|Feraligatr, L50, M|\n|poke|p2|Sneasler, L50, F|\n|poke|p2|Rotom-Heat, L50|\n|teampreview|3\n|inactive|Battle timer is ON: inactive players will automatically lose when time's up. (requested by w8tahh)\n|inactive|w8tahh has 60 seconds left.\n|inactive|IAMVASH has 60 seconds left.\n|\n|t:|1775947432\n|teamsize|p1|3\n|teamsize|p2|3\n|start\n|switch|p1a: Garchomp|Garchomp, L50, F|100/100\n|switch|p2a: Garchomp|Garchomp, L50, F|100/100\n|turn|1\n|\n|t:|1775947448\n|move|p2a: Garchomp|Earthquake|p1a: Garchomp\n|-crit|p1a: Garchomp\n|-damage|p1a: Garchomp|20/100\n|move|p1a: Garchomp|Outrage|p2a: Garchomp|[miss]\n|-miss|p1a: Garchomp|p2a: Garchomp\n|\n|upkeep\n|turn|2\n|\n|t:|1775947457\n|move|p1a: Garchomp|Outrage|p2a: Garchomp|[miss]\n|-miss|p1a: Garchomp|p2a: Garchomp\n|move|p2a: Garchomp|Earthquake|p1a: Garchomp\n|-damage|p1a: Garchomp|0 fnt\n|faint|p1a: Garchomp\n|\n|upkeep\n|\n|t:|1775947462\n|switch|p1a: Slowking|Slowking-Galar, L50, M|100/100\n|turn|3\n|c|\u2606IAMVASH|greatest to do it\n|\n|t:|1775947472\n|move|p2a: Garchomp|Substitute|p2a: Garchomp\n|-start|p2a: Garchomp|Substitute\n|-damage|p2a: Garchomp|76/100\n|move|p1a: Slowking|Ice Beam|p2a: Garchomp\n|-supereffective|p2a: Garchomp|2\n|-end|p2a: Garchomp|Substitute\n|\n|upkeep\n|turn|4\n|\n|t:|1775947478\n|switch|p2a: Tyranitar|Tyranitar, L50, F|100/100\n|-weather|Sandstorm|[from] ability: Sand Stream|[of] p2a: Tyranitar\n|move|p1a: Slowking|Ice Beam|p2a: Tyranitar\n|-damage|p2a: Tyranitar|87/100\n|\n|-weather|Sandstorm|[upkeep]\n|-damage|p1a: Slowking|95/100|[from] Sandstorm\n|upkeep\n|turn|5\n|\n|t:|1775947483\n|move|p2a: Tyranitar|Knock Off|p1a: Slowking\n|-supereffective|p1a: Slowking|1\n|-damage|p1a: Slowking|0 fnt\n|-enditem|p1a: Slowking|Shuca Berry|[from] move: Knock Off|[of] p2a: Tyranitar\n|faint|p1a: Slowking\n|\n|-weather|Sandstorm|[upkeep]\n|upkeep\n|\n|t:|1775947485\n|switch|p1a: Gyarados|Gyarados, L50, M|100/100\n|-ability|p1a: Gyarados|Intimidate|boost\n|-unboost|p2a: Tyranitar|atk|1\n|turn|6\n|\n|t:|1775947499\n|switch|p2a: Garchomp|Garchomp, L50, F|76/100\n|detailschange|p1a: Gyarados|Gyarados-Mega, L50, M\n|-mega|p1a: Gyarados|Gyarados|Gyaradosite\n|-ability|p1a: Gyarados|Mold Breaker\n|move|p1a: Gyarados|Dragon Dance|p1a: Gyarados\n|-boost|p1a: Gyarados|atk|1\n|-boost|p1a: Gyarados|spe|1\n|\n|-weather|Sandstorm|[upkeep]\n|-damage|p1a: Gyarados|95/100|[from] Sandstorm\n|upkeep\n|turn|7\n|\n|t:|1775947503\n|move|p1a: Gyarados|Waterfall|p2a: Garchomp\n|-damage|p2a: Garchomp|0 fnt\n|faint|p2a: Garchomp\n|\n|-weather|Sandstorm|[upkeep]\n|-damage|p1a: Gyarados|89/100|[from] Sandstorm\n|upkeep\n|\n|t:|1775947509\n|switch|p2a: Excadrill|Excadrill, L50, M|100/100\n|turn|8\n|\n|t:|1775947512\n|move|p2a: Excadrill|Earthquake|p1a: Gyarados\n|-damage|p1a: Gyarados|35/100\n|move|p1a: Gyarados|Waterfall|p2a: Excadrill\n|-supereffective|p2a: Excadrill|1\n|-enditem|p2a: Excadrill|Focus Sash\n|-damage|p2a: Excadrill|1/100\n|\n|-weather|none\n|upkeep\n|turn|9\n|\n|t:|1775947517\n|switch|p2a: Tyranitar|Tyranitar, L50, F|87/100\n|-weather|Sandstorm|[from] ability: Sand Stream|[of] p2a: Tyranitar\n|move|p1a: Gyarados|Waterfall|p2a: Tyranitar\n|-supereffective|p2a: Tyranitar|1\n|-damage|p2a: Tyranitar|0 fnt\n|faint|p2a: Tyranitar\n|\n|-weather|Sandstorm|[upkeep]\n|-damage|p1a: Gyarados|29/100|[from] Sandstorm\n|upkeep\n|c|\u2606w8tahh|greatest to do it\n|\n|t:|1775947520\n|switch|p2a: Excadrill|Excadrill, L50, M|1/100\n|turn|10\n|\n|t:|1775947522\n|move|p2a: Excadrill|Earthquake|p1a: Gyarados\n|-damage|p1a: Gyarados|0 fnt\n|faint|p1a: Gyarados\n|\n|win|IAMVASH\n|raw|w8tahh's rating: 1198 &rarr; <strong>1179</strong><br />(-19 for losing)\n|raw|IAMVASH's rating: 1283 &rarr; <strong>1302</strong><br />(+19 for winning)\n|l|\u2606w8tahh\n|player|p1|\n",
  "uploadtime": 1775947534,
  "views": 25,
  "formatid": "gen9championsbssregma",
  "rating": 1179,
  "private": 0,
  "password": null
}