{
  "id": "gen9championsbssregma-2585990710",
  "format": "[Gen 9 Champions] BSS Reg M-A",
  "players": [
    "mechilor",
    "Bbbkty"
  ],
  "log": "|j|\u2606mechilor\n|j|\u2606Bbbkty\n|t:|1776388140\n|gametype|singles\n|player|p1|mechilor|miku-ground|1018\n|player|p2|Bbbkty|169|1075\n|gen|9\n|tier|[Gen 9 Champions] BSS Reg M-A\n|rated|\n|rule|Species Clause: Limit one of each Pok\u00e9mon\n|rule|Item Clause: Limit 1 of each item\n|clearpoke\n|poke|p1|Banette, L50, F|\n|poke|p1|Aggron, L50, M|\n|poke|p1|Umbreon, L50, F|\n|poke|p1|Glaceon, L50, M|\n|poke|p1|Mamoswine, L50, F|\n|poke|p1|Ninetales-Alola, L50, F|\n|poke|p2|Clefable, L50, M|\n|poke|p2|Charizard, L50, F|\n|poke|p2|Mimikyu, L50, M|\n|poke|p2|Kingambit, L50, F|\n|poke|p2|Espathra, L50, M|\n|poke|p2|Glimmora, L50, F|\n|teampreview|3\n|inactive|Battle timer is ON: inactive players will automatically lose when time's up. (requested by mechilor)\n|inactive|mechilor has 60 seconds left.\n|\n|t:|1776388179\n|teamsize|p1|3\n|teamsize|p2|3\n|start\n|switch|p1a: Banette|Banette, L50, F|100/100\n|switch|p2a: Glimmora|Glimmora, L50, F, shiny|100/100\n|-item|p2a: Glimmora|Focus Sash|[from] ability: Frisk|[of] p1a: Banette\n|turn|1\n|\n|t:|1776388185\n|detailschange|p1a: Banette|Banette-Mega, L50, F\n|-mega|p1a: Banette|Banette|Banettite\n|move|p1a: Banette|Poltergeist|p2a: Glimmora\n|-activate|p2a: Glimmora|move: Poltergeist|Focus Sash\n|-damage|p2a: Glimmora|39/100\n|-activate|p2a: Glimmora|ability: Toxic Debris\n|-sidestart|p1: mechilor|move: Toxic Spikes\n|move|p2a: Glimmora|Power Gem|p1a: Banette\n|-damage|p1a: Banette|50/100\n|\n|upkeep\n|turn|2\n|\n|t:|1776388193\n|move|p1a: Banette|Poltergeist|p2a: Glimmora\n|-activate|p2a: Glimmora|move: Poltergeist|Focus Sash\n|-damage|p2a: Glimmora|0 fnt\n|-activate|p2a: Glimmora|ability: Toxic Debris\n|-sidestart|p1: mechilor|move: Toxic Spikes\n|faint|p2a: Glimmora\n|\n|upkeep\n|\n|t:|1776388198\n|switch|p2a: Espathra|Espathra, L50, M, shiny|100/100\n|turn|3\n|\n|t:|1776388205\n|move|p2a: Espathra|Protect|p2a: Espathra\n|-singleturn|p2a: Espathra|Protect\n|move|p1a: Banette|Destiny Bond|p1a: Banette\n|-singlemove|p1a: Banette|Destiny Bond\n|\n|-ability|p2a: Espathra|Speed Boost|boost\n|-boost|p2a: Espathra|spe|1\n|upkeep\n|turn|4\n|\n|t:|1776388211\n|move|p1a: Banette|Encore|p2a: Espathra\n|-start|p2a: Espathra|Encore\n|move|p2a: Espathra|Protect||[still]\n|-fail|p2a: Espathra\n|\n|-ability|p2a: Espathra|Speed Boost|boost\n|-boost|p2a: Espathra|spe|1\n|upkeep\n|turn|5\n|\n|t:|1776388215\n|move|p2a: Espathra|Protect|p2a: Espathra\n|-singleturn|p2a: Espathra|Protect\n|move|p1a: Banette|Poltergeist|p2a: Espathra\n|-activate|p2a: Espathra|move: Protect\n|\n|-ability|p2a: Espathra|Speed Boost|boost\n|-boost|p2a: Espathra|spe|1\n|upkeep\n|turn|6\n|\n|t:|1776388218\n|move|p2a: Espathra|Protect||[still]\n|-fail|p2a: Espathra\n|move|p1a: Banette|Poltergeist|p2a: Espathra\n|-activate|p2a: Espathra|move: Poltergeist|Sitrus Berry\n|-supereffective|p2a: Espathra|1\n|-damage|p2a: Espathra|0 fnt\n|faint|p2a: Espathra\n|\n|upkeep\n|\n|t:|1776388223\n|switch|p2a: Kingambit|Kingambit, L50, F|100/100\n|-activate|p2a: Kingambit|ability: Supreme Overlord\n|-start|p2a: Kingambit|fallen2|[silent]\n|turn|7\n|-activate|p2a: Kingambit|item: Quick Claw\n|\n|t:|1776388229\n|move|p1a: Banette|Destiny Bond|p1a: Banette\n|-singlemove|p1a: Banette|Destiny Bond\n|move|p2a: Kingambit|Kowtow Cleave|p1a: Banette\n|-supereffective|p1a: Banette|1\n|-damage|p1a: Banette|0 fnt\n|faint|p1a: Banette\n|-activate|p1a: Banette|move: Destiny Bond\n|faint|p2a: Kingambit\n|-end|p2a: Kingambit|fallen2|[silent]\n|\n|win|mechilor\n|raw|mechilor's rating: 1018 &rarr; <strong>1061</strong><br />(+43 for winning)\n|raw|Bbbkty's rating: 1075 &rarr; <strong>1050</strong><br />(-25 for losing)\n|l|\u2606mechilor\n|player|p1|\n",
  "uploadtime": 1776388233,
  "views": 4,
  "formatid": "gen9championsbssregma",
  "rating": 1050,
  "private": 0,
  "password": null
}