{
  "id": "gen9championsbssregma-2587695865",
  "format": "[Gen 9 Champions] BSS Reg M-A",
  "players": [
    "hijanu",
    "verrill"
  ],
  "log": "|j|\u2606hijanu\n|j|\u2606verrill\n|t:|1776554797\n|gametype|singles\n|player|p1|hijanu|169|1088\n|player|p2|verrill|266|1043\n|gen|9\n|tier|[Gen 9 Champions] BSS Reg M-A\n|rated|\n|rule|Species Clause: Limit one of each Pok\u00e9mon\n|rule|Item Clause: Limit 1 of each item\n|clearpoke\n|poke|p1|Furfrou, L50, M, shiny|\n|poke|p1|Ceruledge, L50, F, shiny|\n|poke|p1|Rotom-Wash, L50, shiny|\n|poke|p1|Torterra, L50, F, shiny|\n|poke|p1|Aggron, L50, M, shiny|\n|poke|p1|Hydreigon, L50, M, shiny|\n|poke|p2|Greninja, L50, F|\n|poke|p2|Skarmory, L50, F|\n|poke|p2|Garchomp, L50, F|\n|poke|p2|Arcanine, L50, M|\n|poke|p2|Sneasler, L50, M|\n|poke|p2|Jolteon, L50, F|\n|teampreview|3\n|\n|t:|1776554831\n|teamsize|p1|3\n|teamsize|p2|3\n|start\n|switch|p1a: Furfrou|Furfrou, L50, M, shiny|100/100\n|switch|p2a: Arcanine|Arcanine, L50, M|100/100\n|-ability|p2a: Arcanine|Intimidate|boost\n|-unboost|p1a: Furfrou|atk|1\n|turn|1\n|\n|t:|1776554840\n|move|p2a: Arcanine|Will-O-Wisp|p1a: Furfrou\n|-status|p1a: Furfrou|brn\n|move|p1a: Furfrou|Thunder Wave|p2a: Arcanine\n|-status|p2a: Arcanine|par\n|\n|-damage|p1a: Furfrou|94/100 brn|[from] brn\n|upkeep\n|turn|2\n|\n|t:|1776554853\n|move|p1a: Furfrou|Sucker Punch|p2a: Arcanine\n|-damage|p2a: Arcanine|92/100 par\n|move|p2a: Arcanine|Fire Blast|p1a: Furfrou\n|-damage|p1a: Furfrou|43/100 brn\n|\n|-heal|p1a: Furfrou|49/100 brn|[from] item: Leftovers\n|-damage|p1a: Furfrou|43/100 brn|[from] brn\n|upkeep\n|turn|3\n|\n|t:|1776554866\n|move|p1a: Furfrou|Sucker Punch|p2a: Arcanine\n|-damage|p2a: Arcanine|84/100 par\n|move|p2a: Arcanine|Fire Blast|p1a: Furfrou\n|-damage|p1a: Furfrou|0 fnt\n|faint|p1a: Furfrou\n|\n|upkeep\n|\n|t:|1776554875\n|switch|p1a: Aggron|Aggron, L50, M, shiny|100/100\n|turn|4\n|\n|t:|1776554880\n|detailschange|p1a: Aggron|Aggron-Mega, L50, M, shiny\n|-mega|p1a: Aggron|Aggron|Aggronite\n|move|p2a: Arcanine|Fire Blast|p1a: Aggron\n|-supereffective|p1a: Aggron|1\n|-damage|p1a: Aggron|37/100\n|move|p1a: Aggron|Earthquake|p2a: Arcanine\n|-supereffective|p2a: Arcanine|1\n|-damage|p2a: Arcanine|1/100 par\n|-enditem|p2a: Arcanine|Sitrus Berry|[eat]\n|-heal|p2a: Arcanine|26/100 par|[from] item: Sitrus Berry\n|\n|upkeep\n|turn|5\n|\n|t:|1776554894\n|move|p2a: Arcanine|Fire Blast|p1a: Aggron\n|-supereffective|p1a: Aggron|1\n|-damage|p1a: Aggron|0 fnt\n|faint|p1a: Aggron\n|\n|upkeep\n|\n|t:|1776554900\n|switch|p1a: Torterra|Torterra, L50, F, shiny|100/100\n|turn|6\n|\n|t:|1776554904\n|move|p1a: Torterra|Shell Smash|p1a: Torterra\n|-unboost|p1a: Torterra|def|1\n|-unboost|p1a: Torterra|spd|1\n|-boost|p1a: Torterra|atk|2\n|-boost|p1a: Torterra|spa|2\n|-boost|p1a: Torterra|spe|2\n|cant|p2a: Arcanine|par\n|\n|upkeep\n|turn|7\n|\n|t:|1776554913\n|move|p1a: Torterra|Headlong Rush|p2a: Arcanine\n|-supereffective|p2a: Arcanine|1\n|-damage|p2a: Arcanine|0 fnt\n|-unboost|p1a: Torterra|def|1\n|-unboost|p1a: Torterra|spd|1\n|faint|p2a: Arcanine\n|\n|upkeep\n|\n|t:|1776554923\n|switch|p2a: Greninja|Greninja, L50, F|100/100\n|turn|8\n|\n|t:|1776554927\n|detailschange|p2a: Greninja|Greninja-Mega, L50, F\n|-mega|p2a: Greninja|Greninja|Greninjite\n|move|p1a: Torterra|Wood Hammer|p2a: Greninja\n|-supereffective|p2a: Greninja|1\n|-damage|p2a: Greninja|0 fnt\n|faint|p2a: Greninja\n|-damage|p1a: Torterra|72/100|[from] Recoil\n|\n|upkeep\n|\n|t:|1776554934\n|switch|p2a: Garchomp|Garchomp, L50, F|100/100\n|turn|9\n|\n|t:|1776554945\n|move|p1a: Torterra|Wood Hammer|p2a: Garchomp\n|-damage|p2a: Garchomp|0 fnt\n|-damage|p1a: Torterra|59/100|[from] ability: Rough Skin|[of] p2a: Garchomp\n|faint|p2a: Garchomp\n|-damage|p1a: Torterra|23/100|[from] Recoil\n|\n|win|hijanu\n|raw|hijanu's rating: 1088 &rarr; <strong>1111</strong><br />(+23 for winning)\n|raw|verrill's rating: 1043 &rarr; <strong>1029</strong><br />(-14 for losing)\n|l|\u2606verrill\n|player|p2|\n",
  "uploadtime": 1776554953,
  "views": 4,
  "formatid": "gen9championsbssregma",
  "rating": 1029,
  "private": 0,
  "password": null
}