{
  "id": "gen9championsbssregma-2587933332",
  "format": "[Gen 9 Champions] BSS Reg M-A",
  "players": [
    "toriware",
    "KevMev"
  ],
  "log": "|j|\u2606toriware\n|j|\u2606KevMev\n|t:|1776581085\n|gametype|singles\n|player|p1|toriware|swimmerf|1230\n|player|p2|KevMev|waiter-gen4|1352\n|gen|9\n|tier|[Gen 9 Champions] BSS Reg M-A\n|rated|\n|rule|Species Clause: Limit one of each Pok\u00e9mon\n|rule|Item Clause: Limit 1 of each item\n|clearpoke\n|poke|p1|Azumarill, L50, F|\n|poke|p1|Kingambit, L50, F|\n|poke|p1|Garchomp, L50, F|\n|poke|p1|Gyarados, L50, F|\n|poke|p1|Gengar, L50, M|\n|poke|p1|Dragonite, L50, F|\n|poke|p2|Floette-Eternal, L50, F|\n|poke|p2|Archaludon, L50, M|\n|poke|p2|Gyarados, L50, F|\n|poke|p2|Mimikyu, L50, M|\n|poke|p2|Hydreigon, L50, M|\n|poke|p2|Sneasler, L50, F, shiny|\n|teampreview|3\n|inactive|Battle timer is ON: inactive players will automatically lose when time's up. (requested by toriware)\n|\n|t:|1776581113\n|teamsize|p1|3\n|teamsize|p2|3\n|start\n|switch|p1a: Garchomp|Garchomp, L50, F|100/100\n|switch|p2a: Hydreigon|Hydreigon, L50, M|100/100\n|turn|1\n|\n|t:|1776581123\n|move|p2a: Hydreigon|Draco Meteor|p1a: Garchomp\n|-supereffective|p1a: Garchomp|1\n|-enditem|p1a: Garchomp|Focus Sash\n|-damage|p1a: Garchomp|1/100\n|-unboost|p2a: Hydreigon|spa|2\n|move|p1a: Garchomp|Rock Tomb|p2a: Hydreigon\n|-damage|p2a: Hydreigon|77/100\n|-unboost|p2a: Hydreigon|spe|1\n|\n|upkeep\n|turn|2\n|\n|t:|1776581134\n|move|p1a: Garchomp|Outrage|p2a: Hydreigon\n|-supereffective|p2a: Hydreigon|1\n|-damage|p2a: Hydreigon|0 fnt\n|faint|p2a: Hydreigon\n|\n|upkeep\n|\n|t:|1776581138\n|switch|p2a: Sneasler|Sneasler, L50, F, shiny|100/100\n|turn|3\n|\n|t:|1776581143\n|move|p2a: Sneasler|Fake Out|p1a: Garchomp\n|-damage|p1a: Garchomp|0 fnt\n|-damage|p2a: Sneasler|88/100|[from] ability: Rough Skin|[of] p1a: Garchomp\n|faint|p1a: Garchomp\n|\n|upkeep\n|\n|t:|1776581151\n|switch|p1a: Gengar|Gengar, L50, M|100/100\n|turn|4\n|\n|t:|1776581155\n|detailschange|p1a: Gengar|Gengar-Mega, L50, M\n|-mega|p1a: Gengar|Gengar|Gengarite\n|move|p1a: Gengar|Shadow Ball|p2a: Sneasler\n|-damage|p2a: Sneasler|31/100\n|move|p2a: Sneasler|Throat Chop|p1a: Gengar\n|-supereffective|p1a: Gengar|1\n|-damage|p1a: Gengar|24/100\n|-start|p1a: Gengar|Throat Chop|[silent]\n|\n|upkeep\n|turn|5\n|\n|t:|1776581165\n|move|p1a: Gengar|Shadow Ball|p2a: Sneasler\n|-damage|p2a: Sneasler|0 fnt\n|faint|p2a: Sneasler\n|\n|-end|p1a: Gengar|Throat Chop|[silent]\n|upkeep\n|\n|t:|1776581166\n|switch|p2a: Archaludon|Archaludon, L50, M|100/100\n|turn|6\n|\n|t:|1776581174\n|move|p1a: Gengar|Shadow Ball|p2a: Archaludon\n|-damage|p2a: Archaludon|36/100\n|move|p2a: Archaludon|Flash Cannon|p1a: Gengar\n|-damage|p1a: Gengar|0 fnt\n|faint|p1a: Gengar\n|\n|-heal|p2a: Archaludon|42/100|[from] item: Leftovers\n|upkeep\n|\n|t:|1776581184\n|switch|p1a: Kingambit|Kingambit, L50, F|100/100\n|-activate|p1a: Kingambit|ability: Supreme Overlord\n|-start|p1a: Kingambit|fallen2|[silent]\n|turn|7\n|\n|t:|1776581190\n|move|p2a: Archaludon|Thunderbolt|p1a: Kingambit\n|-damage|p1a: Kingambit|69/100\n|move|p1a: Kingambit|Low Kick|p2a: Archaludon\n|-supereffective|p2a: Archaludon|1\n|-damage|p2a: Archaludon|0 fnt\n|faint|p2a: Archaludon\n|\n|win|toriware\n|raw|toriware's rating: 1230 &rarr; <strong>1263</strong><br />(+33 for winning)\n|raw|KevMev's rating: 1352 &rarr; <strong>1325</strong><br />(-27 for losing)\n|l|\u2606KevMev\n|player|p2|\n",
  "uploadtime": 1776581200,
  "views": 1,
  "formatid": "gen9championsbssregma",
  "rating": 1263,
  "private": 0,
  "password": null
}