{
  "id": "gen9championsbssregma-2588769196",
  "format": "[Gen 9 Champions] BSS Reg M-A",
  "players": [
    "isaacmora22",
    "haya7taka"
  ],
  "log": "|j|\u2606isaacmora22\n|j|\u2606haya7taka\n|t:|1776668397\n|gametype|singles\n|player|p1|isaacmora22|hilbert|1123\n|player|p2|haya7taka|265|1139\n|gen|9\n|tier|[Gen 9 Champions] BSS Reg M-A\n|rated|\n|rule|Species Clause: Limit one of each Pok\u00e9mon\n|rule|Item Clause: Limit 1 of each item\n|clearpoke\n|poke|p1|Flareon, L50, M|\n|poke|p1|Dragonite, L50, M|\n|poke|p1|Luxray, L50, M|\n|poke|p1|Clawitzer, L50, M|\n|poke|p1|Sableye, L50, M|\n|poke|p1|Archaludon, L50, F|\n|poke|p2|Gyarados, L50, F|\n|poke|p2|Greninja, L50, M|\n|poke|p2|Mimikyu, L50, M|\n|poke|p2|Tinkaton, L50, F|\n|poke|p2|Lucario, L50, M|\n|poke|p2|Volcarona, L50, M|\n|teampreview|3\n|inactive|Battle timer is ON: inactive players will automatically lose when time's up. (requested by haya7taka)\n|\n|t:|1776668427\n|teamsize|p1|3\n|teamsize|p2|3\n|start\n|switch|p1a: Migo|Dragonite, L50, M|100/100\n|switch|p2a: Tinkaton|Tinkaton, L50, F|100/100\n|-ability|p2a: Tinkaton|Mold Breaker\n|turn|1\n|\n|t:|1776668440\n|detailschange|p1a: Migo|Dragonite-Mega, L50, M\n|-mega|p1a: Migo|Dragonite|Dragoninite\n|move|p1a: Migo|Flamethrower|p2a: Tinkaton\n|-supereffective|p2a: Tinkaton|1\n|-damage|p2a: Tinkaton|33/100\n|move|p2a: Tinkaton|Rock Tomb|p1a: Migo\n|-supereffective|p1a: Migo|1\n|-damage|p1a: Migo|79/100\n|-unboost|p1a: Migo|spe|1\n|\n|upkeep\n|turn|2\n|inactive|haya7taka has 30 seconds left.\n|\n|t:|1776668467\n|move|p2a: Tinkaton|Encore|p1a: Migo\n|-start|p1a: Migo|Encore\n|move|p1a: Migo|Flamethrower|p2a: Tinkaton\n|-supereffective|p2a: Tinkaton|1\n|-damage|p2a: Tinkaton|0 fnt\n|faint|p2a: Tinkaton\n|\n|upkeep\n|\n|t:|1776668475\n|switch|p2a: Gyarados|Gyarados, L50, F|100/100\n|-ability|p2a: Gyarados|Intimidate|boost\n|-unboost|p1a: Migo|atk|1\n|turn|3\n|\n|t:|1776668483\n|move|p2a: Gyarados|Dragon Dance|p2a: Gyarados\n|-boost|p2a: Gyarados|atk|1\n|-boost|p2a: Gyarados|spe|1\n|move|p1a: Migo|Flamethrower|p2a: Gyarados\n|-resisted|p2a: Gyarados|1\n|-damage|p2a: Gyarados|84/100\n|\n|upkeep\n|turn|4\n|\n|t:|1776668491\n|move|p2a: Gyarados|Ice Fang|p1a: Migo\n|-supereffective|p1a: Migo|2\n|-damage|p1a: Migo|0 fnt\n|faint|p1a: Migo\n|\n|upkeep\n|\n|t:|1776668496\n|switch|p1a: Rex|Luxray, L50, M|100/100\n|-ability|p1a: Rex|Intimidate|boost\n|-unboost|p2a: Gyarados|atk|1\n|turn|5\n|\n|t:|1776668503\n|detailschange|p2a: Gyarados|Gyarados-Mega, L50, F\n|-mega|p2a: Gyarados|Gyarados|Gyaradosite\n|-ability|p2a: Gyarados|Mold Breaker\n|move|p2a: Gyarados|Earthquake|p1a: Rex\n|-supereffective|p1a: Rex|1\n|-damage|p1a: Rex|2/100\n|-enditem|p1a: Rex|Sitrus Berry|[eat]\n|-heal|p1a: Rex|27/100|[from] item: Sitrus Berry\n|move|p1a: Rex|Wild Charge|p2a: Gyarados\n|-supereffective|p2a: Gyarados|1\n|-damage|p2a: Gyarados|2/100\n|-damage|p1a: Rex|4/100|[from] Recoil\n|\n|upkeep\n|turn|6\n|\n|t:|1776668518\n|move|p2a: Gyarados|Earthquake|p1a: Rex\n|-supereffective|p1a: Rex|1\n|-damage|p1a: Rex|0 fnt\n|faint|p1a: Rex\n|\n|upkeep\n|\n|t:|1776668523\n|switch|p1a: Camden|Flareon, L50, M|100/100\n|turn|7\n|\n|t:|1776668527\n|move|p1a: Camden|Quick Attack|p2a: Gyarados\n|-damage|p2a: Gyarados|0 fnt\n|faint|p2a: Gyarados\n|\n|upkeep\n|\n|t:|1776668532\n|switch|p2a: Volcarona|Volcarona, L50, M|100/100\n|turn|8\n|\n|t:|1776668538\n|move|p2a: Volcarona|Fiery Dance|p1a: Camden\n|-resisted|p1a: Camden|1\n|-damage|p1a: Camden|79/100\n|move|p1a: Camden|Scorching Sands|p2a: Volcarona\n|-damage|p2a: Volcarona|86/100\n|\n|-heal|p2a: Volcarona|92/100|[from] item: Leftovers\n|-heal|p1a: Camden|85/100|[from] item: Leftovers\n|upkeep\n|turn|9\n|\n|t:|1776668549\n|move|p2a: Volcarona|Substitute|p2a: Volcarona\n|-start|p2a: Volcarona|Substitute\n|-damage|p2a: Volcarona|67/100\n|move|p1a: Camden|Flare Blitz|p2a: Volcarona\n|-end|p2a: Volcarona|Substitute\n|-damage|p1a: Camden|75/100|[from] Recoil|[of] p2a: Volcarona\n|\n|-heal|p2a: Volcarona|72/100|[from] item: Leftovers\n|-heal|p1a: Camden|81/100|[from] item: Leftovers\n|upkeep\n|turn|10\n|\n|t:|1776668559\n|move|p2a: Volcarona|Fiery Dance|p1a: Camden\n|-resisted|p1a: Camden|1\n|-damage|p1a: Camden|59/100\n|-boost|p2a: Volcarona|spa|1\n|move|p1a: Camden|Flare Blitz|p2a: Volcarona\n|-damage|p2a: Volcarona|5/100\n|-damage|p1a: Camden|33/100|[from] Recoil\n|\n|-heal|p2a: Volcarona|11/100|[from] item: Leftovers\n|-heal|p1a: Camden|39/100|[from] item: Leftovers\n|upkeep\n|turn|11\n|\n|t:|1776668571\n|move|p1a: Camden|Quick Attack|p2a: Volcarona\n|-damage|p2a: Volcarona|0 fnt\n|faint|p2a: Volcarona\n|\n|win|isaacmora22\n|raw|isaacmora22's rating: 1123 &rarr; <strong>1149</strong><br />(+26 for winning)\n|raw|haya7taka's rating: 1139 &rarr; <strong>1113</strong><br />(-26 for losing)\n|l|\u2606haya7taka\n|player|p2|\n",
  "uploadtime": 1776668578,
  "views": 0,
  "formatid": "gen9championsbssregma",
  "rating": 1113,
  "private": 0,
  "password": null
}