{
  "id": "gen9championsbssregma-2583923606",
  "format": "[Gen 9 Champions] BSS Reg M-A",
  "players": [
    "Clown IRL",
    "DiceyRice"
  ],
  "log": "|j|\u2606Clown IRL\n|j|\u2606DiceyRice\n|t:|1776208686\n|gametype|singles\n|player|p1|Clown IRL|harlequin|1423\n|player|p2|DiceyRice|miku-ghost|1407\n|gen|9\n|tier|[Gen 9 Champions] BSS Reg M-A\n|rated|\n|rule|Species Clause: Limit one of each Pok\u00e9mon\n|rule|Item Clause: Limit 1 of each item\n|clearpoke\n|poke|p1|Starmie, L50|\n|poke|p1|Pelipper, L50, F|\n|poke|p1|Chesnaught, L50, M|\n|poke|p1|Kleavor, L50, M|\n|poke|p1|Hydreigon, L50, F|\n|poke|p1|Toxapex, L50, F|\n|poke|p2|Kingambit, L50, M|\n|poke|p2|Greninja-*, L50, M|\n|poke|p2|Mimikyu, L50, M|\n|poke|p2|Charizard, L50, F|\n|poke|p2|Slowbro, L50, M|\n|poke|p2|Corviknight, L50, M|\n|teampreview|3\n|\n|t:|1776208747\n|teamsize|p1|3\n|teamsize|p2|3\n|start\n|switch|p1a: Kleavor|Kleavor, L50, M|100/100\n|switch|p2a: Greninja|Greninja, L50, M|100/100\n|turn|1\n|\n|t:|1776208753\n|move|p2a: Greninja|Surf|p1a: Kleavor\n|-supereffective|p1a: Kleavor|1\n|-enditem|p1a: Kleavor|Focus Sash\n|-damage|p1a: Kleavor|1/100\n|move|p1a: Kleavor|X-Scissor|p2a: Greninja\n|-supereffective|p2a: Greninja|1\n|-enditem|p2a: Greninja|Focus Sash\n|-damage|p2a: Greninja|1/100\n|\n|upkeep\n|turn|2\n|\n|t:|1776208757\n|move|p2a: Greninja|Water Shuriken|p1a: Kleavor\n|-supereffective|p1a: Kleavor|1\n|-damage|p1a: Kleavor|0 fnt\n|faint|p1a: Kleavor\n|-hitcount|p1: Kleavor|1\n|\n|upkeep\n|\n|t:|1776208760\n|switch|p1a: Toxapex|Toxapex, L50, F|100/100\n|turn|3\n|\n|t:|1776208764\n|switch|p2a: Slowbro|Slowbro, L50, M|100/100\n|move|p1a: Toxapex|Toxic Spikes|p2a: Slowbro\n|-sidestart|p2: DiceyRice|move: Toxic Spikes\n|\n|upkeep\n|turn|4\n|\n|t:|1776208766\n|move|p2a: Slowbro|Nasty Plot|p2a: Slowbro\n|-boost|p2a: Slowbro|spa|2\n|move|p1a: Toxapex|Toxic|p2a: Slowbro\n|-status|p2a: Slowbro|tox\n|\n|-damage|p2a: Slowbro|95/100 tox|[from] psn\n|upkeep\n|turn|5\n|\n|t:|1776208770\n|move|p2a: Slowbro|Surf|p1a: Toxapex\n|-resisted|p1a: Toxapex|1\n|-damage|p1a: Toxapex|78/100\n|move|p1a: Toxapex|Infestation|p2a: Slowbro\n|-supereffective|p2a: Slowbro|1\n|-damage|p2a: Slowbro|88/100 tox\n|-activate|p2a: Slowbro|move: Infestation|[of] p1a: Toxapex\n|\n|-heal|p1a: Toxapex|84/100|[from] item: Leftovers\n|-damage|p2a: Slowbro|76/100 tox|[from] psn\n|-damage|p2a: Slowbro|63/100 tox|[from] move: Infestation|[partiallytrapped]\n|upkeep\n|turn|6\n|\n|t:|1776208777\n|move|p2a: Slowbro|Nasty Plot|p2a: Slowbro\n|-boost|p2a: Slowbro|spa|2\n|move|p1a: Toxapex|Toxic Spikes|p2a: Slowbro\n|-sidestart|p2: DiceyRice|move: Toxic Spikes\n|\n|-heal|p1a: Toxapex|90/100|[from] item: Leftovers\n|-damage|p2a: Slowbro|46/100 tox|[from] psn\n|-damage|p2a: Slowbro|33/100 tox|[from] move: Infestation|[partiallytrapped]\n|upkeep\n|-enditem|p2a: Slowbro|Sitrus Berry|[eat]\n|-heal|p2a: Slowbro|58/100 tox|[from] item: Sitrus Berry\n|turn|7\n|j| srdiog0\n|\n|t:|1776208780\n|move|p2a: Slowbro|Surf|p1a: Toxapex\n|-resisted|p1a: Toxapex|1\n|-damage|p1a: Toxapex|55/100\n|move|p1a: Toxapex|Infestation|p2a: Slowbro\n|-supereffective|p2a: Slowbro|1\n|-damage|p2a: Slowbro|51/100 tox\n|\n|-heal|p1a: Toxapex|61/100|[from] item: Leftovers\n|-damage|p2a: Slowbro|27/100 tox|[from] psn\n|-damage|p2a: Slowbro|15/100 tox|[from] move: Infestation|[partiallytrapped]\n|upkeep\n|turn|8\n|j| p74\n|\n|t:|1776208789\n|move|p2a: Slowbro|Surf|p1a: Toxapex\n|-resisted|p1a: Toxapex|1\n|-damage|p1a: Toxapex|30/100\n|move|p1a: Toxapex|Recover|p1a: Toxapex\n|-heal|p1a: Toxapex|80/100\n|\n|-heal|p1a: Toxapex|86/100|[from] item: Leftovers\n|-damage|p2a: Slowbro|0 fnt|[from] psn\n|faint|p2a: Slowbro\n|upkeep\n|\n|t:|1776208791\n|switch|p2a: Corviknight|Corviknight, L50, M|100/100\n|turn|9\n|\n|t:|1776208794\n|switch|p1a: Chesnaught|Chesnaught, L50, M|100/100\n|move|p2a: Corviknight|Iron Defense|p2a: Corviknight\n|-boost|p2a: Corviknight|def|2\n|\n|upkeep\n|turn|10\n|\n|t:|1776208797\n|detailschange|p1a: Chesnaught|Chesnaught-Mega, L50, M\n|-mega|p1a: Chesnaught|Chesnaught|Chesnaughtite\n|move|p2a: Corviknight|Iron Defense|p2a: Corviknight\n|-boost|p2a: Corviknight|def|2\n|move|p1a: Chesnaught|Iron Defense|p1a: Chesnaught\n|-boost|p1a: Chesnaught|def|2\n|\n|upkeep\n|turn|11\n|\n|t:|1776208800\n|move|p2a: Corviknight|Iron Defense|p2a: Corviknight\n|-boost|p2a: Corviknight|def|2\n|move|p1a: Chesnaught|Iron Defense|p1a: Chesnaught\n|-boost|p1a: Chesnaught|def|2\n|\n|upkeep\n|turn|12\n|\n|t:|1776208803\n|move|p2a: Corviknight|Body Press|p1a: Chesnaught\n|-damage|p1a: Chesnaught|83/100\n|move|p1a: Chesnaught|Iron Defense|p1a: Chesnaught\n|-boost|p1a: Chesnaught|def|2\n|\n|upkeep\n|turn|13\n|\n|t:|1776208806\n|move|p2a: Corviknight|Body Press|p1a: Chesnaught\n|-damage|p1a: Chesnaught|71/100\n|move|p1a: Chesnaught|Body Press|p2a: Corviknight\n|-damage|p2a: Corviknight|67/100\n|\n|-heal|p2a: Corviknight|73/100|[from] item: Leftovers\n|upkeep\n|turn|14\n|\n|t:|1776208812\n|move|p2a: Corviknight|Body Press|p1a: Chesnaught\n|-damage|p1a: Chesnaught|58/100\n|move|p1a: Chesnaught|Body Press|p2a: Corviknight\n|-damage|p2a: Corviknight|35/100\n|\n|-heal|p2a: Corviknight|40/100|[from] item: Leftovers\n|upkeep\n|turn|15\n|\n|t:|1776208818\n|move|p2a: Corviknight|Body Press|p1a: Chesnaught\n|-damage|p1a: Chesnaught|46/100\n|move|p1a: Chesnaught|Synthesis|p1a: Chesnaught\n|-heal|p1a: Chesnaught|95/100\n|\n|-heal|p2a: Corviknight|46/100|[from] item: Leftovers\n|upkeep\n|turn|16\n|\n|t:|1776208821\n|move|p2a: Corviknight|Body Press|p1a: Chesnaught\n|-damage|p1a: Chesnaught|84/100\n|move|p1a: Chesnaught|Body Press|p2a: Corviknight\n|-damage|p2a: Corviknight|10/100\n|\n|-heal|p2a: Corviknight|16/100|[from] item: Leftovers\n|upkeep\n|turn|17\n|\n|t:|1776208825\n|move|p2a: Corviknight|Body Press|p1a: Chesnaught\n|-damage|p1a: Chesnaught|71/100\n|move|p1a: Chesnaught|Body Press|p2a: Corviknight\n|-damage|p2a: Corviknight|0 fnt\n|faint|p2a: Corviknight\n|\n|upkeep\n|\n|t:|1776208827\n|switch|p2a: Greninja|Greninja, L50, M|1/100\n|-status|p2a: Greninja|tox\n|turn|18\n|\n|t:|1776208836\n|move|p2a: Greninja|Ice Beam|p1a: Chesnaught\n|-supereffective|p1a: Chesnaught|1\n|-crit|p1a: Chesnaught\n|-damage|p1a: Chesnaught|2/100\n|move|p1a: Chesnaught|Body Press|p2a: Greninja\n|-supereffective|p2a: Greninja|1\n|-damage|p2a: Greninja|0 fnt\n|faint|p2a: Greninja\n|\n|win|Clown IRL\n|raw|Clown IRL's rating: 1423 &rarr; <strong>1442</strong><br />(+19 for winning)\n|raw|DiceyRice's rating: 1407 &rarr; <strong>1388</strong><br />(-19 for losing)\n|c|\u2606Clown IRL|gg\n|l|\u2606DiceyRice\n|player|p2|\n",
  "uploadtime": 1776208847,
  "views": 6,
  "formatid": "gen9championsbssregma",
  "rating": 1388,
  "private": 0,
  "password": null
}