{
  "id": "gen9championsbssregma-2584434416",
  "format": "[Gen 9 Champions] BSS Reg M-A",
  "players": [
    "mrboogy",
    "Mikeflem12326171"
  ],
  "log": "|j|\u2606mrboogy\n|j|\u2606Mikeflem12326171\n|t:|1776260608\n|gametype|singles\n|player|p1|mrboogy|scientist|1212\n|player|p2|Mikeflem12326171|colress|1130\n|gen|9\n|tier|[Gen 9 Champions] BSS Reg M-A\n|rated|\n|rule|Species Clause: Limit one of each Pok\u00e9mon\n|rule|Item Clause: Limit 1 of each item\n|clearpoke\n|poke|p1|Lopunny, L50, F|\n|poke|p1|Serperior, L50, M|\n|poke|p1|Mamoswine, L50, F|\n|poke|p1|Skeledirge, L50, M|\n|poke|p1|Glimmora, L50, M|\n|poke|p1|Tyranitar, L50, F|\n|poke|p2|Pelipper, L50, F|\n|poke|p2|Greninja-*, L50, M|\n|poke|p2|Basculegion, L50, M|\n|poke|p2|Rotom-Wash, L50|\n|poke|p2|Clefable, L50, F|\n|poke|p2|Sneasler, L50, M|\n|teampreview|3\n|inactive|Battle timer is ON: inactive players will automatically lose when time's up. (requested by mrboogy)\n|inactive|Mikeflem12326171 has 60 seconds left.\n|\n|t:|1776260661\n|teamsize|p1|3\n|teamsize|p2|3\n|start\n|switch|p1a: Glimmora|Glimmora, L50, M|100/100\n|switch|p2a: Greninja|Greninja, L50, M|100/100\n|turn|1\n|\n|t:|1776260672\n|switch|p1a: Tyranitar|Tyranitar, L50, F|100/100\n|-weather|Sandstorm|[from] ability: Sand Stream|[of] p1a: Tyranitar\n|detailschange|p2a: Greninja|Greninja-Mega, L50, M\n|-mega|p2a: Greninja|Greninja|Greninjite\n|move|p2a: Greninja|Water Shuriken|p1a: Tyranitar\n|-start|p2a: Greninja|typechange|Water|[from] ability: Protean\n|-supereffective|p1a: Tyranitar|1\n|-damage|p1a: Tyranitar|93/100\n|-supereffective|p1a: Tyranitar|1\n|-damage|p1a: Tyranitar|85/100\n|-hitcount|p1a: Tyranitar|2\n|\n|-weather|Sandstorm|[upkeep]\n|-damage|p2a: Greninja|94/100|[from] Sandstorm\n|upkeep\n|turn|2\n|\n|t:|1776260686\n|switch|p2a: Sneasler|Sneasler, L50, M|100/100\n|move|p1a: Tyranitar|Stone Edge|p2a: Sneasler\n|-resisted|p2a: Sneasler|1\n|-crit|p2a: Sneasler\n|-damage|p2a: Sneasler|35/100\n|\n|-weather|Sandstorm|[upkeep]\n|-damage|p2a: Sneasler|29/100|[from] Sandstorm\n|upkeep\n|turn|3\n|\n|t:|1776260691\n|switch|p1a: Skeledirge|Skeledirge, L50, M|100/100\n|move|p2a: Sneasler|Close Combat|p1a: Skeledirge\n|-immune|p1a: Skeledirge\n|\n|-weather|Sandstorm|[upkeep]\n|-damage|p2a: Sneasler|23/100|[from] Sandstorm\n|-damage|p1a: Skeledirge|94/100|[from] Sandstorm\n|upkeep\n|turn|4\n|\n|t:|1776260694\n|move|p2a: Sneasler|Throat Chop|p1a: Skeledirge\n|-supereffective|p1a: Skeledirge|1\n|-damage|p1a: Skeledirge|54/100\n|-start|p1a: Skeledirge|Throat Chop|[silent]\n|move|p1a: Skeledirge|Flamethrower|p2a: Sneasler\n|-damage|p2a: Sneasler|0 fnt\n|faint|p2a: Sneasler\n|\n|-weather|Sandstorm|[upkeep]\n|-damage|p1a: Skeledirge|47/100|[from] Sandstorm\n|-enditem|p1a: Skeledirge|Sitrus Berry|[eat]\n|-heal|p1a: Skeledirge|72/100|[from] item: Sitrus Berry\n|upkeep\n|\n|t:|1776260702\n|switch|p2a: Greninja|Greninja-Mega, L50, M|94/100\n|turn|5\n|\n|t:|1776260709\n|move|p2a: Greninja|Water Shuriken|p1a: Skeledirge\n|-start|p2a: Greninja|typechange|Water|[from] ability: Protean\n|-supereffective|p1a: Skeledirge|1\n|-damage|p1a: Skeledirge|55/100\n|-supereffective|p1a: Skeledirge|1\n|-damage|p1a: Skeledirge|38/100\n|-supereffective|p1a: Skeledirge|1\n|-damage|p1a: Skeledirge|20/100\n|-supereffective|p1a: Skeledirge|1\n|-damage|p1a: Skeledirge|0 fnt\n|faint|p1a: Skeledirge\n|-hitcount|p1: Skeledirge|4\n|\n|-weather|none\n|upkeep\n|\n|t:|1776260711\n|switch|p1a: Tyranitar|Tyranitar, L50, F|85/100\n|-weather|Sandstorm|[from] ability: Sand Stream|[of] p1a: Tyranitar\n|turn|6\n|\n|t:|1776260720\n|move|p2a: Greninja|Water Shuriken|p1a: Tyranitar\n|-supereffective|p1a: Tyranitar|1\n|-damage|p1a: Tyranitar|77/100\n|-supereffective|p1a: Tyranitar|1\n|-damage|p1a: Tyranitar|69/100\n|-hitcount|p1a: Tyranitar|2\n|move|p1a: Tyranitar|Stone Edge|p2a: Greninja\n|-damage|p2a: Greninja|16/100\n|\n|-weather|Sandstorm|[upkeep]\n|-damage|p2a: Greninja|10/100|[from] Sandstorm\n|upkeep\n|turn|7\n|\n|t:|1776260726\n|move|p2a: Greninja|Water Shuriken|p1a: Tyranitar\n|-supereffective|p1a: Tyranitar|1\n|-damage|p1a: Tyranitar|59/100\n|-supereffective|p1a: Tyranitar|1\n|-damage|p1a: Tyranitar|51/100\n|-hitcount|p1a: Tyranitar|2\n|move|p1a: Tyranitar|Knock Off|p2a: Greninja\n|-damage|p2a: Greninja|0 fnt\n|faint|p2a: Greninja\n|\n|-weather|Sandstorm|[upkeep]\n|upkeep\n|\n|t:|1776260730\n|switch|p2a: Basculegion|Basculegion, L50, M|100/100\n|turn|8\n|\n|t:|1776260732\n|move|p2a: Basculegion|Wave Crash|p1a: Tyranitar\n|-supereffective|p1a: Tyranitar|1\n|-damage|p1a: Tyranitar|0 fnt\n|faint|p1a: Tyranitar\n|-damage|p2a: Basculegion|85/100|[from] Recoil\n|\n|-weather|Sandstorm|[upkeep]\n|-damage|p2a: Basculegion|79/100|[from] Sandstorm\n|upkeep\n|\n|t:|1776260734\n|switch|p1a: Glimmora|Glimmora, L50, M|100/100\n|turn|9\n|\n|t:|1776260737\n|detailschange|p1a: Glimmora|Glimmora-Mega, L50, M\n|-mega|p1a: Glimmora|Glimmora|Glimmoranite\n|move|p1a: Glimmora|Spiky Shield|p1a: Glimmora\n|-singleturn|p1a: Glimmora|move: Protect\n|move|p2a: Basculegion|Wave Crash|p1a: Glimmora\n|-activate|p1a: Glimmora|move: Protect\n|-damage|p2a: Basculegion|67/100|[from] Spiky Shield|[of] p1a: Glimmora\n|\n|-weather|Sandstorm|[upkeep]\n|-damage|p2a: Basculegion|60/100|[from] Sandstorm\n|upkeep\n|turn|10\n|\n|t:|1776260741\n|move|p2a: Basculegion|Wave Crash|p1a: Glimmora\n|-supereffective|p1a: Glimmora|1\n|-damage|p1a: Glimmora|0 fnt\n|faint|p1a: Glimmora\n|-damage|p2a: Basculegion|34/100|[from] Recoil\n|\n|win|Mikeflem12326171\n|raw|mrboogy's rating: 1212 &rarr; <strong>1181</strong><br />(-31 for losing)\n|raw|Mikeflem12326171's rating: 1130 &rarr; <strong>1161</strong><br />(+31 for winning)\n|l|\u2606mrboogy\n|player|p1|\n",
  "uploadtime": 1776260754,
  "views": 4,
  "formatid": "gen9championsbssregma",
  "rating": 1161,
  "private": 0,
  "password": null
}