{
  "id": "gen9championsbssregma-2586361138",
  "format": "[Gen 9 Champions] BSS Reg M-A",
  "players": [
    "Bbbkty",
    "DruantDurant"
  ],
  "log": "|j|\u2606Bbbkty\n|j|\u2606DruantDurant\n|t:|1776428764\n|gametype|singles\n|player|p1|Bbbkty|265|1125\n|player|p2|DruantDurant|266|1035\n|gen|9\n|tier|[Gen 9 Champions] BSS Reg M-A\n|rated|\n|rule|Species Clause: Limit one of each Pok\u00e9mon\n|rule|Item Clause: Limit 1 of each item\n|clearpoke\n|poke|p1|Clefable, L50, M|\n|poke|p1|Charizard, L50, M|\n|poke|p1|Mimikyu, L50, M|\n|poke|p1|Kingambit, L50, M|\n|poke|p1|Espathra, L50, F|\n|poke|p1|Glimmora, L50, F|\n|poke|p2|Lopunny, L50, M|\n|poke|p2|Serperior, L50, F|\n|poke|p2|Espeon, L50, M|\n|poke|p2|Altaria, L50, F|\n|poke|p2|Zoroark-Hisui, L50, F|\n|poke|p2|Gallade, L50, M|\n|teampreview|3\n|inactive|Battle timer is ON: inactive players will automatically lose when time's up. (requested by Bbbkty)\n|\n|t:|1776428779\n|teamsize|p1|3\n|teamsize|p2|3\n|start\n|switch|p1a: Glimmora|Glimmora, L50, F, shiny|100/100\n|switch|p2a: Espeon|Espeon, L50, M|100/100\n|turn|1\n|\n|t:|1776428790\n|move|p1a: Glimmora|Mortal Spin|p2a: Espeon\n|-damage|p2a: Espeon|90/100\n|-status|p2a: Espeon|psn\n|move|p2a: Espeon|Psychic|p1a: Glimmora\n|-supereffective|p1a: Glimmora|1\n|-enditem|p1a: Glimmora|Focus Sash\n|-damage|p1a: Glimmora|1/100\n|-unboost|p1a: Glimmora|spd|1\n|\n|-damage|p2a: Espeon|78/100 psn|[from] psn\n|upkeep\n|turn|2\n|\n|t:|1776428803\n|move|p1a: Glimmora|Power Gem|p2a: Espeon\n|-damage|p2a: Espeon|32/100 psn\n|move|p2a: Espeon|Psychic|p1a: Glimmora\n|-supereffective|p1a: Glimmora|1\n|-damage|p1a: Glimmora|0 fnt\n|faint|p1a: Glimmora\n|\n|-damage|p2a: Espeon|20/100 psn|[from] psn\n|upkeep\n|\n|t:|1776428815\n|switch|p1a: Espathra|Espathra, L50, F, shiny|100/100\n|turn|3\n|\n|t:|1776428825\n|move|p1a: Espathra|Protect|p1a: Espathra\n|-singleturn|p1a: Espathra|Protect\n|move|p2a: Espeon|Power Swap|p1a: Espathra\n|-activate|p1a: Espathra|move: Protect\n|\n|-damage|p2a: Espeon|7/100 psn|[from] psn\n|-ability|p1a: Espathra|Speed Boost|boost\n|-boost|p1a: Espathra|spe|1\n|upkeep\n|turn|4\n|\n|t:|1776428839\n|switch|p2a: Espeon|Espeon, L50, M|100/100\n|move|p1a: Espathra|Calm Mind|p1a: Espathra\n|-boost|p1a: Espathra|spa|1\n|-boost|p1a: Espathra|spd|1\n|\n|-ability|p1a: Espathra|Speed Boost|boost\n|-boost|p1a: Espathra|spe|1\n|upkeep\n|turn|5\n|\n|t:|1776428849\n|move|p1a: Espathra|Baton Pass|p1a: Espathra\n|\n|t:|1776428851\n|switch|p1a: Clefable|Clefable, L50, M, shiny|100/100|[from] Baton Pass\n|move|p2a: Espeon|Lash Out|p1a: Clefable\n|-resisted|p1a: Clefable|1\n|-damage|p1a: Clefable|93/100\n|\n|upkeep\n|turn|6\n|\n|t:|1776428860\n|detailschange|p1a: Clefable|Clefable-Mega, L50, M, shiny\n|-mega|p1a: Clefable|Clefable|Clefablite\n|-singleturn|p2a: Espeon|move: Focus Punch\n|move|p1a: Clefable|Moonblast|p2a: Espeon\n|-damage|p2a: Espeon|0 fnt\n|replace|p2a: Zoroark|Zoroark-Hisui, L50, F\n|-end|p2a: Zoroark|Illusion\n|faint|p2a: Zoroark\n|\n|upkeep\n|\n|t:|1776428871\n|switch|p2a: Gallade|Gallade, L50, M|100/100\n|turn|7\n|\n|t:|1776428884\n|move|p1a: Clefable|Cosmic Power|p1a: Clefable\n|-boost|p1a: Clefable|def|1\n|-boost|p1a: Clefable|spd|1\n|move|p2a: Gallade|Aqua Cutter|p1a: Clefable\n|-damage|p1a: Clefable|79/100\n|\n|upkeep\n|turn|8\n|\n|t:|1776428898\n|move|p1a: Clefable|Stored Power|p2a: Gallade\n|-damage|p2a: Gallade|41/100\n|move|p2a: Gallade|Agility|p2a: Gallade\n|-boost|p2a: Gallade|spe|2\n|\n|upkeep\n|turn|9\n|\n|t:|1776428906\n|move|p2a: Gallade|Aqua Cutter|p1a: Clefable\n|-damage|p1a: Clefable|65/100\n|move|p1a: Clefable|Stored Power|p2a: Gallade\n|-damage|p2a: Gallade|0 fnt\n|faint|p2a: Gallade\n|\n|upkeep\n|\n|t:|1776428914\n|switch|p2a: Espeon|Espeon, L50, M|7/100 psn\n|turn|10\n|\n|t:|1776428920\n|move|p1a: Clefable|Cosmic Power|p1a: Clefable\n|-boost|p1a: Clefable|def|1\n|-boost|p1a: Clefable|spd|1\n|move|p2a: Espeon|Power Swap|p1a: Clefable\n|-swapboost|p2a: Espeon|p1a: Clefable|atk, spa|[from] move: Power Swap\n|\n|-damage|p2a: Espeon|0 fnt|[from] psn\n|faint|p2a: Espeon\n|\n|win|Bbbkty\n|raw|Bbbkty's rating: 1150 &rarr; <strong>1167</strong><br />(+17 for winning)\n|raw|DruantDurant's rating: 1035 &rarr; <strong>1025</strong><br />(-10 for losing)\n",
  "uploadtime": 1776428923,
  "views": 7,
  "formatid": "gen9championsbssregma",
  "rating": 1025,
  "private": 0,
  "password": null
}