{
  "id": "gen9championsbssregma-2586672451",
  "format": "[Gen 9 Champions] BSS Reg M-A",
  "players": [
    "Elphilomeno",
    "AdelaideHan"
  ],
  "log": "|j|\u2606Elphilomeno\n|j|\u2606AdelaideHan\n|t:|1776450960\n|gametype|singles\n|player|p1|Elphilomeno|volkner|1196\n|player|p2|AdelaideHan|officeworkerf-gen9|1291\n|gen|9\n|tier|[Gen 9 Champions] BSS Reg M-A\n|rated|\n|rule|Species Clause: Limit one of each Pok\u00e9mon\n|rule|Item Clause: Limit 1 of each item\n|clearpoke\n|poke|p1|Samurott-Hisui, L50, F|\n|poke|p1|Aegislash, L50, M|\n|poke|p1|Gyarados, L50, F|\n|poke|p1|Ninetales-Alola, L50, M|\n|poke|p1|Espeon, L50, M|\n|poke|p1|Glimmora, L50, M|\n|poke|p2|Dragonite, L50, M|\n|poke|p2|Clefable, L50, F|\n|poke|p2|Garchomp, L50, M|\n|poke|p2|Charizard, L50, F|\n|poke|p2|Corviknight, L50, M|\n|poke|p2|Meowscarada, L50, M|\n|teampreview|3\n|inactive|Battle timer is ON: inactive players will automatically lose when time's up. (requested by Elphilomeno)\n|\n|t:|1776450983\n|teamsize|p1|3\n|teamsize|p2|3\n|start\n|switch|p1a: Glimmora|Glimmora, L50, M|100/100\n|switch|p2a: Meowscarada|Meowscarada, L50, M|100/100\n|turn|1\n|\n|t:|1776450994\n|switch|p2a: Garchomp|Garchomp, L50, M|100/100\n|move|p1a: Glimmora|Stealth Rock|p2a: Garchomp\n|-sidestart|p2: AdelaideHan|move: Stealth Rock\n|\n|upkeep\n|turn|2\n|\n|t:|1776451001\n|switch|p1a: Ninetales|Ninetales-Alola, L50, M|100/100\n|-weather|Snowscape|[from] ability: Snow Warning|[of] p1a: Ninetales\n|move|p2a: Garchomp|Stealth Rock|p1a: Ninetales\n|-sidestart|p1: Elphilomeno|move: Stealth Rock\n|\n|-weather|Snowscape|[upkeep]\n|upkeep\n|turn|3\n|\n|t:|1776451010\n|move|p1a: Ninetales|Moonblast|p2a: Garchomp\n|-supereffective|p2a: Garchomp|1\n|-damage|p2a: Garchomp|31/100\n|-enditem|p2a: Garchomp|Sitrus Berry|[eat]\n|-heal|p2a: Garchomp|55/100|[from] item: Sitrus Berry\n|move|p2a: Garchomp|Rock Tomb|p1a: Ninetales|[miss]\n|-miss|p2a: Garchomp|p1a: Ninetales\n|\n|-weather|Snowscape|[upkeep]\n|upkeep\n|turn|4\n|\n|t:|1776451020\n|move|p1a: Ninetales|Freeze-Dry|p2a: Garchomp\n|-supereffective|p2a: Garchomp|2\n|-damage|p2a: Garchomp|0 fnt\n|faint|p2a: Garchomp\n|\n|-weather|Snowscape|[upkeep]\n|upkeep\n|\n|t:|1776451022\n|switch|p2a: Charizard|Charizard, L50, F|100/100\n|-damage|p2a: Charizard|51/100|[from] Stealth Rock\n|turn|5\n|\n|t:|1776451033\n|switch|p1a: Glimmora|Glimmora, L50, M|100/100\n|-damage|p1a: Glimmora|88/100|[from] Stealth Rock\n|detailschange|p2a: Charizard|Charizard-Mega-Y, L50, F\n|-mega|p2a: Charizard|Charizard|Charizardite Y\n|-weather|SunnyDay|[from] ability: Drought|[of] p2a: Charizard\n|move|p2a: Charizard|Roost|p2a: Charizard\n|-heal|p2a: Charizard|100/100\n|-singleturn|p2a: Charizard|move: Roost\n|\n|-weather|SunnyDay|[upkeep]\n|upkeep\n|turn|6\n|\n|t:|1776451044\n|move|p2a: Charizard|Scorching Sands|p1a: Glimmora\n|-supereffective|p1a: Glimmora|2\n|-damage|p1a: Glimmora|0 fnt\n|faint|p1a: Glimmora\n|\n|-weather|SunnyDay|[upkeep]\n|upkeep\n|\n|t:|1776451049\n|switch|p1a: Ninetales|Ninetales-Alola, L50, M|100/100\n|-damage|p1a: Ninetales|76/100|[from] Stealth Rock\n|-weather|Snowscape|[from] ability: Snow Warning|[of] p1a: Ninetales\n|turn|7\n|\n|t:|1776451068\n|switch|p2a: Meowscarada|Meowscarada, L50, M|100/100\n|-damage|p2a: Meowscarada|89/100|[from] Stealth Rock\n|move|p1a: Ninetales|Aurora Veil|p1a: Ninetales\n|-sidestart|p1: Elphilomeno|move: Aurora Veil\n|\n|-weather|Snowscape|[upkeep]\n|upkeep\n|turn|8\n|\n|t:|1776451076\n|move|p2a: Meowscarada|Flower Trick|p1a: Ninetales\n|-start|p2a: Meowscarada|typechange|Grass|[from] ability: Protean\n|-crit|p1a: Ninetales\n|-damage|p1a: Ninetales|28/100\n|move|p1a: Ninetales|Freeze-Dry|p2a: Meowscarada\n|-supereffective|p2a: Meowscarada|1\n|-damage|p2a: Meowscarada|0 fnt\n|faint|p2a: Meowscarada\n|\n|-weather|Snowscape|[upkeep]\n|upkeep\n|\n|t:|1776451079\n|switch|p2a: Charizard|Charizard-Mega-Y, L50, F|100/100\n|-damage|p2a: Charizard|51/100|[from] Stealth Rock\n|-weather|SunnyDay|[from] ability: Drought|[of] p2a: Charizard\n|turn|9\n|\n|t:|1776451091\n|move|p1a: Ninetales|Freeze-Dry|p2a: Charizard\n|-damage|p2a: Charizard|23/100\n|move|p2a: Charizard|Roost|p2a: Charizard\n|-heal|p2a: Charizard|73/100\n|-singleturn|p2a: Charizard|move: Roost\n|\n|-weather|SunnyDay|[upkeep]\n|upkeep\n|turn|10\n|\n|t:|1776451098\n|move|p1a: Ninetales|Encore|p2a: Charizard\n|-start|p2a: Charizard|Encore\n|move|p2a: Charizard|Roost|p2a: Charizard\n|-heal|p2a: Charizard|100/100\n|-singleturn|p2a: Charizard|move: Roost\n|\n|-weather|SunnyDay|[upkeep]\n|upkeep\n|turn|11\n|\n|t:|1776451106\n|switch|p1a: Gyarados|Gyarados, L50, F|100/100\n|-damage|p1a: Gyarados|75/100|[from] Stealth Rock\n|-ability|p1a: Gyarados|Intimidate|boost\n|-unboost|p2a: Charizard|atk|1\n|move|p2a: Charizard|Roost||[still]\n|-fail|p2a: Charizard|heal\n|\n|-weather|SunnyDay|[upkeep]\n|-sideend|p1: Elphilomeno|move: Aurora Veil\n|upkeep\n|turn|12\n|-message|AdelaideHan forfeited.\n|\n|win|Elphilomeno\n|raw|Elphilomeno's rating: 1196 &rarr; <strong>1228</strong><br />(+32 for winning)\n|raw|AdelaideHan's rating: 1291 &rarr; <strong>1259</strong><br />(-32 for losing)\n|l|\u2606AdelaideHan\n|player|p2|\n",
  "uploadtime": 1776451119,
  "views": 22,
  "formatid": "gen9championsbssregma",
  "rating": 1228,
  "private": 0,
  "password": null
}