{
  "id": "gen9championsbssregma-2585954077",
  "format": "[Gen 9 Champions] BSS Reg M-A",
  "players": [
    "LuckPro2000",
    "Bbbkty"
  ],
  "log": "|j|\u2606LuckPro2000\n|j|\u2606Bbbkty\n|t:|1776384702\n|gametype|singles\n|player|p1|LuckPro2000|2|1078\n|player|p2|Bbbkty|169|1130\n|gen|9\n|tier|[Gen 9 Champions] BSS Reg M-A\n|rated|\n|rule|Species Clause: Limit one of each Pok\u00e9mon\n|rule|Item Clause: Limit 1 of each item\n|clearpoke\n|poke|p1|Arcanine, L50, F|\n|poke|p1|Greninja-*, L50, M|\n|poke|p1|Meowscarada, L50, M|\n|poke|p1|Rotom-Heat, L50|\n|poke|p1|Sneasler, L50, F|\n|poke|p1|Zoroark-Hisui, L50, M|\n|poke|p2|Clefable, L50, M|\n|poke|p2|Charizard, L50, F|\n|poke|p2|Mimikyu, L50, F|\n|poke|p2|Kingambit, L50, M|\n|poke|p2|Espathra, L50, M|\n|poke|p2|Glimmora, L50, M|\n|teampreview|3\n|inactive|Battle timer is ON: inactive players will automatically lose when time's up. (requested by Bbbkty)\n|\n|t:|1776384714\n|teamsize|p1|3\n|teamsize|p2|3\n|start\n|switch|p1a: Arcanine|Arcanine, L50, F|100/100\n|switch|p2a: Glimmora|Glimmora, L50, M|100/100\n|-ability|p1a: Arcanine|Intimidate|boost\n|-unboost|p2a: Glimmora|atk|1\n|turn|1\n|\n|t:|1776384723\n|move|p1a: Arcanine|Will-O-Wisp|p2a: Glimmora\n|-status|p2a: Glimmora|brn\n|move|p2a: Glimmora|Power Gem|p1a: Arcanine\n|-supereffective|p1a: Arcanine|1\n|-damage|p1a: Arcanine|29/100\n|\n|-damage|p2a: Glimmora|94/100 brn|[from] brn\n|upkeep\n|turn|2\n|\n|t:|1776384733\n|move|p1a: Arcanine|Protect|p1a: Arcanine\n|-singleturn|p1a: Arcanine|Protect\n|move|p2a: Glimmora|Stealth Rock|p1a: Arcanine\n|-sidestart|p1: LuckPro2000|move: Stealth Rock\n|\n|-damage|p2a: Glimmora|88/100 brn|[from] brn\n|upkeep\n|turn|3\n|\n|t:|1776384746\n|move|p1a: Arcanine|Fire Fang|p2a: Glimmora\n|-resisted|p2a: Glimmora|1\n|-damage|p2a: Glimmora|75/100 brn\n|-activate|p2a: Glimmora|ability: Toxic Debris\n|-sidestart|p1: LuckPro2000|move: Toxic Spikes\n|move|p2a: Glimmora|Power Gem|p1a: Arcanine\n|-supereffective|p1a: Arcanine|1\n|-damage|p1a: Arcanine|0 fnt\n|faint|p1a: Arcanine\n|\n|-damage|p2a: Glimmora|69/100 brn|[from] brn\n|upkeep\n|\n|t:|1776384752\n|switch|p1a: Greninja|Greninja, L50, M|100/100\n|-damage|p1a: Greninja|88/100|[from] Stealth Rock\n|-status|p1a: Greninja|psn\n|turn|4\n|\n|t:|1776384759\n|move|p1a: Greninja|Water Shuriken|p2a: Glimmora\n|-start|p1a: Greninja|typechange|Water|[from] ability: Protean\n|-supereffective|p2a: Glimmora|1\n|-damage|p2a: Glimmora|56/100 brn\n|-supereffective|p2a: Glimmora|1\n|-damage|p2a: Glimmora|41/100 brn\n|-supereffective|p2a: Glimmora|1\n|-damage|p2a: Glimmora|26/100 brn\n|-hitcount|p2a: Glimmora|3\n|move|p2a: Glimmora|Mortal Spin|p1a: Greninja\n|-damage|p1a: Greninja|85/100 psn\n|\n|-damage|p1a: Greninja|73/100 psn|[from] psn\n|-damage|p2a: Glimmora|20/100 brn|[from] brn\n|upkeep\n|turn|5\n|\n|t:|1776384774\n|move|p1a: Greninja|Water Shuriken|p2a: Glimmora\n|-supereffective|p2a: Glimmora|1\n|-damage|p2a: Glimmora|5/100 brn\n|-supereffective|p2a: Glimmora|1\n|-damage|p2a: Glimmora|0 fnt\n|faint|p2a: Glimmora\n|-hitcount|p2: Glimmora|2\n|\n|-damage|p1a: Greninja|60/100 psn|[from] psn\n|upkeep\n|\n|t:|1776384778\n|switch|p2a: Espathra|Espathra, L50, M|100/100\n|turn|6\n|\n|t:|1776384787\n|detailschange|p1a: Greninja|Greninja-Mega, L50, M\n|-mega|p1a: Greninja|Greninja|Greninjite\n|move|p2a: Espathra|Protect|p2a: Espathra\n|-singleturn|p2a: Espathra|Protect\n|move|p1a: Greninja|Dark Pulse|p2a: Espathra\n|-start|p1a: Greninja|typechange|Dark|[from] ability: Protean\n|-activate|p2a: Espathra|move: Protect\n|\n|-damage|p1a: Greninja|48/100 psn|[from] psn\n|-ability|p2a: Espathra|Speed Boost|boost\n|-boost|p2a: Espathra|spe|1\n|upkeep\n|turn|7\n|\n|t:|1776384799\n|move|p2a: Espathra|Baton Pass|p2a: Espathra\n|\n|t:|1776384801\n|switch|p2a: Clefable|Clefable, L50, M|100/100|[from] Baton Pass\n|move|p1a: Greninja|Dark Pulse|p2a: Clefable\n|-resisted|p2a: Clefable|1\n|-damage|p2a: Clefable|79/100\n|\n|-damage|p1a: Greninja|36/100 psn|[from] psn\n|upkeep\n|turn|8\n|\n|t:|1776384807\n|switch|p1a: Greninja|Greninja-Mega, L50, M|100/100\n|-damage|p1a: Greninja|88/100|[from] Stealth Rock\n|-status|p1a: Greninja|psn\n|detailschange|p2a: Clefable|Clefable-Mega, L50, M\n|-mega|p2a: Clefable|Clefable|Clefablite\n|move|p2a: Clefable|Cosmic Power|p2a: Clefable\n|-boost|p2a: Clefable|def|1\n|-boost|p2a: Clefable|spd|1\n|\n|-damage|p1a: Greninja|76/100 psn|[from] psn\n|upkeep\n|turn|9\n|\n|t:|1776384823\n|move|p1a: Greninja|Nasty Plot|p1a: Greninja\n|-boost|p1a: Greninja|spa|2\n|move|p2a: Clefable|Moonblast|p1a: Greninja\n|-damage|p1a: Greninja|7/100 psn\n|replace|p1a: Zoroark|Zoroark-Hisui, L50, M\n|-end|p1a: Zoroark|Illusion\n|-enditem|p1a: Zoroark|Sitrus Berry|[eat]\n|-heal|p1a: Zoroark|32/100 psn|[from] item: Sitrus Berry\n|\n|-damage|p1a: Zoroark|20/100 psn|[from] psn\n|upkeep\n|turn|10\n|\n|t:|1776384845\n|move|p1a: Zoroark|Hyper Voice|p2a: Clefable\n|-damage|p2a: Clefable|43/100\n|move|p2a: Clefable|Moonblast|p1a: Zoroark\n|-crit|p1a: Zoroark\n|-damage|p1a: Zoroark|0 fnt\n|faint|p1a: Zoroark\n|\n|upkeep\n|\n|t:|1776384852\n|switch|p1a: Greninja|Greninja-Mega, L50, M|36/100 psn\n|-damage|p1a: Greninja|23/100 psn|[from] Stealth Rock\n|turn|11\n|l|\u2606Bbbkty\n|inactive|Bbbkty disconnected and has a minute to reconnect!\n|player|p2|\n|j|\u2606Bbbkty\n|inactive|Bbbkty reconnected and has 40 seconds left.\n|player|p2|Bbbkty|169|\n|\n|t:|1776384870\n|move|p1a: Greninja|Ice Beam|p2a: Clefable\n|-start|p1a: Greninja|typechange|Ice|[from] ability: Protean\n|-supereffective|p2a: Clefable|1\n|-damage|p2a: Clefable|0 fnt\n|faint|p2a: Clefable\n|\n|-damage|p1a: Greninja|11/100 psn|[from] psn\n|upkeep\n|\n|t:|1776384877\n|switch|p2a: Espathra|Espathra, L50, M|100/100\n|turn|12\n|\n|t:|1776384885\n|move|p2a: Espathra|Protect|p2a: Espathra\n|-singleturn|p2a: Espathra|Protect\n|move|p1a: Greninja|Ice Beam|p2a: Espathra\n|-activate|p2a: Espathra|move: Protect\n|\n|-damage|p1a: Greninja|0 fnt|[from] psn\n|faint|p1a: Greninja\n|\n|win|Bbbkty\n|raw|LuckPro2000's rating: 1078 &rarr; <strong>1060</strong><br />(-18 for losing)\n|raw|Bbbkty's rating: 1130 &rarr; <strong>1151</strong><br />(+21 for winning)\n|l|\u2606LuckPro2000\n|player|p1|\n",
  "uploadtime": 1776384889,
  "views": 5,
  "formatid": "gen9championsbssregma",
  "rating": 1060,
  "private": 0,
  "password": null
}