{
  "id": "gen9championsbssregma-2588875434",
  "format": "[Gen 9 Champions] BSS Reg M-A",
  "players": [
    "gorilnx",
    "jhihihl"
  ],
  "log": "|j|\u2606gorilnx\n|j|\u2606jhihihl\n|t:|1776681277\n|gametype|singles\n|player|p1|gorilnx|dawn-gen4pt|1463\n|player|p2|jhihihl|bugcatcher-gen4dp|1359\n|gen|9\n|tier|[Gen 9 Champions] BSS Reg M-A\n|rated|\n|rule|Species Clause: Limit one of each Pok\u00e9mon\n|rule|Item Clause: Limit 1 of each item\n|clearpoke\n|poke|p1|Lopunny, L50, M|\n|poke|p1|Corviknight, L50, F|\n|poke|p1|Primarina, L50, F|\n|poke|p1|Garchomp, L50, M|\n|poke|p1|Starmie, L50|\n|poke|p1|Glimmora, L50, F|\n|poke|p2|Garchomp, L50, F|\n|poke|p2|Gengar, L50, M|\n|poke|p2|Talonflame, L50, F|\n|poke|p2|Hydreigon, L50, M|\n|poke|p2|Mamoswine, L50, M|\n|poke|p2|Kangaskhan, L50, F|\n|teampreview|3\n|inactive|Battle timer is ON: inactive players will automatically lose when time's up. (requested by gorilnx)\n|inactive|gorilnx has 60 seconds left.\n|inactive|jhihihl has 60 seconds left.\n|inactive|jhihihl has 30 seconds left.\n|inactive|jhihihl has 20 seconds left.\n|inactive|jhihihl has 15 seconds left.\n|inactive|jhihihl has 10 seconds left.\n|\n|t:|1776681362\n|teamsize|p1|3\n|teamsize|p2|3\n|start\n|switch|p1a: Starmie|Starmie, L50|100/100\n|switch|p2a: Gengar|Gengar, L50, M|100/100\n|turn|1\n|\n|t:|1776681377\n|switch|p2a: Hydreigon|Hydreigon, L50, M|100/100\n|detailschange|p1a: Starmie|Starmie-Mega, L50\n|-mega|p1a: Starmie|Starmie|Starminite\n|move|p1a: Starmie|Flip Turn|p2a: Hydreigon\n|-resisted|p2a: Hydreigon|1\n|-damage|p2a: Hydreigon|69/100\n|\n|t:|1776681384\n|switch|p1a: Primarina|Primarina, L50, F|100/100|[from] Flip Turn\n|\n|upkeep\n|turn|2\n|\n|t:|1776681390\n|move|p2a: Hydreigon|U-turn|p1a: Primarina\n|-resisted|p1a: Primarina|1\n|-damage|p1a: Primarina|91/100\n|\n|t:|1776681393\n|switch|p2a: Gengar|Gengar, L50, M|100/100|[from] U-turn\n|move|p1a: Primarina|Flip Turn|p2a: Gengar\n|-damage|p2a: Gengar|73/100\n|-start|p1a: Primarina|Disable|Flip Turn|[from] ability: Cursed Body|[of] p2a: Gengar\n|\n|t:|1776681400\n|switch|p1a: Starmie|Starmie-Mega, L50|100/100|[from] Flip Turn\n|\n|upkeep\n|turn|3\n|\n|t:|1776681409\n|switch|p2a: Hydreigon|Hydreigon, L50, M|69/100\n|move|p1a: Starmie|Aqua Jet|p2a: Hydreigon\n|-resisted|p2a: Hydreigon|1\n|-damage|p2a: Hydreigon|48/100\n|\n|upkeep\n|turn|4\n|\n|t:|1776681416\n|switch|p1a: Primarina|Primarina, L50, F|91/100\n|move|p2a: Hydreigon|U-turn|p1a: Primarina\n|-resisted|p1a: Primarina|1\n|-damage|p1a: Primarina|82/100\n|\n|t:|1776681422\n|switch|p2a: Gengar|Gengar, L50, M|73/100|[from] U-turn\n|\n|upkeep\n|turn|5\n|\n|t:|1776681428\n|detailschange|p2a: Gengar|Gengar-Mega, L50, M\n|-mega|p2a: Gengar|Gengar|Gengarite\n|move|p2a: Gengar|Sludge Wave|p1a: Primarina\n|-supereffective|p1a: Primarina|1\n|-damage|p1a: Primarina|0 fnt\n|faint|p1a: Primarina\n|\n|upkeep\n|\n|t:|1776681436\n|switch|p1a: Starmie|Starmie-Mega, L50|100/100\n|turn|6\n|\n|t:|1776681442\n|move|p1a: Starmie|Liquidation|p2a: Gengar\n|-damage|p2a: Gengar|0 fnt\n|faint|p2a: Gengar\n|\n|upkeep\n|\n|t:|1776681446\n|switch|p2a: Hydreigon|Hydreigon, L50, M|48/100\n|turn|7\n|\n|t:|1776681451\n|move|p2a: Hydreigon|Dark Pulse|p1a: Starmie\n|-supereffective|p1a: Starmie|1\n|-damage|p1a: Starmie|0 fnt\n|faint|p1a: Starmie\n|\n|upkeep\n|\n|t:|1776681453\n|switch|p1a: Corviknight|Corviknight, L50, F|100/100\n|-ability|p1a: Corviknight|Pressure\n|turn|8\n|\n|t:|1776681458\n|switch|p2a: Talonflame|Talonflame, L50, F|100/100\n|move|p1a: Corviknight|Body Press|p2a: Talonflame\n|-resisted|p2a: Talonflame|1\n|-damage|p2a: Talonflame|86/100\n|\n|-heal|p2a: Talonflame|92/100|[from] item: Leftovers\n|upkeep\n|turn|9\n|\n|t:|1776681465\n|move|p2a: Talonflame|Will-O-Wisp|p1a: Corviknight\n|-status|p1a: Corviknight|brn\n|move|p1a: Corviknight|Body Press|p2a: Talonflame\n|-resisted|p2a: Talonflame|1\n|-damage|p2a: Talonflame|84/100\n|\n|-heal|p2a: Talonflame|90/100|[from] item: Leftovers\n|-damage|p1a: Corviknight|95/100 brn|[from] brn\n|upkeep\n|turn|10\n|\n|t:|1776681474\n|move|p2a: Talonflame|Swords Dance|p2a: Talonflame\n|-boost|p2a: Talonflame|atk|2\n|move|p1a: Corviknight|Iron Defense|p1a: Corviknight\n|-boost|p1a: Corviknight|def|2\n|\n|-heal|p2a: Talonflame|96/100|[from] item: Leftovers\n|-heal|p1a: Corviknight|100/100 brn|[from] item: Leftovers\n|-damage|p1a: Corviknight|95/100 brn|[from] brn\n|upkeep\n|turn|11\n|\n|t:|1776681482\n|move|p2a: Talonflame|Swords Dance|p2a: Talonflame\n|-boost|p2a: Talonflame|atk|2\n|move|p1a: Corviknight|Roost|p1a: Corviknight\n|-heal|p1a: Corviknight|100/100 brn\n|-singleturn|p1a: Corviknight|move: Roost\n|\n|-heal|p2a: Talonflame|100/100|[from] item: Leftovers\n|-damage|p1a: Corviknight|95/100 brn|[from] brn\n|upkeep\n|turn|12\n|\n|t:|1776681490\n|move|p2a: Talonflame|Swords Dance|p2a: Talonflame\n|-boost|p2a: Talonflame|atk|2\n|move|p1a: Corviknight|Iron Defense|p1a: Corviknight\n|-boost|p1a: Corviknight|def|2\n|\n|-heal|p1a: Corviknight|100/100 brn|[from] item: Leftovers\n|-damage|p1a: Corviknight|95/100 brn|[from] brn\n|upkeep\n|turn|13\n|\n|t:|1776681499\n|move|p2a: Talonflame|Swords Dance|p2a: Talonflame\n|-boost|p2a: Talonflame|atk|0\n|move|p1a: Corviknight|Roost|p1a: Corviknight\n|-heal|p1a: Corviknight|100/100 brn\n|-singleturn|p1a: Corviknight|move: Roost\n|\n|-damage|p1a: Corviknight|95/100 brn|[from] brn\n|upkeep\n|turn|14\n|\n|t:|1776681507\n|move|p2a: Talonflame|Swords Dance|p2a: Talonflame\n|-boost|p2a: Talonflame|atk|0\n|move|p1a: Corviknight|Roost|p1a: Corviknight\n|-heal|p1a: Corviknight|100/100 brn\n|-singleturn|p1a: Corviknight|move: Roost\n|\n|-damage|p1a: Corviknight|95/100 brn|[from] brn\n|upkeep\n|turn|15\n|\n|t:|1776681529\n|move|p2a: Talonflame|Brave Bird|p1a: Corviknight\n|-resisted|p1a: Corviknight|1\n|-damage|p1a: Corviknight|80/100 brn\n|-damage|p2a: Talonflame|95/100|[from] Recoil\n|move|p1a: Corviknight|Body Press|p2a: Talonflame\n|-resisted|p2a: Talonflame|1\n|-damage|p2a: Talonflame|72/100\n|\n|-heal|p2a: Talonflame|78/100|[from] item: Leftovers\n|-heal|p1a: Corviknight|85/100 brn|[from] item: Leftovers\n|-damage|p1a: Corviknight|80/100 brn|[from] brn\n|upkeep\n|turn|16\n|\n|t:|1776681539\n|move|p2a: Talonflame|Brave Bird|p1a: Corviknight\n|-resisted|p1a: Corviknight|1\n|-damage|p1a: Corviknight|66/100 brn\n|-damage|p2a: Talonflame|73/100|[from] Recoil\n|move|p1a: Corviknight|Iron Defense|p1a: Corviknight\n|-boost|p1a: Corviknight|def|2\n|\n|-heal|p2a: Talonflame|79/100|[from] item: Leftovers\n|-heal|p1a: Corviknight|72/100 brn|[from] item: Leftovers\n|-damage|p1a: Corviknight|66/100 brn|[from] brn\n|upkeep\n|turn|17\n|\n|t:|1776681548\n|move|p2a: Talonflame|Brave Bird|p1a: Corviknight\n|-resisted|p1a: Corviknight|1\n|-damage|p1a: Corviknight|55/100 brn\n|-damage|p2a: Talonflame|75/100|[from] Recoil\n|move|p1a: Corviknight|Roost|p1a: Corviknight\n|-heal|p1a: Corviknight|100/100 brn\n|-singleturn|p1a: Corviknight|move: Roost\n|\n|-heal|p2a: Talonflame|80/100|[from] item: Leftovers\n|-damage|p1a: Corviknight|95/100 brn|[from] brn\n|upkeep\n|turn|18\n|\n|t:|1776681558\n|move|p2a: Talonflame|Brave Bird|p1a: Corviknight\n|-resisted|p1a: Corviknight|1\n|-damage|p1a: Corviknight|84/100 brn\n|-damage|p2a: Talonflame|77/100|[from] Recoil\n|move|p1a: Corviknight|Body Press|p2a: Talonflame\n|-resisted|p2a: Talonflame|1\n|-damage|p2a: Talonflame|47/100\n|\n|-heal|p2a: Talonflame|53/100|[from] item: Leftovers\n|-heal|p1a: Corviknight|90/100 brn|[from] item: Leftovers\n|-damage|p1a: Corviknight|84/100 brn|[from] brn\n|upkeep\n|turn|19\n|\n|t:|1776681569\n|move|p2a: Talonflame|Roost|p2a: Talonflame\n|-heal|p2a: Talonflame|100/100\n|-singleturn|p2a: Talonflame|move: Roost\n|move|p1a: Corviknight|Body Press|p2a: Talonflame\n|-damage|p2a: Talonflame|44/100\n|\n|-heal|p2a: Talonflame|50/100|[from] item: Leftovers\n|-heal|p1a: Corviknight|90/100 brn|[from] item: Leftovers\n|-damage|p1a: Corviknight|84/100 brn|[from] brn\n|upkeep\n|turn|20\n|\n|t:|1776681579\n|move|p2a: Talonflame|Roost|p2a: Talonflame\n|-heal|p2a: Talonflame|100/100\n|-singleturn|p2a: Talonflame|move: Roost\n|move|p1a: Corviknight|Body Press|p2a: Talonflame\n|-damage|p2a: Talonflame|38/100\n|\n|-heal|p2a: Talonflame|44/100|[from] item: Leftovers\n|-heal|p1a: Corviknight|90/100 brn|[from] item: Leftovers\n|-damage|p1a: Corviknight|84/100 brn|[from] brn\n|upkeep\n|turn|21\n|\n|t:|1776681588\n|move|p2a: Talonflame|Roost|p2a: Talonflame\n|-heal|p2a: Talonflame|95/100\n|-singleturn|p2a: Talonflame|move: Roost\n|move|p1a: Corviknight|Body Press|p2a: Talonflame\n|-damage|p2a: Talonflame|35/100\n|\n|-heal|p2a: Talonflame|40/100|[from] item: Leftovers\n|-heal|p1a: Corviknight|90/100 brn|[from] item: Leftovers\n|-damage|p1a: Corviknight|84/100 brn|[from] brn\n|upkeep\n|turn|22\n|\n|t:|1776681597\n|move|p2a: Talonflame|Roost|p2a: Talonflame\n|-heal|p2a: Talonflame|91/100\n|-singleturn|p2a: Talonflame|move: Roost\n|move|p1a: Corviknight|Roost|p1a: Corviknight\n|-heal|p1a: Corviknight|100/100 brn\n|-singleturn|p1a: Corviknight|move: Roost\n|\n|-heal|p2a: Talonflame|97/100|[from] item: Leftovers\n|-damage|p1a: Corviknight|95/100 brn|[from] brn\n|upkeep\n|turn|23\n|\n|t:|1776681607\n|move|p2a: Talonflame|Brave Bird|p1a: Corviknight\n|-resisted|p1a: Corviknight|1\n|-damage|p1a: Corviknight|83/100 brn\n|-damage|p2a: Talonflame|92/100|[from] Recoil\n|move|p1a: Corviknight|U-turn|p2a: Talonflame\n|-resisted|p2a: Talonflame|2\n|-damage|p2a: Talonflame|91/100\n|\n|-heal|p2a: Talonflame|97/100|[from] item: Leftovers\n|-heal|p1a: Corviknight|89/100 brn|[from] item: Leftovers\n|-damage|p1a: Corviknight|83/100 brn|[from] brn\n|upkeep\n|turn|24\n|\n|t:|1776681620\n|move|p2a: Talonflame|Brave Bird|p1a: Corviknight\n|-resisted|p1a: Corviknight|1\n|-damage|p1a: Corviknight|73/100 brn\n|-damage|p2a: Talonflame|93/100|[from] Recoil\n|move|p1a: Corviknight|U-turn|p2a: Talonflame\n|-resisted|p2a: Talonflame|2\n|-damage|p2a: Talonflame|91/100\n|\n|-heal|p2a: Talonflame|97/100|[from] item: Leftovers\n|-heal|p1a: Corviknight|79/100 brn|[from] item: Leftovers\n|-damage|p1a: Corviknight|73/100 brn|[from] brn\n|upkeep\n|turn|25\n|\n|t:|1776681631\n|move|p2a: Talonflame|Brave Bird|p1a: Corviknight\n|-resisted|p1a: Corviknight|1\n|-damage|p1a: Corviknight|62/100 brn\n|-damage|p2a: Talonflame|93/100|[from] Recoil\n|move|p1a: Corviknight|Body Press|p2a: Talonflame\n|-resisted|p2a: Talonflame|1\n|-damage|p2a: Talonflame|64/100\n|\n|-heal|p2a: Talonflame|70/100|[from] item: Leftovers\n|-heal|p1a: Corviknight|68/100 brn|[from] item: Leftovers\n|-damage|p1a: Corviknight|62/100 brn|[from] brn\n|upkeep\n|turn|26\n|\n|t:|1776681641\n|move|p2a: Talonflame|Brave Bird|p1a: Corviknight\n|-resisted|p1a: Corviknight|1\n|-crit|p1a: Corviknight\n|-damage|p1a: Corviknight|0 fnt\n|faint|p1a: Corviknight\n|-damage|p2a: Talonflame|48/100|[from] Recoil\n|\n|win|jhihihl\n|raw|gorilnx's rating: 1463 &rarr; <strong>1437</strong><br />(-26 for losing)\n|raw|jhihihl's rating: 1359 &rarr; <strong>1385</strong><br />(+26 for winning)\n|l|\u2606gorilnx\n|player|p1|\n|l|\u2606jhihihl\n|player|p2|\n",
  "uploadtime": 1776681655,
  "views": 0,
  "formatid": "gen9championsbssregma",
  "rating": 1385,
  "private": 0,
  "password": null
}