{
  "id": "gen9championsbssregma-2584923968",
  "format": "[Gen 9 Champions] BSS Reg M-A",
  "players": [
    "epavaco",
    "harald283"
  ],
  "log": "|j|\u2606epavaco\n|j|\u2606harald283\n|t:|1776294955\n|gametype|singles\n|player|p1|epavaco|266|1078\n|player|p2|harald283|drayden|1136\n|gen|9\n|tier|[Gen 9 Champions] BSS Reg M-A\n|rated|\n|rule|Species Clause: Limit one of each Pok\u00e9mon\n|rule|Item Clause: Limit 1 of each item\n|clearpoke\n|poke|p1|Tyranitar, L50, M|\n|poke|p1|Ceruledge, L50, F|\n|poke|p1|Incineroar, L50, M|\n|poke|p1|Gyarados, L50, F|\n|poke|p1|Rotom-Wash, L50|\n|poke|p1|Corviknight, L50, M|\n|poke|p2|Hippowdon, L50, M|\n|poke|p2|Garchomp, L50, M|\n|poke|p2|Charizard, L50, M|\n|poke|p2|Aegislash, L50, M|\n|poke|p2|Glimmora, L50, M|\n|poke|p2|Corviknight, L50, M|\n|teampreview|3\n|\n|t:|1776295005\n|teamsize|p1|3\n|teamsize|p2|3\n|start\n|switch|p1a: Ceruledge|Ceruledge, L50, F|100/100\n|switch|p2a: Glimmora|Glimmora, L50, M, shiny|100/100\n|turn|1\n|\n|t:|1776295019\n|move|p2a: Glimmora|Stone Edge|p1a: Ceruledge\n|-supereffective|p1a: Ceruledge|1\n|-damage|p1a: Ceruledge|7/100\n|-ability|p1a: Ceruledge|Weak Armor|boost\n|-unboost|p1a: Ceruledge|def|1\n|-boost|p1a: Ceruledge|spe|2\n|move|p1a: Ceruledge|Swords Dance|p1a: Ceruledge\n|-boost|p1a: Ceruledge|atk|2\n|\n|upkeep\n|turn|2\n|\n|t:|1776295031\n|move|p2a: Glimmora|Spiky Shield|p2a: Glimmora\n|-singleturn|p2a: Glimmora|move: Protect\n|move|p1a: Ceruledge|Close Combat|p2a: Glimmora\n|-activate|p2a: Glimmora|move: Protect\n|-damage|p1a: Ceruledge|0 fnt|[from] Spiky Shield|[of] p2a: Glimmora\n|faint|p1a: Ceruledge\n|\n|upkeep\n|\n|t:|1776295045\n|switch|p1a: Corviknight|Corviknight, L50, M|100/100\n|turn|3\n|\n|t:|1776295050\n|switch|p2a: Charizard|Charizard, L50, M, shiny|100/100\n|move|p1a: Corviknight|Bulk Up|p1a: Corviknight\n|-boost|p1a: Corviknight|atk|1\n|-boost|p1a: Corviknight|def|1\n|\n|upkeep\n|turn|4\n|\n|t:|1776295058\n|detailschange|p2a: Charizard|Charizard-Mega-Y, L50, M, shiny\n|-mega|p2a: Charizard|Charizard|Charizardite Y\n|-weather|SunnyDay|[from] ability: Drought|[of] p2a: Charizard\n|move|p2a: Charizard|Weather Ball|p1a: Corviknight\n|-supereffective|p1a: Corviknight|1\n|-damage|p1a: Corviknight|0 fnt\n|faint|p1a: Corviknight\n|\n|-weather|SunnyDay|[upkeep]\n|upkeep\n|\n|t:|1776295067\n|switch|p1a: Tyranitar|Tyranitar, L50, M|100/100\n|-weather|Sandstorm|[from] ability: Sand Stream|[of] p1a: Tyranitar\n|turn|5\n|-message|epavaco forfeited.\n|\n|win|harald283\n|raw|epavaco's rating: 1078 &rarr; <strong>1058</strong><br />(-20 for losing)\n|raw|harald283's rating: 1105 &rarr; <strong>1128</strong><br />(+23 for winning)\n|l|\u2606epavaco\n|player|p1|\n",
  "uploadtime": 1776295075,
  "views": 6,
  "formatid": "gen9championsbssregma",
  "rating": 1058,
  "private": 0,
  "password": null
}