{
  "id": "gen9championsbssregma-2587083101",
  "format": "[Gen 9 Champions] BSS Reg M-A",
  "players": [
    "gorilnx",
    "MeicoN"
  ],
  "log": "|j|\u2606gorilnx\n|j|\u2606MeicoN\n|t:|1776491043\n|gametype|singles\n|player|p1|gorilnx|dawn-gen4pt|1210\n|player|p2|MeicoN|101|1326\n|gen|9\n|tier|[Gen 9 Champions] BSS Reg M-A\n|rated|\n|rule|Species Clause: Limit one of each Pok\u00e9mon\n|rule|Item Clause: Limit 1 of each item\n|clearpoke\n|poke|p1|Delphox, L50, F|\n|poke|p1|Lopunny, L50, F|\n|poke|p1|Corviknight, L50, F|\n|poke|p1|Primarina, L50, F|\n|poke|p1|Garchomp, L50, M|\n|poke|p1|Rotom-Heat, L50|\n|poke|p2|Gengar, L50, M|\n|poke|p2|Charizard, L50, F|\n|poke|p2|Hippowdon, L50, F|\n|poke|p2|Primarina, L50, M|\n|poke|p2|Hydreigon, L50, M|\n|poke|p2|Kingambit, L50, M|\n|teampreview|3\n|inactive|Battle timer is ON: inactive players will automatically lose when time's up. (requested by gorilnx)\n|\n|t:|1776491081\n|teamsize|p1|3\n|teamsize|p2|3\n|start\n|switch|p1a: Garchomp|Garchomp, L50, M|100/100\n|switch|p2a: Primarina|Primarina, L50, M|100/100\n|turn|1\n|\n|t:|1776491089\n|move|p1a: Garchomp|Earthquake|p2a: Primarina\n|-damage|p2a: Primarina|31/100\n|move|p2a: Primarina|Moonblast|p1a: Garchomp\n|-supereffective|p1a: Garchomp|1\n|-enditem|p1a: Garchomp|Focus Sash\n|-damage|p1a: Garchomp|1/100\n|-unboost|p1a: Garchomp|spa|1\n|\n|upkeep\n|turn|2\n|\n|t:|1776491099\n|move|p2a: Primarina|Aqua Jet|p1a: Garchomp\n|-damage|p1a: Garchomp|0 fnt\n|-damage|p2a: Primarina|19/100|[from] ability: Rough Skin|[of] p1a: Garchomp\n|faint|p1a: Garchomp\n|\n|upkeep\n|\n|t:|1776491102\n|switch|p1a: Rotom|Rotom-Heat, L50|100/100\n|turn|3\n|\n|t:|1776491108\n|switch|p2a: Hydreigon|Hydreigon, L50, M|100/100\n|move|p1a: Rotom|Volt Switch|p2a: Hydreigon\n|-resisted|p2a: Hydreigon|1\n|-damage|p2a: Hydreigon|81/100\n|\n|t:|1776491114\n|switch|p1a: Lopunny|Lopunny, L50, F|100/100|[from] Volt Switch\n|\n|upkeep\n|turn|4\n|\n|t:|1776491119\n|switch|p2a: Hippowdon|Hippowdon, L50, F|100/100\n|-weather|Sandstorm|[from] ability: Sand Stream|[of] p2a: Hippowdon\n|detailschange|p1a: Lopunny|Lopunny-Mega, L50, F\n|-mega|p1a: Lopunny|Lopunny|Lopunnite\n|move|p1a: Lopunny|Fake Out|p2a: Hippowdon\n|-damage|p2a: Hippowdon|89/100\n|\n|-weather|Sandstorm|[upkeep]\n|-damage|p1a: Lopunny|95/100|[from] Sandstorm\n|upkeep\n|turn|5\n|\n|t:|1776491131\n|move|p1a: Lopunny|U-turn|p2a: Hippowdon\n|-damage|p2a: Hippowdon|74/100\n|\n|t:|1776491133\n|switch|p1a: Rotom|Rotom-Heat, L50|100/100|[from] U-turn\n|move|p2a: Hippowdon|Stealth Rock|p1a: Rotom\n|-sidestart|p1: gorilnx|move: Stealth Rock\n|\n|-weather|Sandstorm|[upkeep]\n|-damage|p1a: Rotom|95/100|[from] Sandstorm\n|upkeep\n|turn|6\n|\n|t:|1776491144\n|move|p1a: Rotom|Overheat|p2a: Hippowdon\n|-damage|p2a: Hippowdon|7/100\n|-unboost|p1a: Rotom|spa|2\n|-enditem|p2a: Hippowdon|Sitrus Berry|[eat]\n|-heal|p2a: Hippowdon|32/100|[from] item: Sitrus Berry\n|move|p2a: Hippowdon|Slack Off|p2a: Hippowdon\n|-heal|p2a: Hippowdon|82/100\n|\n|-weather|Sandstorm|[upkeep]\n|-damage|p1a: Rotom|89/100|[from] Sandstorm\n|upkeep\n|turn|7\n|\n|t:|1776491155\n|move|p1a: Rotom|Overheat|p2a: Hippowdon|[miss]\n|-miss|p1a: Rotom|p2a: Hippowdon\n|move|p2a: Hippowdon|Yawn|p1a: Rotom\n|-start|p1a: Rotom|move: Yawn|[of] p2a: Hippowdon\n|\n|-weather|Sandstorm|[upkeep]\n|-damage|p1a: Rotom|83/100|[from] Sandstorm\n|upkeep\n|turn|8\n|\n|t:|1776491168\n|switch|p1a: Lopunny|Lopunny-Mega, L50, F|95/100\n|-damage|p1a: Lopunny|89/100|[from] Stealth Rock\n|move|p2a: Hippowdon|Earthquake|p1a: Lopunny\n|-damage|p1a: Lopunny|38/100\n|\n|-weather|none\n|upkeep\n|turn|9\n|\n|t:|1776491184\n|move|p1a: Lopunny|Fake Out|p2a: Hippowdon\n|-damage|p2a: Hippowdon|70/100\n|cant|p2a: Hippowdon|flinch\n|\n|upkeep\n|turn|10\n|\n|t:|1776491191\n|move|p1a: Lopunny|Triple Axel|p2a: Hippowdon\n|-supereffective|p2a: Hippowdon|1\n|-damage|p2a: Hippowdon|62/100\n|-supereffective|p2a: Hippowdon|1\n|-damage|p2a: Hippowdon|46/100\n|-supereffective|p2a: Hippowdon|1\n|-damage|p2a: Hippowdon|24/100\n|-hitcount|p2a: Hippowdon|3\n|move|p2a: Hippowdon|Slack Off|p2a: Hippowdon\n|-heal|p2a: Hippowdon|74/100\n|\n|upkeep\n|turn|11\n|j| The Educated Fool\n|\n|t:|1776491201\n|move|p1a: Lopunny|Triple Axel|p2a: Hippowdon\n|-supereffective|p2a: Hippowdon|1\n|-damage|p2a: Hippowdon|66/100\n|-supereffective|p2a: Hippowdon|1\n|-damage|p2a: Hippowdon|51/100\n|-supereffective|p2a: Hippowdon|1\n|-damage|p2a: Hippowdon|27/100\n|-hitcount|p2a: Hippowdon|3\n|move|p2a: Hippowdon|Yawn|p1a: Lopunny\n|-start|p1a: Lopunny|move: Yawn|[of] p2a: Hippowdon\n|\n|upkeep\n|turn|12\n|\n|t:|1776491212\n|move|p1a: Lopunny|U-turn|p2a: Hippowdon\n|-damage|p2a: Hippowdon|14/100\n|\n|t:|1776491214\n|switch|p1a: Rotom|Rotom-Heat, L50|83/100|[from] U-turn\n|-damage|p1a: Rotom|58/100|[from] Stealth Rock\n|move|p2a: Hippowdon|Slack Off|p2a: Hippowdon\n|-heal|p2a: Hippowdon|64/100\n|\n|upkeep\n|turn|13\n|\n|t:|1776491226\n|switch|p2a: Hydreigon|Hydreigon, L50, M|81/100\n|move|p1a: Rotom|Overheat|p2a: Hydreigon\n|-resisted|p2a: Hydreigon|1\n|-damage|p2a: Hydreigon|47/100\n|-unboost|p1a: Rotom|spa|2\n|\n|upkeep\n|turn|14\n|\n|t:|1776491239\n|switch|p1a: Lopunny|Lopunny-Mega, L50, F|38/100\n|-damage|p1a: Lopunny|32/100|[from] Stealth Rock\n|move|p2a: Hydreigon|Dark Pulse|p1a: Lopunny\n|-resisted|p1a: Lopunny|1\n|-damage|p1a: Lopunny|5/100\n|\n|upkeep\n|turn|15\n|\n|t:|1776491251\n|switch|p2a: Hippowdon|Hippowdon, L50, F|64/100\n|-weather|Sandstorm|[from] ability: Sand Stream|[of] p2a: Hippowdon\n|move|p1a: Lopunny|Close Combat|p2a: Hippowdon\n|-damage|p2a: Hippowdon|26/100\n|-unboost|p1a: Lopunny|def|1\n|-unboost|p1a: Lopunny|spd|1\n|\n|-weather|Sandstorm|[upkeep]\n|-damage|p1a: Lopunny|0 fnt|[from] Sandstorm\n|faint|p1a: Lopunny\n|upkeep\n|\n|t:|1776491258\n|switch|p1a: Rotom|Rotom-Heat, L50|58/100\n|-damage|p1a: Rotom|34/100|[from] Stealth Rock\n|turn|16\n|\n|t:|1776491267\n|move|p1a: Rotom|Overheat|p2a: Hippowdon\n|-damage|p2a: Hippowdon|0 fnt\n|-unboost|p1a: Rotom|spa|2\n|faint|p2a: Hippowdon\n|\n|-weather|Sandstorm|[upkeep]\n|-damage|p1a: Rotom|28/100|[from] Sandstorm\n|upkeep\n|\n|t:|1776491276\n|switch|p2a: Primarina|Primarina, L50, M|19/100\n|turn|17\n|\n|t:|1776491279\n|move|p2a: Primarina|Aqua Jet|p1a: Rotom\n|-supereffective|p1a: Rotom|1\n|-damage|p1a: Rotom|0 fnt\n|faint|p1a: Rotom\n|\n|win|MeicoN\n|raw|gorilnx's rating: 1210 &rarr; <strong>1193</strong><br />(-17 for losing)\n|raw|MeicoN's rating: 1326 &rarr; <strong>1340</strong><br />(+14 for winning)\n|l|\u2606gorilnx\n|player|p1|\n|l|\u2606MeicoN\n|player|p2|\n",
  "uploadtime": 1776491282,
  "views": 2,
  "formatid": "gen9championsbssregma",
  "rating": 1193,
  "private": 0,
  "password": null
}