{
  "id": "gen9championsbssregma-2586443386",
  "format": "[Gen 9 Champions] BSS Reg M-A",
  "players": [
    "suijimrh",
    "buobgrilo"
  ],
  "log": "|j|\u2606suijimrh\n|j|\u2606buobgrilo\n|t:|1776435056\n|gametype|singles\n|player|p1|suijimrh|cynthia-gen4|1165\n|player|p2|buobgrilo|266|1100\n|gen|9\n|tier|[Gen 9 Champions] BSS Reg M-A\n|rated|\n|rule|Species Clause: Limit one of each Pok\u00e9mon\n|rule|Item Clause: Limit 1 of each item\n|clearpoke\n|poke|p1|Primarina, L50, M|\n|poke|p1|Basculegion, L50, M|\n|poke|p1|Victreebel, L50, F|\n|poke|p1|Lopunny, L50, F|\n|poke|p1|Delphox, L50, M|\n|poke|p1|Starmie, L50|\n|poke|p2|Dragonite, L50, F|\n|poke|p2|Politoed, L50, M|\n|poke|p2|Corviknight, L50, F|\n|poke|p2|Decidueye-Hisui, L50, M|\n|poke|p2|Azumarill, L50, M|\n|poke|p2|Rotom-Wash, L50|\n|teampreview|3\n|\n|t:|1776435082\n|teamsize|p1|3\n|teamsize|p2|3\n|start\n|switch|p1a: Lopunny|Lopunny, L50, F|100/100\n|switch|p2a: Decidueye|Decidueye-Hisui, L50, M|100/100\n|turn|1\n|inactive|Battle timer is ON: inactive players will automatically lose when time's up. (requested by suijimrh)\n|\n|t:|1776435101\n|switch|p2a: Politoed|Politoed, L50, M|100/100\n|-weather|RainDance|[from] ability: Drizzle|[of] p2a: Politoed\n|detailschange|p1a: Lopunny|Lopunny-Mega, L50, F\n|-mega|p1a: Lopunny|Lopunny|Lopunnite\n|move|p1a: Lopunny|Fake Out|p2a: Politoed\n|-damage|p2a: Politoed|73/100\n|\n|-weather|RainDance|[upkeep]\n|-heal|p2a: Politoed|79/100|[from] item: Leftovers\n|upkeep\n|turn|2\n|\n|t:|1776435126\n|move|p1a: Lopunny|U-turn|p2a: Politoed\n|-damage|p2a: Politoed|51/100\n|\n|t:|1776435129\n|switch|p1a: Primarina|Primarina, L50, M|100/100|[from] U-turn\n|move|p2a: Politoed|Focus Blast|p1a: Primarina|[miss]\n|-miss|p2a: Politoed|p1a: Primarina\n|\n|-weather|RainDance|[upkeep]\n|-heal|p2a: Politoed|57/100|[from] item: Leftovers\n|upkeep\n|turn|3\n|\n|t:|1776435143\n|switch|p2a: Dragonite|Dragonite, L50, F|100/100\n|move|p1a: Primarina|Moonblast|p2a: Dragonite\n|-supereffective|p2a: Dragonite|1\n|-damage|p2a: Dragonite|61/100\n|\n|-weather|RainDance|[upkeep]\n|upkeep\n|turn|4\n|\n|t:|1776435153\n|detailschange|p2a: Dragonite|Dragonite-Mega, L50, F\n|-mega|p2a: Dragonite|Dragonite|Dragoninite\n|move|p2a: Dragonite|Thunder|p1a: Primarina\n|-supereffective|p1a: Primarina|1\n|-damage|p1a: Primarina|29/100\n|-status|p1a: Primarina|par\n|move|p1a: Primarina|Moonblast|p2a: Dragonite\n|-supereffective|p2a: Dragonite|1\n|-damage|p2a: Dragonite|0 fnt\n|faint|p2a: Dragonite\n|\n|-weather|RainDance|[upkeep]\n|-heal|p1a: Primarina|35/100 par|[from] item: Leftovers\n|upkeep\n|\n|t:|1776435166\n|switch|p2a: Decidueye|Decidueye-Hisui, L50, M|100/100\n|turn|5\n|\n|t:|1776435172\n|move|p2a: Decidueye|Leaf Blade|p1a: Primarina\n|-supereffective|p1a: Primarina|1\n|-crit|p1a: Primarina\n|-damage|p1a: Primarina|0 fnt\n|faint|p1a: Primarina\n|\n|-weather|none\n|upkeep\n|\n|t:|1776435177\n|switch|p1a: Lopunny|Lopunny-Mega, L50, F|100/100\n|turn|6\n|\n|t:|1776435182\n|move|p1a: Lopunny|Fake Out|p2a: Decidueye\n|-damage|p2a: Decidueye|74/100\n|cant|p2a: Decidueye|flinch\n|\n|upkeep\n|turn|7\n|\n|t:|1776435189\n|move|p1a: Lopunny|Giga Impact|p2a: Decidueye\n|-damage|p2a: Decidueye|0 fnt\n|-mustrecharge|p1a: Lopunny\n|faint|p2a: Decidueye\n|\n|upkeep\n|\n|t:|1776435194\n|switch|p2a: Politoed|Politoed, L50, M|57/100\n|-weather|RainDance|[from] ability: Drizzle|[of] p2a: Politoed\n|turn|8\n|\n|t:|1776435201\n|cant|p1a: Lopunny|recharge\n|move|p2a: Politoed|Hydro Pump|p1a: Lopunny|[miss]\n|-miss|p2a: Politoed|p1a: Lopunny\n|\n|-weather|RainDance|[upkeep]\n|-heal|p2a: Politoed|63/100|[from] item: Leftovers\n|upkeep\n|turn|9\n|\n|t:|1776435216\n|move|p1a: Lopunny|U-turn|p2a: Politoed\n|-damage|p2a: Politoed|34/100\n|\n|t:|1776435220\n|switch|p1a: Basculegion|Basculegion, L50, M|100/100|[from] U-turn\n|move|p2a: Politoed|Hydro Pump|p1a: Basculegion|[miss]\n|-miss|p2a: Politoed|p1a: Basculegion\n|\n|-weather|RainDance|[upkeep]\n|-heal|p2a: Politoed|40/100|[from] item: Leftovers\n|upkeep\n|turn|10\n|\n|t:|1776435229\n|move|p1a: Basculegion|Last Respects|p2a: Politoed\n|-damage|p2a: Politoed|0 fnt\n|faint|p2a: Politoed\n|\n|win|suijimrh\n|raw|suijimrh's rating: 1132 &rarr; <strong>1155</strong><br />(+23 for winning)\n|raw|buobgrilo's rating: 1100 &rarr; <strong>1077</strong><br />(-23 for losing)\n",
  "uploadtime": 1776435232,
  "views": 7,
  "formatid": "gen9championsbssregma",
  "rating": 1077,
  "private": 0,
  "password": null
}