{
  "id": "gen9championsbssregma-2587734919",
  "format": "[Gen 9 Champions] BSS Reg M-A",
  "players": [
    "meowstic0+",
    "alswnsjsid"
  ],
  "log": "|j|\u2606meowstic0+\n|j|\u2606alswnsjsid\n|t:|1776558689\n|gametype|singles\n|player|p1|meowstic0+|caitlin|1301\n|player|p2|alswnsjsid|caitlin|1404\n|gen|9\n|tier|[Gen 9 Champions] BSS Reg M-A\n|rated|\n|rule|Species Clause: Limit one of each Pok\u00e9mon\n|rule|Item Clause: Limit 1 of each item\n|clearpoke\n|poke|p1|Meganium, L50, F|\n|poke|p1|Excadrill, L50, M|\n|poke|p1|Froslass, L50, F|\n|poke|p1|Tyranitar, L50, F|\n|poke|p1|Rotom-Wash, L50|\n|poke|p1|Corviknight, L50, M|\n|poke|p2|Greninja, L50, F, shiny|\n|poke|p2|Charizard, L50, M, shiny|\n|poke|p2|Corviknight, L50, M, shiny|\n|poke|p2|Mimikyu, L50, F, shiny|\n|poke|p2|Hippowdon, L50, M, shiny|\n|poke|p2|Lucario, L50, F, shiny|\n|teampreview|3\n|j| p74\n|\n|t:|1776558760\n|teamsize|p1|3\n|teamsize|p2|3\n|start\n|switch|p1a: Rotom|Rotom-Wash, L50|100/100\n|switch|p2a: Hippowdon|Hippowdon, L50, M, shiny|100/100\n|-weather|Sandstorm|[from] ability: Sand Stream|[of] p2a: Hippowdon\n|turn|1\n|inactive|Battle timer is ON: inactive players will automatically lose when time's up. (requested by meowstic0+)\n|\n|t:|1776558771\n|move|p1a: Rotom|Hydro Pump|p2a: Hippowdon|[miss]\n|-miss|p1a: Rotom|p2a: Hippowdon\n|move|p2a: Hippowdon|Yawn|p1a: Rotom\n|-start|p1a: Rotom|move: Yawn|[of] p2a: Hippowdon\n|\n|-weather|Sandstorm|[upkeep]\n|-damage|p1a: Rotom|95/100|[from] Sandstorm\n|upkeep\n|turn|2\n|\n|t:|1776558779\n|move|p1a: Rotom|Hydro Pump|p2a: Hippowdon\n|-supereffective|p2a: Hippowdon|1\n|-damage|p2a: Hippowdon|8/100\n|-enditem|p2a: Hippowdon|Sitrus Berry|[eat]\n|-heal|p2a: Hippowdon|33/100|[from] item: Sitrus Berry\n|move|p2a: Hippowdon|Stealth Rock|p1a: Rotom\n|-sidestart|p1: meowstic0+|move: Stealth Rock\n|\n|-weather|Sandstorm|[upkeep]\n|-damage|p1a: Rotom|89/100|[from] Sandstorm\n|-end|p1a: Rotom|move: Yawn|[silent]\n|-status|p1a: Rotom|slp\n|upkeep\n|turn|3\n|\n|t:|1776558793\n|switch|p2a: Charizard|Charizard, L50, M, shiny|100/100\n|cant|p1a: Rotom|slp\n|\n|-weather|Sandstorm|[upkeep]\n|-damage|p1a: Rotom|84/100 slp|[from] Sandstorm\n|-damage|p2a: Charizard|94/100|[from] Sandstorm\n|upkeep\n|turn|4\n|\n|t:|1776558801\n|detailschange|p2a: Charizard|Charizard-Mega-X, L50, M, shiny\n|-mega|p2a: Charizard|Charizard|Charizardite X\n|-curestatus|p1a: Rotom|slp|[msg]\n|move|p1a: Rotom|Hydro Pump|p2a: Charizard|[miss]\n|-miss|p1a: Rotom|p2a: Charizard\n|move|p2a: Charizard|Dragon Dance|p2a: Charizard\n|-boost|p2a: Charizard|atk|1\n|-boost|p2a: Charizard|spe|1\n|\n|-weather|Sandstorm|[upkeep]\n|-damage|p2a: Charizard|88/100|[from] Sandstorm\n|-damage|p1a: Rotom|78/100|[from] Sandstorm\n|upkeep\n|turn|5\n|\n|t:|1776558812\n|move|p2a: Charizard|Dragon Claw|p1a: Rotom\n|-damage|p1a: Rotom|0 fnt\n|faint|p1a: Rotom\n|\n|-weather|none\n|upkeep\n|\n|t:|1776558815\n|switch|p1a: Tyranitar|Tyranitar, L50, F|100/100\n|-damage|p1a: Tyranitar|88/100|[from] Stealth Rock\n|-weather|Sandstorm|[from] ability: Sand Stream|[of] p1a: Tyranitar\n|turn|6\n|\n|t:|1776558829\n|switch|p2a: Mimikyu|Mimikyu, L50, F, shiny|100/100\n|move|p1a: Tyranitar|Stone Edge|p2a: Mimikyu\n|-activate|p2a: Mimikyu|ability: Disguise\n|-damage|p2a: Mimikyu|100/100\n|detailschange|p2a: Mimikyu|Mimikyu-Busted, L50, F, shiny\n|-damage|p2a: Mimikyu|89/100|[from] pokemon: Mimikyu-Busted\n|\n|-weather|Sandstorm|[upkeep]\n|-damage|p2a: Mimikyu|83/100|[from] Sandstorm\n|upkeep\n|turn|7\n|\n|t:|1776558836\n|move|p2a: Mimikyu|Drain Punch|p1a: Tyranitar\n|-supereffective|p1a: Tyranitar|2\n|-damage|p1a: Tyranitar|21/100\n|-heal|p2a: Mimikyu|100/100|[from] drain|[of] p1a: Tyranitar\n|move|p1a: Tyranitar|Stone Edge|p2a: Mimikyu\n|-damage|p2a: Mimikyu|36/100\n|\n|-weather|Sandstorm|[upkeep]\n|-damage|p2a: Mimikyu|31/100|[from] Sandstorm\n|upkeep\n|turn|8\n|\n|t:|1776558844\n|move|p2a: Mimikyu|Drain Punch|p1a: Tyranitar\n|-supereffective|p1a: Tyranitar|2\n|-damage|p1a: Tyranitar|0 fnt\n|-heal|p2a: Mimikyu|44/100|[from] drain|[of] p1a: Tyranitar\n|faint|p1a: Tyranitar\n|\n|-weather|Sandstorm|[upkeep]\n|-damage|p2a: Mimikyu|38/100|[from] Sandstorm\n|upkeep\n|-message|meowstic0+ forfeited.\n|\n|win|alswnsjsid\n|raw|meowstic0+'s rating: 1301 &rarr; <strong>1287</strong><br />(-14 for losing)\n|raw|alswnsjsid's rating: 1404 &rarr; <strong>1418</strong><br />(+14 for winning)\n|l|\u2606alswnsjsid\n|player|p2|\n|l|\u2606meowstic0+\n|player|p1|\n",
  "uploadtime": 1776558880,
  "views": 2,
  "formatid": "gen9championsbssregma",
  "rating": 1287,
  "private": 0,
  "password": null
}