{
  "id": "gen9championsbssregma-2582106135",
  "format": "[Gen 9 Champions] BSS Reg M-A",
  "players": [
    "fizzwizz2109",
    "dr_poopie64"
  ],
  "log": "|j|\u2606fizzwizz2109\n|j|\u203ddr_poopie64\n|t:|1776058636\n|gametype|singles\n|player|p1|fizzwizz2109|101|1151\n|player|p2|dr_poopie64|drayden|1231\n|gen|9\n|tier|[Gen 9 Champions] BSS Reg M-A\n|rated|\n|rule|Species Clause: Limit one of each Pok\u00e9mon\n|rule|Item Clause: Limit 1 of each item\n|clearpoke\n|poke|p1|Garchomp, L50, F|\n|poke|p1|Skeledirge, L50, M|\n|poke|p1|Sneasler, L50, F|\n|poke|p1|Araquanid, L50, M|\n|poke|p1|Meowscarada, L50, F|\n|poke|p1|Aegislash, L50, F|\n|poke|p2|Chandelure, L50, M|\n|poke|p2|Toucannon, L50, M|\n|poke|p2|Hippowdon, L50, F|\n|poke|p2|Primarina, L50, F|\n|poke|p2|Sneasler, L50, F|\n|poke|p2|Hydreigon, L50, M|\n|teampreview|3\n|inactive|Battle timer is ON: inactive players will automatically lose when time's up. (requested by fizzwizz2109)\n|\n|t:|1776058654\n|teamsize|p1|3\n|teamsize|p2|3\n|start\n|switch|p1a: Meowscarada|Meowscarada, L50, F|100/100\n|switch|p2a: Toucannon|Toucannon, L50, M, shiny|100/100\n|turn|1\n|\n|t:|1776058659\n|-singleturn|p2a: Toucannon|move: Beak Blast\n|move|p1a: Meowscarada|Triple Axel|p2a: Toucannon\n|-start|p1a: Meowscarada|typechange|Ice|[from] ability: Protean\n|-supereffective|p2a: Toucannon|1\n|-damage|p2a: Toucannon|72/100\n|-status|p1a: Meowscarada|brn\n|-supereffective|p2a: Toucannon|1\n|-damage|p2a: Toucannon|42/100\n|-supereffective|p2a: Toucannon|1\n|-damage|p2a: Toucannon|0 fnt\n|faint|p2a: Toucannon\n|-hitcount|p2: Toucannon|3\n|\n|-damage|p1a: Meowscarada|95/100 brn|[from] brn\n|upkeep\n|\n|t:|1776058664\n|switch|p2a: Sneasler|Sneasler, L50, F|100/100\n|turn|2\n|\n|t:|1776058674\n|switch|p1a: Araquanid|Araquanid, L50, M|100/100\n|move|p2a: Sneasler|Close Combat|p1a: Araquanid\n|-resisted|p1a: Araquanid|1\n|-damage|p1a: Araquanid|64/100\n|-unboost|p2a: Sneasler|def|1\n|-unboost|p2a: Sneasler|spd|1\n|-enditem|p2a: Sneasler|White Herb\n|-clearnegativeboost|p2a: Sneasler|[silent]\n|\n|upkeep\n|turn|3\n|j| p74\n|\n|t:|1776058687\n|move|p2a: Sneasler|Acrobatics|p1a: Araquanid\n|-supereffective|p1a: Araquanid|1\n|-damage|p1a: Araquanid|0 fnt\n|faint|p1a: Araquanid\n|\n|upkeep\n|\n|t:|1776058692\n|switch|p1a: Sneasler|Sneasler, L50, F|100/100\n|turn|4\n|\n|t:|1776058694\n|move|p2a: Sneasler|Acrobatics|p1a: Sneasler\n|-supereffective|p1a: Sneasler|1\n|-enditem|p1a: Sneasler|Focus Sash\n|-damage|p1a: Sneasler|1/100\n|move|p1a: Sneasler|Swords Dance|p1a: Sneasler\n|-boost|p1a: Sneasler|atk|2\n|\n|upkeep\n|turn|5\n|\n|t:|1776058702\n|move|p1a: Sneasler|Acrobatics|p2a: Sneasler\n|-supereffective|p2a: Sneasler|1\n|-damage|p2a: Sneasler|0 fnt\n|faint|p2a: Sneasler\n|\n|upkeep\n|\n|t:|1776058704\n|switch|p2a: Hippowdon|Hippowdon, L50, F|100/100\n|-weather|Sandstorm|[from] ability: Sand Stream|[of] p2a: Hippowdon\n|turn|6\n|\n|t:|1776058711\n|move|p1a: Sneasler|Close Combat|p2a: Hippowdon\n|-damage|p2a: Hippowdon|25/100\n|-unboost|p1a: Sneasler|def|1\n|-unboost|p1a: Sneasler|spd|1\n|move|p2a: Hippowdon|Stealth Rock|p1a: Sneasler\n|-sidestart|p1: fizzwizz2109|move: Stealth Rock\n|\n|-weather|Sandstorm|[upkeep]\n|-damage|p1a: Sneasler|0 fnt|[from] Sandstorm\n|faint|p1a: Sneasler\n|-heal|p2a: Hippowdon|31/100|[from] item: Leftovers\n|upkeep\n|\n|t:|1776058715\n|switch|p1a: Meowscarada|Meowscarada, L50, F|95/100 brn\n|-damage|p1a: Meowscarada|83/100 brn|[from] Stealth Rock\n|turn|7\n|\n|t:|1776058717\n|move|p1a: Meowscarada|Flower Trick|p2a: Hippowdon\n|-start|p1a: Meowscarada|typechange|Grass|[from] ability: Protean\n|-supereffective|p2a: Hippowdon|1\n|-crit|p2a: Hippowdon\n|-damage|p2a: Hippowdon|3/100\n|move|p2a: Hippowdon|Yawn||[still]\n|-fail|p2a: Hippowdon\n|\n|-weather|Sandstorm|[upkeep]\n|-damage|p1a: Meowscarada|77/100 brn|[from] Sandstorm\n|-heal|p2a: Hippowdon|9/100|[from] item: Leftovers\n|-damage|p1a: Meowscarada|71/100 brn|[from] brn\n|upkeep\n|turn|8\n|-message|dr_poopie64 forfeited.\n|\n|win|fizzwizz2109\n|raw|fizzwizz2109's rating: 1151 &rarr; <strong>1182</strong><br />(+31 for winning)\n|raw|dr_poopie64's rating: 1231 &rarr; <strong>1200</strong><br />(-31 for losing)\n|l|\u203ddr_poopie64\n|player|p2|\n",
  "uploadtime": 1776058784,
  "views": 3,
  "formatid": "gen9championsbssregma",
  "rating": 1182,
  "private": 0,
  "password": null
}