{
  "id": "gen9championsbssregma-2582084973",
  "format": "[Gen 9 Champions] BSS Reg M-A",
  "players": [
    "Tdit The Dwarf",
    "Allbiz"
  ],
  "log": "|j|\u2606Tdit The Dwarf\n|j|\u2606Allbiz\n|t:|1776055956\n|gametype|singles\n|player|p1|Tdit The Dwarf|petrel|1161\n|player|p2|Allbiz|blue|1344\n|gen|9\n|tier|[Gen 9 Champions] BSS Reg M-A\n|rated|\n|rule|Species Clause: Limit one of each Pok\u00e9mon\n|rule|Item Clause: Limit 1 of each item\n|clearpoke\n|poke|p1|Charizard, L50, M|\n|poke|p1|Ditto, L50|\n|poke|p1|Blastoise, L50, M|\n|poke|p1|Espathra, L50, F|\n|poke|p1|Rotom-Wash, L50|\n|poke|p1|Aegislash, L50, F|\n|poke|p2|Garchomp, L50, M|\n|poke|p2|Floette-Eternal, L50, F|\n|poke|p2|Polteageist, L50|\n|poke|p2|Clefable, L50, M|\n|poke|p2|Archaludon, L50, M|\n|poke|p2|Beedrill, L50, M|\n|teampreview|3\n|\n|t:|1776055967\n|teamsize|p1|3\n|teamsize|p2|3\n|start\n|switch|p1a: Blastoise|Blastoise, L50, M|100/100\n|switch|p2a: Archaludon|Archaludon, L50, M, shiny|100/100\n|turn|1\n|\n|t:|1776055975\n|detailschange|p1a: Blastoise|Blastoise-Mega, L50, M\n|-mega|p1a: Blastoise|Blastoise|Blastoisinite\n|move|p1a: Blastoise|Shell Smash|p1a: Blastoise\n|-unboost|p1a: Blastoise|def|1\n|-unboost|p1a: Blastoise|spd|1\n|-boost|p1a: Blastoise|atk|2\n|-boost|p1a: Blastoise|spa|2\n|-boost|p1a: Blastoise|spe|2\n|move|p2a: Archaludon|Thunder Wave|p1a: Blastoise|[miss]\n|-miss|p2a: Archaludon|p1a: Blastoise\n|\n|upkeep\n|turn|2\n|\n|t:|1776055985\n|move|p1a: Blastoise|Aura Sphere|p2a: Archaludon\n|-supereffective|p2a: Archaludon|1\n|-damage|p2a: Archaludon|0 fnt\n|faint|p2a: Archaludon\n|\n|upkeep\n|\n|t:|1776055993\n|switch|p2a: Clefable|Clefable, L50, M, shiny|100/100\n|turn|3\n|\n|t:|1776055997\n|move|p1a: Blastoise|Surf|p2a: Clefable\n|-damage|p2a: Clefable|56/100\n|move|p2a: Clefable|Cosmic Power|p2a: Clefable\n|-boost|p2a: Clefable|def|1\n|-boost|p2a: Clefable|spd|1\n|\n|-heal|p2a: Clefable|62/100|[from] item: Leftovers\n|upkeep\n|turn|4\n|\n|t:|1776056006\n|move|p1a: Blastoise|Ice Beam|p2a: Clefable\n|-damage|p2a: Clefable|44/100\n|move|p2a: Clefable|Moonlight|p2a: Clefable\n|-heal|p2a: Clefable|94/100\n|\n|-heal|p2a: Clefable|99/100|[from] item: Leftovers\n|upkeep\n|turn|5\n|\n|t:|1776056014\n|switch|p1a: Aegislash|Aegislash, L50, F|100/100\n|move|p2a: Clefable|Cosmic Power|p2a: Clefable\n|-boost|p2a: Clefable|def|1\n|-boost|p2a: Clefable|spd|1\n|\n|-heal|p2a: Clefable|100/100|[from] item: Leftovers\n|upkeep\n|turn|6\n|\n|t:|1776056023\n|-formechange|p1a: Aegislash|Aegislash-Blade|\n|move|p1a: Aegislash|Flash Cannon|p2a: Clefable\n|-supereffective|p2a: Clefable|1\n|-damage|p2a: Clefable|64/100\n|move|p2a: Clefable|Cosmic Power|p2a: Clefable\n|-boost|p2a: Clefable|def|1\n|-boost|p2a: Clefable|spd|1\n|\n|-heal|p2a: Clefable|70/100|[from] item: Leftovers\n|upkeep\n|turn|7\n|\n|t:|1776056033\n|move|p2a: Clefable|Cosmic Power|p2a: Clefable\n|-boost|p2a: Clefable|def|1\n|-boost|p2a: Clefable|spd|1\n|move|p1a: Aegislash|Flash Cannon|p2a: Clefable\n|-supereffective|p2a: Clefable|1\n|-damage|p2a: Clefable|46/100\n|\n|-heal|p2a: Clefable|52/100|[from] item: Leftovers\n|upkeep\n|turn|8\n|\n|t:|1776056042\n|move|p2a: Clefable|Moonlight|p2a: Clefable\n|-heal|p2a: Clefable|100/100\n|move|p1a: Aegislash|Flash Cannon|p2a: Clefable\n|-supereffective|p2a: Clefable|1\n|-damage|p2a: Clefable|76/100\n|\n|-heal|p2a: Clefable|82/100|[from] item: Leftovers\n|upkeep\n|turn|9\n|\n|t:|1776056051\n|-formechange|p1a: Aegislash|Aegislash|\n|move|p1a: Aegislash|King's Shield|p1a: Aegislash\n|-singleturn|p1a: Aegislash|Protect\n|move|p2a: Clefable|Charge Beam|p1a: Aegislash\n|-activate|p1a: Aegislash|move: Protect\n|\n|-heal|p2a: Clefable|88/100|[from] item: Leftovers\n|upkeep\n|turn|10\n|\n|t:|1776056062\n|-formechange|p1a: Aegislash|Aegislash-Blade|\n|move|p1a: Aegislash|Flash Cannon|p2a: Clefable\n|-supereffective|p2a: Clefable|1\n|-damage|p2a: Clefable|63/100\n|move|p2a: Clefable|Cosmic Power|p2a: Clefable\n|-boost|p2a: Clefable|def|1\n|-boost|p2a: Clefable|spd|1\n|\n|-heal|p2a: Clefable|69/100|[from] item: Leftovers\n|upkeep\n|turn|11\n|\n|t:|1776056073\n|-formechange|p1a: Aegislash|Aegislash|\n|move|p1a: Aegislash|King's Shield|p1a: Aegislash\n|-singleturn|p1a: Aegislash|Protect\n|move|p2a: Clefable|Charge Beam|p1a: Aegislash\n|-activate|p1a: Aegislash|move: Protect\n|\n|-heal|p2a: Clefable|75/100|[from] item: Leftovers\n|upkeep\n|turn|12\n|\n|t:|1776056082\n|-formechange|p1a: Aegislash|Aegislash-Blade|\n|move|p1a: Aegislash|Flash Cannon|p2a: Clefable\n|-supereffective|p2a: Clefable|1\n|-damage|p2a: Clefable|54/100\n|move|p2a: Clefable|Charge Beam|p1a: Aegislash\n|-damage|p1a: Aegislash|81/100\n|-boost|p2a: Clefable|spa|1\n|\n|-heal|p2a: Clefable|60/100|[from] item: Leftovers\n|-heal|p1a: Aegislash|87/100|[from] item: Leftovers\n|upkeep\n|turn|13\n|\n|t:|1776056093\n|move|p2a: Clefable|Moonlight|p2a: Clefable\n|-heal|p2a: Clefable|100/100\n|move|p1a: Aegislash|Flash Cannon|p2a: Clefable\n|-supereffective|p2a: Clefable|1\n|-damage|p2a: Clefable|77/100\n|\n|-heal|p2a: Clefable|83/100|[from] item: Leftovers\n|-heal|p1a: Aegislash|93/100|[from] item: Leftovers\n|upkeep\n|turn|14\n|\n|t:|1776056102\n|move|p2a: Clefable|Charge Beam|p1a: Aegislash\n|-damage|p1a: Aegislash|60/100\n|-boost|p2a: Clefable|spa|1\n|move|p1a: Aegislash|Flash Cannon|p2a: Clefable\n|-supereffective|p2a: Clefable|1\n|-damage|p2a: Clefable|61/100\n|\n|-heal|p1a: Aegislash|66/100|[from] item: Leftovers\n|-heal|p2a: Clefable|67/100|[from] item: Leftovers\n|upkeep\n|turn|15\n|\n|t:|1776056112\n|-formechange|p1a: Aegislash|Aegislash|\n|move|p1a: Aegislash|King's Shield|p1a: Aegislash\n|-singleturn|p1a: Aegislash|Protect\n|move|p2a: Clefable|Charge Beam|p1a: Aegislash\n|-activate|p1a: Aegislash|move: Protect\n|\n|-heal|p1a: Aegislash|72/100|[from] item: Leftovers\n|-heal|p2a: Clefable|73/100|[from] item: Leftovers\n|upkeep\n|turn|16\n|\n|t:|1776056121\n|move|p2a: Clefable|Charge Beam|p1a: Aegislash|[miss]\n|-miss|p2a: Clefable|p1a: Aegislash\n|-formechange|p1a: Aegislash|Aegislash-Blade|\n|move|p1a: Aegislash|Shadow Ball|p2a: Clefable\n|-damage|p2a: Clefable|62/100\n|\n|-heal|p1a: Aegislash|78/100|[from] item: Leftovers\n|-heal|p2a: Clefable|68/100|[from] item: Leftovers\n|upkeep\n|turn|17\n|\n|t:|1776056131\n|-formechange|p1a: Aegislash|Aegislash|\n|move|p1a: Aegislash|King's Shield|p1a: Aegislash\n|-singleturn|p1a: Aegislash|Protect\n|move|p2a: Clefable|Charge Beam|p1a: Aegislash\n|-activate|p1a: Aegislash|move: Protect\n|\n|-heal|p1a: Aegislash|84/100|[from] item: Leftovers\n|-heal|p2a: Clefable|74/100|[from] item: Leftovers\n|upkeep\n|turn|18\n|\n|t:|1776056140\n|move|p2a: Clefable|Charge Beam|p1a: Aegislash|[miss]\n|-miss|p2a: Clefable|p1a: Aegislash\n|-formechange|p1a: Aegislash|Aegislash-Blade|\n|move|p1a: Aegislash|Flash Cannon|p2a: Clefable\n|-supereffective|p2a: Clefable|1\n|-damage|p2a: Clefable|53/100\n|\n|-heal|p2a: Clefable|59/100|[from] item: Leftovers\n|-heal|p1a: Aegislash|90/100|[from] item: Leftovers\n|upkeep\n|turn|19\n|\n|t:|1776056149\n|move|p2a: Clefable|Cosmic Power|p2a: Clefable\n|-boost|p2a: Clefable|def|1\n|-boost|p2a: Clefable|spd|1\n|move|p1a: Aegislash|Flash Cannon|p2a: Clefable\n|-supereffective|p2a: Clefable|1\n|-damage|p2a: Clefable|42/100\n|\n|-heal|p2a: Clefable|48/100|[from] item: Leftovers\n|-heal|p1a: Aegislash|96/100|[from] item: Leftovers\n|upkeep\n|turn|20\n|\n|t:|1776056159\n|move|p1a: Aegislash|Flash Cannon|p2a: Clefable\n|-supereffective|p2a: Clefable|1\n|-damage|p2a: Clefable|27/100\n|move|p2a: Clefable|Moonlight|p2a: Clefable\n|-heal|p2a: Clefable|77/100\n|\n|-heal|p1a: Aegislash|100/100|[from] item: Leftovers\n|-heal|p2a: Clefable|83/100|[from] item: Leftovers\n|upkeep\n|turn|21\n|\n|t:|1776056168\n|-formechange|p1a: Aegislash|Aegislash|\n|move|p1a: Aegislash|King's Shield|p1a: Aegislash\n|-singleturn|p1a: Aegislash|Protect\n|move|p2a: Clefable|Charge Beam|p1a: Aegislash\n|-activate|p1a: Aegislash|move: Protect\n|\n|-heal|p2a: Clefable|89/100|[from] item: Leftovers\n|upkeep\n|turn|22\n|j| p74\n|\n|t:|1776056177\n|move|p2a: Clefable|Charge Beam|p1a: Aegislash|[miss]\n|-miss|p2a: Clefable|p1a: Aegislash\n|-formechange|p1a: Aegislash|Aegislash-Blade|\n|move|p1a: Aegislash|Shadow Ball|p2a: Clefable\n|-damage|p2a: Clefable|79/100\n|-unboost|p2a: Clefable|spd|1\n|\n|-heal|p2a: Clefable|85/100|[from] item: Leftovers\n|upkeep\n|turn|23\n|\n|t:|1776056187\n|move|p2a: Clefable|Moonlight|p2a: Clefable\n|-heal|p2a: Clefable|100/100\n|move|p1a: Aegislash|Shadow Ball|p2a: Clefable\n|-damage|p2a: Clefable|89/100\n|\n|-heal|p2a: Clefable|95/100|[from] item: Leftovers\n|upkeep\n|turn|24\n|\n|t:|1776056196\n|move|p1a: Aegislash|Shadow Ball|p2a: Clefable\n|-damage|p2a: Clefable|84/100\n|move|p2a: Clefable|Moonblast|p1a: Aegislash\n|-resisted|p1a: Aegislash|1\n|-damage|p1a: Aegislash|45/100\n|\n|-heal|p2a: Clefable|90/100|[from] item: Leftovers\n|-heal|p1a: Aegislash|51/100|[from] item: Leftovers\n|upkeep\n|turn|25\n|\n|t:|1776056206\n|-formechange|p1a: Aegislash|Aegislash|\n|move|p1a: Aegislash|King's Shield|p1a: Aegislash\n|-singleturn|p1a: Aegislash|Protect\n|move|p2a: Clefable|Moonblast|p1a: Aegislash\n|-activate|p1a: Aegislash|move: Protect\n|\n|-heal|p2a: Clefable|96/100|[from] item: Leftovers\n|-heal|p1a: Aegislash|57/100|[from] item: Leftovers\n|upkeep\n|turn|26\n|inactive|Battle timer is ON: inactive players will automatically lose when time's up. (requested by Allbiz)\n|\n|t:|1776056229\n|move|p2a: Clefable|Charge Beam|p1a: Aegislash\n|-damage|p1a: Aegislash|37/100\n|-boost|p2a: Clefable|spa|1\n|-formechange|p1a: Aegislash|Aegislash-Blade|\n|move|p1a: Aegislash|Flash Cannon|p2a: Clefable\n|-supereffective|p2a: Clefable|1\n|-crit|p2a: Clefable\n|-damage|p2a: Clefable|0 fnt\n|faint|p2a: Clefable\n|\n|-heal|p1a: Aegislash|43/100|[from] item: Leftovers\n|upkeep\n|\n|t:|1776056240\n|switch|p2a: Beedrill|Beedrill, L50, M, shiny|100/100\n|turn|27\n|c|\u2606Tdit The Dwarf|OMG THAT WAS FOR SPONGE BOB!\n|\n|t:|1776056252\n|detailschange|p2a: Beedrill|Beedrill-Mega, L50, M, shiny\n|-mega|p2a: Beedrill|Beedrill|Beedrillite\n|-formechange|p1a: Aegislash|Aegislash|\n|move|p1a: Aegislash|King's Shield|p1a: Aegislash\n|-singleturn|p1a: Aegislash|Protect\n|move|p2a: Beedrill|Drill Run|p1a: Aegislash\n|-activate|p1a: Aegislash|move: Protect\n|-unboost|p2a: Beedrill|atk|1\n|\n|-heal|p1a: Aegislash|49/100|[from] item: Leftovers\n|upkeep\n|turn|28\n|\n|t:|1776056264\n|move|p2a: Beedrill|Drill Run|p1a: Aegislash\n|-supereffective|p1a: Aegislash|1\n|-damage|p1a: Aegislash|15/100\n|-formechange|p1a: Aegislash|Aegislash-Blade|\n|move|p1a: Aegislash|Flash Cannon|p2a: Beedrill\n|-damage|p2a: Beedrill|27/100\n|\n|-heal|p1a: Aegislash|21/100|[from] item: Leftovers\n|upkeep\n|turn|29\n|l| p74\n|-message|Allbiz forfeited.\n|\n|win|Tdit The Dwarf\n|raw|Tdit The Dwarf's rating: 1161 &rarr; <strong>1198</strong><br />(+37 for winning)\n|raw|Allbiz's rating: 1344 &rarr; <strong>1314</strong><br />(-30 for losing)\n|l|\u2606Allbiz\n|player|p2|\n",
  "uploadtime": 1776056276,
  "views": 6,
  "formatid": "gen9championsbssregma",
  "rating": 1198,
  "private": 0,
  "password": null
}