{
  "id": "gen9championsbssregma-2587113038",
  "format": "[Gen 9 Champions] BSS Reg M-A",
  "players": [
    "hijanu",
    "Awin9995"
  ],
  "log": "|j|\u2606hijanu\n|j|\u2606Awin9995\n|t:|1776495215\n|gametype|singles\n|player|p1|hijanu|lucas-gen4pt|1115\n|player|p2|Awin9995|depotagent|1069\n|gen|9\n|tier|[Gen 9 Champions] BSS Reg M-A\n|rated|\n|rule|Species Clause: Limit one of each Pok\u00e9mon\n|rule|Item Clause: Limit 1 of each item\n|clearpoke\n|poke|p1|Corviknight, L50, F|\n|poke|p1|Furfrou, L50, M|\n|poke|p1|Ceruledge, L50, F|\n|poke|p1|Hawlucha, L50, F|\n|poke|p1|Rotom-Wash, L50|\n|poke|p1|Torterra, L50, M|\n|poke|p2|Beedrill, L50, F|\n|poke|p2|Tyranitar, L50, F|\n|poke|p2|Toxapex, L50, M|\n|poke|p2|Skarmory, L50, F|\n|poke|p2|Krookodile, L50, F|\n|poke|p2|Gardevoir, L50, F|\n|teampreview|3\n|inactive|Battle timer is ON: inactive players will automatically lose when time's up. (requested by Awin9995)\n|inactive|Awin9995 has 60 seconds left.\n|\n|t:|1776495255\n|teamsize|p1|3\n|teamsize|p2|3\n|start\n|switch|p1a: Rotom|Rotom-Wash, L50|100/100\n|switch|p2a: Beedrill|Beedrill, L50, F|100/100\n|turn|1\n|\n|t:|1776495266\n|detailschange|p2a: Beedrill|Beedrill-Mega, L50, F\n|-mega|p2a: Beedrill|Beedrill|Beedrillite\n|move|p2a: Beedrill|Poison Jab|p1a: Rotom\n|-damage|p1a: Rotom|11/100\n|-enditem|p1a: Rotom|Sitrus Berry|[eat]\n|-heal|p1a: Rotom|36/100|[from] item: Sitrus Berry\n|move|p1a: Rotom|Will-O-Wisp|p2a: Beedrill\n|-status|p2a: Beedrill|brn\n|\n|-damage|p2a: Beedrill|95/100 brn|[from] brn\n|upkeep\n|turn|2\n|\n|t:|1776495278\n|move|p2a: Beedrill|Poison Jab|p1a: Rotom\n|-damage|p1a: Rotom|0 fnt\n|faint|p1a: Rotom\n|\n|-damage|p2a: Beedrill|89/100 brn|[from] brn\n|upkeep\n|\n|t:|1776495283\n|switch|p1a: Ceruledge|Ceruledge, L50, F|100/100\n|turn|3\n|\n|t:|1776495288\n|move|p2a: Beedrill|Drill Run|p1a: Ceruledge\n|-supereffective|p1a: Ceruledge|1\n|-damage|p1a: Ceruledge|66/100\n|-ability|p1a: Ceruledge|Weak Armor|boost\n|-unboost|p1a: Ceruledge|def|1\n|-boost|p1a: Ceruledge|spe|2\n|move|p1a: Ceruledge|Swords Dance|p1a: Ceruledge\n|-boost|p1a: Ceruledge|atk|2\n|\n|-damage|p2a: Beedrill|83/100 brn|[from] brn\n|upkeep\n|turn|4\n|\n|t:|1776495301\n|move|p2a: Beedrill|Drill Run|p1a: Ceruledge\n|-supereffective|p1a: Ceruledge|1\n|-damage|p1a: Ceruledge|10/100\n|-ability|p1a: Ceruledge|Weak Armor|boost\n|-unboost|p1a: Ceruledge|def|1\n|-boost|p1a: Ceruledge|spe|2\n|move|p1a: Ceruledge|Bitter Blade|p2a: Beedrill\n|-supereffective|p2a: Beedrill|1\n|-damage|p2a: Beedrill|0 fnt\n|-heal|p1a: Ceruledge|42/100|[from] drain|[of] p2a: Beedrill\n|faint|p2a: Beedrill\n|\n|upkeep\n|\n|t:|1776495309\n|switch|p2a: Tyranitar|Tyranitar, L50, F|100/100\n|-weather|Sandstorm|[from] ability: Sand Stream|[of] p2a: Tyranitar\n|turn|5\n|\n|t:|1776495317\n|move|p1a: Ceruledge|Iron Head|p2a: Tyranitar\n|-supereffective|p2a: Tyranitar|1\n|-damage|p2a: Tyranitar|7/100\n|move|p2a: Tyranitar|Crunch|p1a: Ceruledge\n|-supereffective|p1a: Ceruledge|1\n|-damage|p1a: Ceruledge|0 fnt\n|faint|p1a: Ceruledge\n|\n|-weather|Sandstorm|[upkeep]\n|upkeep\n|\n|t:|1776495324\n|switch|p1a: Torterra|Torterra, L50, M|100/100\n|turn|6\n|\n|t:|1776495337\n|move|p1a: Torterra|Shell Smash|p1a: Torterra\n|-unboost|p1a: Torterra|def|1\n|-unboost|p1a: Torterra|spd|1\n|-boost|p1a: Torterra|atk|2\n|-boost|p1a: Torterra|spa|2\n|-boost|p1a: Torterra|spe|2\n|move|p2a: Tyranitar|Crunch|p1a: Torterra\n|-damage|p1a: Torterra|32/100\n|\n|-weather|Sandstorm|[upkeep]\n|upkeep\n|turn|7\n|\n|t:|1776495346\n|move|p1a: Torterra|Headlong Rush|p2a: Tyranitar\n|-supereffective|p2a: Tyranitar|1\n|-damage|p2a: Tyranitar|0 fnt\n|-unboost|p1a: Torterra|def|1\n|-unboost|p1a: Torterra|spd|1\n|faint|p2a: Tyranitar\n|\n|-weather|Sandstorm|[upkeep]\n|upkeep\n|\n|t:|1776495348\n|switch|p2a: Gardevoir|Gardevoir, L50, F|100/100\n|-ability|p2a: Gardevoir|Overgrow|Trace|[from] ability: Trace|[of] p1a: Torterra\n|turn|8\n|c|\u2606Awin9995|gg\n|\n|t:|1776495357\n|move|p1a: Torterra|Wood Hammer|p2a: Gardevoir\n|-damage|p2a: Gardevoir|0 fnt\n|faint|p2a: Gardevoir\n|-damage|p1a: Torterra|3/100|[from] Recoil\n|\n|win|hijanu\n|raw|hijanu's rating: 1115 &rarr; <strong>1137</strong><br />(+22 for winning)\n|raw|Awin9995's rating: 1069 &rarr; <strong>1051</strong><br />(-18 for losing)\n|l|\u2606Awin9995\n|player|p2|\n",
  "uploadtime": 1776495363,
  "views": 6,
  "formatid": "gen9championsbssregma",
  "rating": 1051,
  "private": 0,
  "password": null
}