{
  "id": "gen9championsbssregma-2583183215",
  "format": "[Gen 9 Champions] BSS Reg M-A",
  "players": [
    "3gege",
    "Giant Gengar"
  ],
  "log": "|j|\u26063gege\n|j|\u2606Giant Gengar\n|t:|1776152049\n|gametype|singles\n|player|p1|3gege|169|1357\n|player|p2|Giant Gengar|265|1454\n|gen|9\n|tier|[Gen 9 Champions] BSS Reg M-A\n|rated|\n|rule|Species Clause: Limit one of each Pok\u00e9mon\n|rule|Item Clause: Limit 1 of each item\n|clearpoke\n|poke|p1|Gyarados, L50, M|\n|poke|p1|Gengar, L50, M|\n|poke|p1|Primarina, L50, F|\n|poke|p1|Glimmora, L50, F|\n|poke|p1|Kingambit, L50, M|\n|poke|p1|Arcanine, L50, F|\n|poke|p2|Venusaur, L50, M|\n|poke|p2|Skarmory, L50, F|\n|poke|p2|Rotom-Heat, L50|\n|poke|p2|Meowscarada, L50, M|\n|poke|p2|Garchomp, L50, M|\n|poke|p2|Ceruledge, L50, M|\n|teampreview|3\n|c|\u26063gege|0-0\n|c|\u2606Giant Gengar|hi\n|c|\u26063gege|\u597d\u5bb6\u4f19\n|\n|t:|1776152092\n|teamsize|p1|3\n|teamsize|p2|3\n|start\n|switch|p1a: Glimmora|Glimmora, L50, F|100/100\n|switch|p2a: Venusaur|Venusaur, L50, M|100/100\n|turn|1\n|\n|t:|1776152096\n|detailschange|p2a: Venusaur|Venusaur-Mega, L50, M\n|-mega|p2a: Venusaur|Venusaur|Venusaurite\n|move|p1a: Glimmora|Stealth Rock|p2a: Venusaur\n|-sidestart|p2: Giant Gengar|move: Stealth Rock\n|move|p2a: Venusaur|Earth Power|p1a: Glimmora\n|-supereffective|p1a: Glimmora|2\n|-enditem|p1a: Glimmora|Focus Sash\n|-damage|p1a: Glimmora|1/100\n|-unboost|p1a: Glimmora|spd|1\n|\n|upkeep\n|turn|2\n|\n|t:|1776152100\n|move|p1a: Glimmora|Sludge Wave|p2a: Venusaur\n|-damage|p2a: Venusaur|69/100\n|move|p2a: Venusaur|Leech Seed|p1a: Glimmora\n|-start|p1a: Glimmora|move: Leech Seed\n|\n|-damage|p1a: Glimmora|0 fnt|[from] Leech Seed|[of] p2a: Venusaur\n|-heal|p2a: Venusaur|70/100|[silent]\n|faint|p1a: Glimmora\n|upkeep\n|\n|t:|1776152104\n|switch|p1a: Arcanine|Arcanine, L50, F|100/100\n|-ability|p1a: Arcanine|Intimidate|boost\n|-unboost|p2a: Venusaur|atk|1\n|turn|3\n|\n|t:|1776152109\n|move|p1a: Arcanine|Will-O-Wisp|p2a: Venusaur\n|-status|p2a: Venusaur|brn\n|move|p2a: Venusaur|Synthesis|p2a: Venusaur\n|-heal|p2a: Venusaur|100/100 brn\n|\n|-damage|p2a: Venusaur|95/100 brn|[from] brn\n|upkeep\n|turn|4\n|\n|t:|1776152118\n|move|p1a: Arcanine|Flare Blitz|p2a: Venusaur\n|-supereffective|p2a: Venusaur|1\n|-crit|p2a: Venusaur\n|-damage|p2a: Venusaur|36/100 brn\n|-damage|p1a: Arcanine|82/100|[from] Recoil\n|move|p2a: Venusaur|Leech Seed|p1a: Arcanine\n|-start|p1a: Arcanine|move: Leech Seed\n|\n|-heal|p1a: Arcanine|88/100|[from] item: Leftovers\n|-damage|p1a: Arcanine|76/100|[from] Leech Seed|[of] p2a: Venusaur\n|-heal|p2a: Venusaur|49/100 brn|[silent]\n|-damage|p2a: Venusaur|43/100 brn|[from] brn\n|upkeep\n|turn|5\n|\n|t:|1776152124\n|switch|p1a: Gyarados|Gyarados, L50, M|100/100\n|-ability|p1a: Gyarados|Intimidate|boost\n|-unboost|p2a: Venusaur|atk|1\n|move|p2a: Venusaur|Synthesis|p2a: Venusaur\n|-heal|p2a: Venusaur|92/100 brn\n|\n|-damage|p2a: Venusaur|87/100 brn|[from] brn\n|upkeep\n|turn|6\n|\n|t:|1776152136\n|move|p1a: Gyarados|Dragon Dance|p1a: Gyarados\n|-boost|p1a: Gyarados|atk|1\n|-boost|p1a: Gyarados|spe|1\n|move|p2a: Venusaur|Leech Seed|p1a: Gyarados\n|-start|p1a: Gyarados|move: Leech Seed\n|\n|-damage|p1a: Gyarados|88/100|[from] Leech Seed|[of] p2a: Venusaur\n|-heal|p2a: Venusaur|98/100 brn|[silent]\n|-damage|p2a: Venusaur|92/100 brn|[from] brn\n|upkeep\n|turn|7\n|\n|t:|1776152146\n|move|p1a: Gyarados|Dragon Dance|p1a: Gyarados\n|-boost|p1a: Gyarados|atk|1\n|-boost|p1a: Gyarados|spe|1\n|move|p2a: Venusaur|Sludge Bomb|p1a: Gyarados\n|-damage|p1a: Gyarados|52/100\n|\n|-damage|p1a: Gyarados|40/100|[from] Leech Seed|[of] p2a: Venusaur\n|-heal|p2a: Venusaur|100/100 brn|[silent]\n|-damage|p2a: Venusaur|95/100 brn|[from] brn\n|upkeep\n|turn|8\n|\n|t:|1776152161\n|switch|p2a: Meowscarada|Meowscarada, L50, M|100/100\n|-damage|p2a: Meowscarada|89/100|[from] Stealth Rock\n|detailschange|p1a: Gyarados|Gyarados-Mega, L50, M\n|-mega|p1a: Gyarados|Gyarados|Gyaradosite\n|-ability|p1a: Gyarados|Mold Breaker\n|move|p1a: Gyarados|Ice Fang|p2a: Meowscarada\n|-supereffective|p2a: Meowscarada|1\n|-damage|p2a: Meowscarada|0 fnt\n|faint|p2a: Meowscarada\n|\n|upkeep\n|j| p74\n|\n|t:|1776152167\n|switch|p2a: Venusaur|Venusaur-Mega, L50, M|95/100 brn\n|-damage|p2a: Venusaur|82/100 brn|[from] Stealth Rock\n|turn|9\n|\n|t:|1776152173\n|move|p1a: Gyarados|Ice Fang|p2a: Venusaur\n|-supereffective|p2a: Venusaur|1\n|-damage|p2a: Venusaur|1/100 brn\n|move|p2a: Venusaur|Sludge Bomb|p1a: Gyarados\n|-damage|p1a: Gyarados|8/100\n|\n|-damage|p1a: Gyarados|0 fnt|[from] Leech Seed|[of] p2a: Venusaur\n|-heal|p2a: Venusaur|9/100 brn|[silent]\n|faint|p1a: Gyarados\n|-damage|p2a: Venusaur|3/100 brn|[from] brn\n|upkeep\n|\n|t:|1776152176\n|switch|p1a: Arcanine|Arcanine, L50, F|76/100\n|-ability|p1a: Arcanine|Intimidate|boost\n|-unboost|p2a: Venusaur|atk|1\n|turn|10\n|c|\u26063gege|\u5567\n|\n|t:|1776152183\n|move|p1a: Arcanine|Extreme Speed|p2a: Venusaur\n|-damage|p2a: Venusaur|0 fnt\n|faint|p2a: Venusaur\n|\n|-heal|p1a: Arcanine|82/100|[from] item: Leftovers\n|upkeep\n|\n|t:|1776152185\n|switch|p2a: Rotom|Rotom-Heat, L50|100/100\n|-damage|p2a: Rotom|76/100|[from] Stealth Rock\n|turn|11\n|c|\u2606Giant Gengar|\u51b0\u7259\u53ef\u8fd8\u884c\n|\n|t:|1776152197\n|move|p1a: Arcanine|Extreme Speed|p2a: Rotom\n|-damage|p2a: Rotom|56/100\n|move|p2a: Rotom|Pain Split|p1a: Arcanine\n|-sethp|p1a: Arcanine|63/100|[from] move: Pain Split|[silent]\n|-sethp|p2a: Rotom|79/100|[from] move: Pain Split\n|\n|-heal|p1a: Arcanine|70/100|[from] item: Leftovers\n|upkeep\n|turn|12\n|\n|t:|1776152202\n|move|p1a: Arcanine|Extreme Speed|p2a: Rotom\n|-damage|p2a: Rotom|60/100\n|move|p2a: Rotom|Volt Switch|p1a: Arcanine\n|-damage|p1a: Arcanine|44/100\n|\n|-heal|p1a: Arcanine|50/100|[from] item: Leftovers\n|upkeep\n|turn|13\n|\n|t:|1776152207\n|move|p1a: Arcanine|Flare Blitz|p2a: Rotom\n|-resisted|p2a: Rotom|1\n|-damage|p2a: Rotom|39/100\n|-enditem|p2a: Rotom|Sitrus Berry|[eat]\n|-heal|p2a: Rotom|64/100|[from] item: Sitrus Berry\n|-damage|p1a: Arcanine|44/100|[from] Recoil\n|move|p2a: Rotom|Volt Switch|p1a: Arcanine\n|-damage|p1a: Arcanine|17/100\n|\n|-heal|p1a: Arcanine|23/100|[from] item: Leftovers\n|upkeep\n|turn|14\n|\n|t:|1776152211\n|move|p1a: Arcanine|Extreme Speed|p2a: Rotom\n|-damage|p2a: Rotom|44/100\n|move|p2a: Rotom|Volt Switch|p1a: Arcanine\n|-damage|p1a: Arcanine|0 fnt\n|faint|p1a: Arcanine\n|\n|win|Giant Gengar\n|raw|3gege's rating: 1377 &rarr; <strong>1361</strong><br />(-16 for losing)\n|raw|Giant Gengar's rating: 1454 &rarr; <strong>1470</strong><br />(+16 for winning)\n|l|\u2606Giant Gengar\n|player|p2|\n|l|\u26063gege\n|player|p1|\n",
  "uploadtime": 1776152516,
  "views": 34,
  "formatid": "gen9championsbssregma",
  "rating": 1361,
  "private": 0,
  "password": null
}