{
  "id": "gen9championsbssregma-2587700322",
  "format": "[Gen 9 Champions] BSS Reg M-A",
  "players": [
    "CrispyPanda",
    "goomba number two"
  ],
  "log": "|j|\u2606CrispyPanda\n|j|\u2606goomba number two\n|t:|1776555230\n|gametype|singles\n|player|p1|CrispyPanda|burglar|1378\n|player|p2|goomba number two|barry|1350\n|gen|9\n|tier|[Gen 9 Champions] BSS Reg M-A\n|rated|\n|rule|Species Clause: Limit one of each Pok\u00e9mon\n|rule|Item Clause: Limit 1 of each item\n|clearpoke\n|poke|p1|Froslass, L50, F|\n|poke|p1|Scizor, L50, F|\n|poke|p1|Primarina, L50, M|\n|poke|p1|Garchomp, L50, M|\n|poke|p1|Typhlosion-Hisui, L50, F|\n|poke|p1|Lopunny, L50, M|\n|poke|p2|Vaporeon, L50, M|\n|poke|p2|Jolteon, L50, F|\n|poke|p2|Flareon, L50, F|\n|poke|p2|Espeon, L50, F|\n|poke|p2|Umbreon, L50, M|\n|poke|p2|Sylveon, L50, M|\n|teampreview|3\n|j| 3hearts\n|inactive|Battle timer is ON: inactive players will automatically lose when time's up. (requested by goomba number two)\n|\n|t:|1776555285\n|teamsize|p1|3\n|teamsize|p2|3\n|start\n|switch|p1a: Froslass|Froslass, L50, F|100/100\n|switch|p2a: Vaporeon|Vaporeon, L50, M|100/100\n|turn|1\n|\n|t:|1776555304\n|detailschange|p1a: Froslass|Froslass-Mega, L50, F\n|-mega|p1a: Froslass|Froslass|Froslassite\n|-weather|Snowscape|[from] ability: Snow Warning|[of] p1a: Froslass\n|move|p1a: Froslass|Shadow Ball|p2a: Vaporeon\n|-damage|p2a: Vaporeon|62/100\n|move|p2a: Vaporeon|Scald|p1a: Froslass\n|-damage|p1a: Froslass|56/100\n|\n|-weather|Snowscape|[upkeep]\n|upkeep\n|turn|2\n|\n|t:|1776555320\n|switch|p1a: Primarina|Primarina, L50, M|100/100\n|switch|p2a: Sylveon|Sylveon, L50, M|100/100\n|\n|-weather|Snowscape|[upkeep]\n|upkeep\n|turn|3\n|inactive|CrispyPanda has 30 seconds left.\n|\n|t:|1776555346\n|move|p2a: Sylveon|Hyper Voice|p1a: Primarina\n|-damage|p1a: Primarina|73/100\n|move|p1a: Primarina|Flip Turn|p2a: Sylveon\n|-damage|p2a: Sylveon|87/100\n|\n|t:|1776555351\n|switch|p1a: Scizor|Scizor, L50, F|100/100|[from] Flip Turn\n|\n|-weather|Snowscape|[upkeep]\n|-heal|p2a: Sylveon|93/100|[from] item: Leftovers\n|upkeep\n|turn|4\n|\n|t:|1776555361\n|switch|p2a: Umbreon|Umbreon, L50, M|100/100\n|move|p1a: Scizor|U-turn|p2a: Umbreon\n|-supereffective|p2a: Umbreon|1\n|-damage|p2a: Umbreon|61/100\n|\n|t:|1776555366\n|switch|p1a: Primarina|Primarina, L50, M|73/100|[from] U-turn\n|\n|-weather|Snowscape|[upkeep]\n|upkeep\n|turn|5\n|\n|t:|1776555370\n|move|p2a: Umbreon|Protect|p2a: Umbreon\n|-singleturn|p2a: Umbreon|Protect\n|move|p1a: Primarina|Moonblast|p2a: Umbreon\n|-activate|p2a: Umbreon|move: Protect\n|\n|-weather|none\n|upkeep\n|turn|6\n|\n|t:|1776555374\n|move|p2a: Umbreon|Toxic|p1a: Primarina\n|-status|p1a: Primarina|tox\n|move|p1a: Primarina|Moonblast|p2a: Umbreon\n|-supereffective|p2a: Umbreon|1\n|-damage|p2a: Umbreon|1/100\n|\n|-damage|p1a: Primarina|67/100 tox|[from] psn\n|upkeep\n|turn|7\n|\n|t:|1776555384\n|switch|p1a: Scizor|Scizor, L50, F|100/100\n|move|p2a: Umbreon|Wish|p2a: Umbreon\n|\n|upkeep\n|turn|8\n|\n|t:|1776555399\n|move|p2a: Umbreon|Protect|p2a: Umbreon\n|-singleturn|p2a: Umbreon|Protect\n|move|p1a: Scizor|U-turn|p2a: Umbreon\n|-activate|p2a: Umbreon|move: Protect\n|\n|-heal|p2a: Umbreon|51/100|[from] move: Wish|[wisher] Umbreon\n|upkeep\n|turn|9\n|\n|t:|1776555410\n|move|p1a: Scizor|U-turn|p2a: Umbreon\n|-supereffective|p2a: Umbreon|1\n|-damage|p2a: Umbreon|15/100\n|\n|t:|1776555414\n|switch|p1a: Primarina|Primarina, L50, M|67/100 tox|[from] U-turn\n|move|p2a: Umbreon|Wish|p2a: Umbreon\n|\n|-damage|p1a: Primarina|61/100 tox|[from] psn\n|upkeep\n|turn|10\n|\n|t:|1776555429\n|move|p2a: Umbreon|Protect|p2a: Umbreon\n|-singleturn|p2a: Umbreon|Protect\n|move|p1a: Primarina|Moonblast|p2a: Umbreon\n|-activate|p2a: Umbreon|move: Protect\n|\n|-heal|p2a: Umbreon|65/100|[from] move: Wish|[wisher] Umbreon\n|-damage|p1a: Primarina|50/100 tox|[from] psn\n|upkeep\n|-enditem|p1a: Primarina|Sitrus Berry|[eat]\n|-heal|p1a: Primarina|74/100 tox|[from] item: Sitrus Berry\n|turn|11\n|\n|t:|1776555433\n|switch|p2a: Sylveon|Sylveon, L50, M|93/100\n|move|p1a: Primarina|Moonblast|p2a: Sylveon\n|-damage|p2a: Sylveon|66/100\n|\n|-heal|p2a: Sylveon|72/100|[from] item: Leftovers\n|-damage|p1a: Primarina|57/100 tox|[from] psn\n|upkeep\n|turn|12\n|\n|t:|1776555437\n|switch|p1a: Scizor|Scizor, L50, F|100/100\n|move|p2a: Sylveon|Wish|p2a: Sylveon\n|\n|-heal|p2a: Sylveon|78/100|[from] item: Leftovers\n|upkeep\n|turn|13\n|\n|t:|1776555443\n|switch|p2a: Umbreon|Umbreon, L50, M|65/100\n|move|p1a: Scizor|Swords Dance|p1a: Scizor\n|-boost|p1a: Scizor|atk|2\n|\n|-heal|p2a: Umbreon|100/100|[from] move: Wish|[wisher] Sylveon\n|upkeep\n|turn|14\n|\n|t:|1776555455\n|move|p1a: Scizor|U-turn|p2a: Umbreon\n|-supereffective|p2a: Umbreon|1\n|-damage|p2a: Umbreon|23/100\n|\n|t:|1776555457\n|switch|p1a: Primarina|Primarina, L50, M|57/100 tox|[from] U-turn\n|move|p2a: Umbreon|Wish|p2a: Umbreon\n|\n|-damage|p1a: Primarina|51/100 tox|[from] psn\n|upkeep\n|turn|15\n|\n|t:|1776555468\n|move|p2a: Umbreon|Protect|p2a: Umbreon\n|-singleturn|p2a: Umbreon|Protect\n|move|p1a: Primarina|Moonblast|p2a: Umbreon\n|-activate|p2a: Umbreon|move: Protect\n|\n|-heal|p2a: Umbreon|73/100|[from] move: Wish|[wisher] Umbreon\n|-damage|p1a: Primarina|39/100 tox|[from] psn\n|upkeep\n|turn|16\n|\n|t:|1776555473\n|switch|p2a: Vaporeon|Vaporeon, L50, M|62/100\n|move|p1a: Primarina|Flip Turn|p2a: Vaporeon\n|-heal|p2a: Vaporeon|87/100|[from] ability: Water Absorb|[of] p1a: Primarina\n|\n|-damage|p1a: Primarina|21/100 tox|[from] psn\n|upkeep\n|turn|17\n|\n|t:|1776555482\n|move|p2a: Vaporeon|Substitute|p2a: Vaporeon\n|-start|p2a: Vaporeon|Substitute\n|-damage|p2a: Vaporeon|62/100\n|move|p1a: Primarina|Moonblast|p2a: Vaporeon\n|-end|p2a: Vaporeon|Substitute\n|\n|-damage|p1a: Primarina|0 fnt|[from] psn\n|faint|p1a: Primarina\n|upkeep\n|\n|t:|1776555494\n|switch|p1a: Froslass|Froslass-Mega, L50, F|56/100\n|-weather|Snowscape|[from] ability: Snow Warning|[of] p1a: Froslass\n|turn|18\n|\n|t:|1776555498\n|move|p1a: Froslass|Shadow Ball|p2a: Vaporeon\n|-damage|p2a: Vaporeon|27/100\n|-unboost|p2a: Vaporeon|spd|1\n|-enditem|p2a: Vaporeon|Sitrus Berry|[eat]\n|-heal|p2a: Vaporeon|52/100|[from] item: Sitrus Berry\n|move|p2a: Vaporeon|Yawn|p1a: Froslass\n|-start|p1a: Froslass|move: Yawn|[of] p2a: Vaporeon\n|\n|-weather|Snowscape|[upkeep]\n|upkeep\n|turn|19\n|inactive|CrispyPanda has 30 seconds left.\n|\n|t:|1776555524\n|switch|p1a: Scizor|Scizor, L50, F|100/100\n|move|p2a: Vaporeon|Scald|p1a: Scizor\n|-damage|p1a: Scizor|69/100\n|\n|-weather|Snowscape|[upkeep]\n|-heal|p1a: Scizor|76/100|[from] item: Leftovers\n|upkeep\n|turn|20\n|\n|t:|1776555529\n|move|p2a: Vaporeon|Scald|p1a: Scizor\n|-damage|p1a: Scizor|41/100\n|-status|p1a: Scizor|brn\n|move|p1a: Scizor|U-turn|p2a: Vaporeon\n|-damage|p2a: Vaporeon|39/100\n|\n|t:|1776555533\n|switch|p1a: Froslass|Froslass-Mega, L50, F|56/100|[from] U-turn\n|\n|-weather|Snowscape|[upkeep]\n|upkeep\n|turn|21\n|\n|t:|1776555541\n|move|p1a: Froslass|Shadow Ball|p2a: Vaporeon\n|-damage|p2a: Vaporeon|0 fnt\n|faint|p2a: Vaporeon\n|\n|-weather|Snowscape|[upkeep]\n|upkeep\n|\n|t:|1776555546\n|switch|p2a: Umbreon|Umbreon, L50, M|73/100\n|turn|22\n|\n|t:|1776555552\n|switch|p1a: Scizor|Scizor, L50, F|41/100 brn\n|move|p2a: Umbreon|Wish|p2a: Umbreon\n|\n|-weather|none\n|-heal|p1a: Scizor|47/100 brn|[from] item: Leftovers\n|-damage|p1a: Scizor|41/100 brn|[from] brn\n|upkeep\n|turn|23\n|\n|t:|1776555555\n|move|p1a: Scizor|Roost|p1a: Scizor\n|-heal|p1a: Scizor|91/100 brn\n|-singleturn|p1a: Scizor|move: Roost\n|move|p2a: Umbreon|Foul Play|p1a: Scizor\n|-damage|p1a: Scizor|47/100 brn\n|\n|-heal|p2a: Umbreon|100/100|[from] move: Wish|[wisher] Umbreon\n|-heal|p1a: Scizor|54/100 brn|[from] item: Leftovers\n|-damage|p1a: Scizor|47/100 brn|[from] brn\n|upkeep\n|turn|24\n|\n|t:|1776555564\n|move|p1a: Scizor|Roost|p1a: Scizor\n|-heal|p1a: Scizor|98/100 brn\n|-singleturn|p1a: Scizor|move: Roost\n|move|p2a: Umbreon|Wish|p2a: Umbreon\n|\n|-heal|p1a: Scizor|100/100 brn|[from] item: Leftovers\n|-damage|p1a: Scizor|94/100 brn|[from] brn\n|upkeep\n|turn|25\n|\n|t:|1776555584\n|move|p1a: Scizor|Bullet Punch|p2a: Umbreon\n|-damage|p2a: Umbreon|92/100\n|move|p2a: Umbreon|Foul Play|p1a: Scizor\n|-damage|p1a: Scizor|54/100 brn\n|\n|-heal|p2a: Umbreon|100/100|[from] move: Wish|[wisher] Umbreon\n|-heal|p1a: Scizor|60/100 brn|[from] item: Leftovers\n|-damage|p1a: Scizor|54/100 brn|[from] brn\n|upkeep\n|turn|26\n|\n|t:|1776555591\n|move|p2a: Umbreon|Wish|p2a: Umbreon\n|move|p1a: Scizor|Swords Dance|p1a: Scizor\n|-boost|p1a: Scizor|atk|2\n|\n|-heal|p1a: Scizor|60/100 brn|[from] item: Leftovers\n|-damage|p1a: Scizor|54/100 brn|[from] brn\n|upkeep\n|turn|27\n|j| p74\n|\n|t:|1776555601\n|move|p1a: Scizor|Bullet Punch|p2a: Umbreon\n|-damage|p2a: Umbreon|85/100\n|move|p2a: Umbreon|Foul Play|p1a: Scizor\n|-damage|p1a: Scizor|0 fnt\n|faint|p1a: Scizor\n|\n|-heal|p2a: Umbreon|100/100|[from] move: Wish|[wisher] Umbreon\n|upkeep\n|\n|t:|1776555604\n|switch|p1a: Froslass|Froslass-Mega, L50, F|56/100\n|-weather|Snowscape|[from] ability: Snow Warning|[of] p1a: Froslass\n|turn|28\n|l| 3hearts\n|j| huhyuhyuhyuh\n|\n|t:|1776555608\n|move|p1a: Froslass|Blizzard|p2a: Umbreon\n|-damage|p2a: Umbreon|55/100\n|move|p2a: Umbreon|Toxic|p1a: Froslass\n|-status|p1a: Froslass|tox\n|\n|-weather|Snowscape|[upkeep]\n|-damage|p1a: Froslass|50/100 tox|[from] psn\n|upkeep\n|turn|29\n|\n|t:|1776555623\n|move|p1a: Froslass|Blizzard|p2a: Umbreon\n|-damage|p2a: Umbreon|11/100\n|move|p2a: Umbreon|Foul Play|p1a: Froslass\n|-supereffective|p1a: Froslass|1\n|-damage|p1a: Froslass|0 fnt\n|faint|p1a: Froslass\n|\n|win|goomba number two\n|raw|CrispyPanda's rating: 1378 &rarr; <strong>1356</strong><br />(-22 for losing)\n|raw|goomba number two's rating: 1350 &rarr; <strong>1372</strong><br />(+22 for winning)\n|l|\u2606CrispyPanda\n|player|p1|\n|l|\u2606goomba number two\n|player|p2|\n",
  "uploadtime": 1776555690,
  "views": 4,
  "formatid": "gen9championsbssregma",
  "rating": 1356,
  "private": 0,
  "password": null
}