{
  "id": "gen9championsbssregma-2587710821",
  "format": "[Gen 9 Champions] BSS Reg M-A",
  "players": [
    "mcconkey",
    "Ineedaonetype"
  ],
  "log": "|j|\u2606mcconkey\n|j|\u2606Ineedaonetype\n|t:|1776556273\n|gametype|singles\n|player|p1|mcconkey|linebacker|1352\n|player|p2|Ineedaonetype|2|1382\n|gen|9\n|tier|[Gen 9 Champions] BSS Reg M-A\n|rated|\n|rule|Species Clause: Limit one of each Pok\u00e9mon\n|rule|Item Clause: Limit 1 of each item\n|clearpoke\n|poke|p1|Victreebel, L50, F|\n|poke|p1|Volcarona, L50, M|\n|poke|p1|Basculegion, L50, M|\n|poke|p1|Sharpedo, L50, F|\n|poke|p1|Bellibolt, L50, F|\n|poke|p1|Hippowdon, L50, M|\n|poke|p2|Charizard, L50, F|\n|poke|p2|Corviknight, L50, M|\n|poke|p2|Primarina, L50, F|\n|poke|p2|Garchomp, L50, F|\n|poke|p2|Scizor, L50, M|\n|poke|p2|Archaludon, L50, F|\n|teampreview|3\n|j| ZwagTastic\n|inactive|Battle timer is ON: inactive players will automatically lose when time's up. (requested by mcconkey)\n|j| p74\n|inactive|Ineedaonetype has 60 seconds left.\n|\n|t:|1776556337\n|teamsize|p1|3\n|teamsize|p2|3\n|start\n|switch|p1a: Victreebel|Victreebel, L50, F|100/100\n|switch|p2a: Archaludon|Archaludon, L50, F|100/100\n|turn|1\n|j| huhyuhyuhyuh\n|\n|t:|1776556349\n|detailschange|p1a: Victreebel|Victreebel-Mega, L50, F\n|-mega|p1a: Victreebel|Victreebel|Victreebelite\n|move|p2a: Archaludon|Draco Meteor|p1a: Victreebel\n|-damage|p1a: Victreebel|31/100\n|-unboost|p2a: Archaludon|spa|2\n|-enditem|p2a: Archaludon|White Herb\n|-clearnegativeboost|p2a: Archaludon|[silent]\n|move|p1a: Victreebel|Strength Sap|p2a: Archaludon\n|-unboost|p2a: Archaludon|atk|1\n|-heal|p1a: Victreebel|91/100\n|\n|upkeep\n|turn|2\n|inactive|Ineedaonetype has 30 seconds left.\n|\n|t:|1776556384\n|move|p2a: Archaludon|Flash Cannon|p1a: Victreebel\n|-damage|p1a: Victreebel|48/100\n|move|p1a: Victreebel|Strength Sap|p2a: Archaludon\n|-unboost|p2a: Archaludon|atk|1\n|-heal|p1a: Victreebel|87/100\n|\n|upkeep\n|turn|3\n|\n|t:|1776556405\n|move|p2a: Archaludon|Flash Cannon|p1a: Victreebel\n|-damage|p1a: Victreebel|45/100\n|move|p1a: Victreebel|Strength Sap|p2a: Archaludon\n|-unboost|p2a: Archaludon|atk|1\n|-heal|p1a: Victreebel|75/100\n|\n|upkeep\n|turn|4\n|\n|t:|1776556414\n|switch|p1a: Volcarona|Volcarona, L50, M|100/100\n|move|p2a: Archaludon|Flash Cannon|p1a: Volcarona\n|-resisted|p1a: Volcarona|1\n|-damage|p1a: Volcarona|82/100\n|\n|-heal|p1a: Volcarona|88/100|[from] item: Leftovers\n|upkeep\n|turn|5\n|\n|t:|1776556422\n|switch|p2a: Garchomp|Garchomp, L50, F|100/100\n|move|p1a: Volcarona|Quiver Dance|p1a: Volcarona\n|-boost|p1a: Volcarona|spa|1\n|-boost|p1a: Volcarona|spd|1\n|-boost|p1a: Volcarona|spe|1\n|\n|-heal|p1a: Volcarona|93/100|[from] item: Leftovers\n|upkeep\n|turn|6\n|\n|t:|1776556430\n|move|p2a: Garchomp|Rock Tomb|p1a: Volcarona|[miss]\n|-miss|p2a: Garchomp|p1a: Volcarona\n|move|p1a: Volcarona|Quiver Dance|p1a: Volcarona\n|-boost|p1a: Volcarona|spa|1\n|-boost|p1a: Volcarona|spd|1\n|-boost|p1a: Volcarona|spe|1\n|\n|-heal|p1a: Volcarona|99/100|[from] item: Leftovers\n|upkeep\n|turn|7\n|\n|t:|1776556438\n|move|p1a: Volcarona|Giga Drain|p2a: Garchomp\n|-crit|p2a: Garchomp\n|-damage|p2a: Garchomp|31/100\n|-heal|p1a: Volcarona|100/100|[from] drain|[of] p2a: Garchomp\n|move|p2a: Garchomp|Rock Tomb|p1a: Volcarona\n|-supereffective|p1a: Volcarona|2\n|-damage|p1a: Volcarona|13/100\n|-unboost|p1a: Volcarona|spe|1\n|\n|-heal|p1a: Volcarona|19/100|[from] item: Leftovers\n|upkeep\n|turn|8\n|\n|t:|1776556447\n|move|p2a: Garchomp|Rock Tomb|p1a: Volcarona\n|-supereffective|p1a: Volcarona|2\n|-damage|p1a: Volcarona|0 fnt\n|faint|p1a: Volcarona\n|\n|upkeep\n|\n|t:|1776556452\n|switch|p1a: Victreebel|Victreebel-Mega, L50, F|75/100\n|turn|9\n|inactive|Ineedaonetype has 30 seconds left.\n|\n|t:|1776556479\n|switch|p2a: Archaludon|Archaludon, L50, F|100/100\n|move|p1a: Victreebel|Giga Drain|p2a: Archaludon\n|-resisted|p2a: Archaludon|2\n|-damage|p2a: Archaludon|84/100\n|-heal|p1a: Victreebel|83/100|[from] drain|[of] p2a: Archaludon\n|\n|upkeep\n|turn|10\n|\n|t:|1776556486\n|move|p2a: Archaludon|Flash Cannon|p1a: Victreebel\n|-damage|p1a: Victreebel|41/100\n|move|p1a: Victreebel|Strength Sap|p2a: Archaludon\n|-unboost|p2a: Archaludon|atk|1\n|-heal|p1a: Victreebel|100/100\n|\n|upkeep\n|turn|11\n|\n|t:|1776556495\n|move|p2a: Archaludon|Flash Cannon|p1a: Victreebel\n|-damage|p1a: Victreebel|57/100\n|move|p1a: Victreebel|Giga Drain|p2a: Archaludon\n|-resisted|p2a: Archaludon|2\n|-damage|p2a: Archaludon|67/100\n|-heal|p1a: Victreebel|65/100|[from] drain|[of] p2a: Archaludon\n|\n|upkeep\n|turn|12\n|\n|t:|1776556505\n|move|p2a: Archaludon|Draco Meteor|p1a: Victreebel\n|-damage|p1a: Victreebel|1/100\n|-unboost|p2a: Archaludon|spa|2\n|move|p1a: Victreebel|Giga Drain|p2a: Archaludon\n|-resisted|p2a: Archaludon|2\n|-damage|p2a: Archaludon|48/100\n|-heal|p1a: Victreebel|9/100|[from] drain|[of] p2a: Archaludon\n|\n|upkeep\n|turn|13\n|\n|t:|1776556515\n|move|p2a: Archaludon|Flash Cannon|p1a: Victreebel\n|-damage|p1a: Victreebel|0 fnt\n|-damage|p2a: Archaludon|39/100|[from] ability: Innards Out|[of] p1a: Victreebel\n|faint|p1a: Victreebel\n|\n|upkeep\n|\n|t:|1776556520\n|switch|p1a: Basculegion|Basculegion, L50, M|100/100\n|turn|14\n|\n|t:|1776556541\n|move|p1a: Basculegion|Last Respects|p2a: Archaludon\n|-damage|p2a: Archaludon|0 fnt\n|faint|p2a: Archaludon\n|\n|upkeep\n|\n|t:|1776556551\n|switch|p2a: Scizor|Scizor, L50, M|100/100\n|turn|15\n|\n|t:|1776556554\n|detailschange|p2a: Scizor|Scizor-Mega, L50, M\n|-mega|p2a: Scizor|Scizor|Scizorite\n|move|p2a: Scizor|Bullet Punch|p1a: Basculegion\n|-resisted|p1a: Basculegion|1\n|-damage|p1a: Basculegion|76/100\n|move|p1a: Basculegion|Last Respects|p2a: Scizor\n|-damage|p2a: Scizor|33/100\n|\n|upkeep\n|turn|16\n|\n|t:|1776556562\n|move|p2a: Scizor|Bullet Punch|p1a: Basculegion\n|-resisted|p1a: Basculegion|1\n|-damage|p1a: Basculegion|51/100\n|move|p1a: Basculegion|Last Respects|p2a: Scizor\n|-damage|p2a: Scizor|0 fnt\n|faint|p2a: Scizor\n|\n|upkeep\n|\n|t:|1776556564\n|switch|p2a: Garchomp|Garchomp, L50, F|31/100\n|turn|17\n|\n|t:|1776556570\n|move|p2a: Garchomp|Outrage|p1a: Basculegion\n|-damage|p1a: Basculegion|0 fnt\n|faint|p1a: Basculegion\n|\n|win|Ineedaonetype\n|raw|mcconkey's rating: 1352 &rarr; <strong>1334</strong><br />(-18 for losing)\n|raw|Ineedaonetype's rating: 1382 &rarr; <strong>1400</strong><br />(+18 for winning)\n|l| ZwagTastic\n|l| huhyuhyuhyuh\n|l|\u2606mcconkey\n|player|p1|\n|l|\u2606Ineedaonetype\n|player|p2|\n",
  "uploadtime": 1776556848,
  "views": 5,
  "formatid": "gen9championsbssregma",
  "rating": 1334,
  "private": 0,
  "password": null
}