{
  "id": "gen9championsbssregma-2581227749",
  "format": "[Gen 9 Champions] BSS Reg M-A",
  "players": [
    "KyungHeeUniversity",
    "Secondbeach"
  ],
  "log": "|j|\u2606KyungHeeUniversity\n|j|\u2606Secondbeach\n|t:|1775973328\n|gametype|singles\n|player|p1|KyungHeeUniversity|cynthia-gen4|1088\n|player|p2|Secondbeach|depotagent|1000\n|gen|9\n|tier|[Gen 9 Champions] BSS Reg M-A\n|rated|\n|rule|Species Clause: Limit one of each Pok\u00e9mon\n|rule|Item Clause: Limit 1 of each item\n|clearpoke\n|poke|p1|Garchomp, L50, M|\n|poke|p1|Torterra, L50, M|\n|poke|p1|Alakazam, L50, M|\n|poke|p1|Gyarados, L50, M|\n|poke|p1|Mimikyu, L50, M|\n|poke|p1|Salazzle, L50, F|\n|poke|p2|Charizard, L50, M|\n|poke|p2|Glimmora, L50, F|\n|poke|p2|Vaporeon, L50, M|\n|poke|p2|Espathra, L50, F|\n|poke|p2|Garchomp, L50, M|\n|poke|p2|Mimikyu, L50, M|\n|teampreview|3\n|inactive|Battle timer is ON: inactive players will automatically lose when time's up. (requested by Secondbeach)\n|\n|t:|1775973351\n|teamsize|p1|3\n|teamsize|p2|3\n|start\n|switch|p1a: \ud6c4\uc9c4|Alakazam, L50, M|100/100\n|switch|p2a: Vaporeon|Vaporeon, L50, M|100/100\n|turn|1\n|\n|t:|1775973356\n|move|p1a: \ud6c4\uc9c4|Trick|p2a: Vaporeon\n|-activate|p1a: \ud6c4\uc9c4|move: Trick|[of] p2a: Vaporeon\n|-item|p2a: Vaporeon|Choice Scarf|[from] move: Trick\n|-item|p1a: \ud6c4\uc9c4|Leftovers|[from] move: Trick\n|move|p2a: Vaporeon|Yawn|p1a: \ud6c4\uc9c4\n|-start|p1a: \ud6c4\uc9c4|move: Yawn|[of] p2a: Vaporeon\n|\n|upkeep\n|turn|2\n|\n|t:|1775973369\n|switch|p1a: \ub300\ubd80|Torterra, L50, M|100/100\n|switch|p2a: Espathra|Espathra, L50, F|100/100\n|\n|upkeep\n|turn|3\n|\n|t:|1775973379\n|move|p2a: Espathra|Agility|p2a: Espathra\n|-boost|p2a: Espathra|spe|2\n|move|p1a: \ub300\ubd80|Shell Smash|p1a: \ub300\ubd80\n|-unboost|p1a: \ub300\ubd80|def|1\n|-unboost|p1a: \ub300\ubd80|spd|1\n|-boost|p1a: \ub300\ubd80|atk|2\n|-boost|p1a: \ub300\ubd80|spa|2\n|-boost|p1a: \ub300\ubd80|spe|2\n|\n|-ability|p2a: Espathra|Speed Boost|boost\n|-boost|p2a: Espathra|spe|1\n|upkeep\n|turn|4\n|\n|t:|1775973389\n|move|p2a: Espathra|Protect|p2a: Espathra\n|-singleturn|p2a: Espathra|Protect\n|move|p1a: \ub300\ubd80|Headlong Rush|p2a: Espathra\n|-activate|p2a: Espathra|move: Protect\n|\n|-ability|p2a: Espathra|Speed Boost|boost\n|-boost|p2a: Espathra|spe|1\n|upkeep\n|turn|5\n|\n|t:|1775973395\n|move|p2a: Espathra|Agility|p2a: Espathra\n|-boost|p2a: Espathra|spe|2\n|move|p1a: \ub300\ubd80|Headlong Rush|p2a: Espathra\n|-enditem|p2a: Espathra|Focus Sash\n|-damage|p2a: Espathra|1/100\n|-unboost|p1a: \ub300\ubd80|def|1\n|-unboost|p1a: \ub300\ubd80|spd|1\n|\n|upkeep\n|turn|6\n|\n|t:|1775973404\n|move|p2a: Espathra|Baton Pass|p2a: Espathra\n|\n|t:|1775973407\n|switch|p2a: Charizard|Charizard, L50, M|100/100|[from] Baton Pass\n|move|p1a: \ub300\ubd80|Wood Hammer|p2a: Charizard\n|-resisted|p2a: Charizard|2\n|-damage|p2a: Charizard|62/100\n|-damage|p1a: \ub300\ubd80|88/100|[from] Recoil\n|\n|upkeep\n|turn|7\n|c|\u2606Secondbeach|\uacbd\ud76c\ub300 \uac8c\uc774\uc57c..\n|\n|t:|1775973428\n|move|p2a: Charizard|Outrage|p1a: \ub300\ubd80\n|-damage|p1a: \ub300\ubd80|27/100\n|move|p1a: \ub300\ubd80|Rock Slide|p2a: Charizard\n|-supereffective|p2a: Charizard|2\n|-damage|p2a: Charizard|0 fnt\n|faint|p2a: Charizard\n|\n|upkeep\n|\n|t:|1775973433\n|switch|p2a: Vaporeon|Vaporeon, L50, M|100/100\n|turn|8\n|\n|t:|1775973443\n|move|p1a: \ub300\ubd80|Wood Hammer|p2a: Vaporeon\n|-supereffective|p2a: Vaporeon|1\n|-damage|p2a: Vaporeon|0 fnt\n|faint|p2a: Vaporeon\n|-damage|p1a: \ub300\ubd80|0 fnt|[from] Recoil\n|faint|p1a: \ub300\ubd80\n|\n|upkeep\n|\n|t:|1775973447\n|switch|p1a: \ud6c4\uc9c4|Alakazam, L50, M|100/100\n|switch|p2a: Espathra|Espathra, L50, F|1/100\n|turn|9\n|\n|t:|1775973451\n|move|p2a: Espathra|Lumina Crash|p1a: \ud6c4\uc9c4\n|-resisted|p1a: \ud6c4\uc9c4|1\n|-damage|p1a: \ud6c4\uc9c4|76/100\n|-unboost|p1a: \ud6c4\uc9c4|spd|2\n|move|p1a: \ud6c4\uc9c4|Shadow Ball|p2a: Espathra\n|-supereffective|p2a: Espathra|1\n|-damage|p2a: Espathra|0 fnt\n|faint|p2a: Espathra\n|\n|win|KyungHeeUniversity\n",
  "uploadtime": 1775973427,
  "views": 8,
  "formatid": "gen9championsbssregma",
  "rating": null,
  "private": 0,
  "password": null
}