{
  "id": "gen9championsbssregma-2588490401",
  "format": "[Gen 9 Champions] BSS Reg M-A",
  "players": [
    "BTS best",
    "hijanu"
  ],
  "log": "|j|\u2606BTS best\n|j|\u2606hijanu\n|t:|1776638247\n|gametype|singles\n|player|p1|BTS best|firebreather|1066\n|player|p2|hijanu|hilbert|1077\n|gen|9\n|tier|[Gen 9 Champions] BSS Reg M-A\n|rated|\n|rule|Species Clause: Limit one of each Pok\u00e9mon\n|rule|Item Clause: Limit 1 of each item\n|clearpoke\n|poke|p1|Araquanid, L50, F, shiny|\n|poke|p1|Lopunny, L50, M, shiny|\n|poke|p1|Charizard, L50, M, shiny|\n|poke|p1|Garchomp, L50, F|\n|poke|p1|Meowscarada, L50, M|\n|poke|p1|Sneasler, L50, M|\n|poke|p2|Furfrou, L50, F, shiny|\n|poke|p2|Ceruledge, L50, F, shiny|\n|poke|p2|Rotom-Wash, L50, shiny|\n|poke|p2|Torterra, L50, F, shiny|\n|poke|p2|Aggron, L50, F, shiny|\n|poke|p2|Victreebel, L50, M|\n|teampreview|3\n|\n|t:|1776638291\n|teamsize|p1|3\n|teamsize|p2|3\n|start\n|switch|p1a: Araquanid|Araquanid, L50, F, shiny|100/100\n|switch|p2a: Torterra|Torterra, L50, F, shiny|100/100\n|turn|1\n|\n|t:|1776638305\n|move|p2a: Torterra|Shell Smash|p2a: Torterra\n|-unboost|p2a: Torterra|def|1\n|-unboost|p2a: Torterra|spd|1\n|-boost|p2a: Torterra|atk|2\n|-boost|p2a: Torterra|spa|2\n|-boost|p2a: Torterra|spe|2\n|-enditem|p2a: Torterra|White Herb\n|-clearnegativeboost|p2a: Torterra|[silent]\n|move|p1a: Araquanid|Sticky Web|p2a: Torterra\n|-sidestart|p2: hijanu|move: Sticky Web\n|\n|upkeep\n|turn|2\n|\n|t:|1776638322\n|move|p2a: Torterra|Wood Hammer|p1a: Araquanid\n|-damage|p1a: Araquanid|0 fnt\n|faint|p1a: Araquanid\n|-damage|p2a: Torterra|72/100|[from] Recoil\n|\n|upkeep\n|\n|t:|1776638331\n|switch|p1a: Garchomp|Garchomp, L50, F|100/100\n|turn|3\n|\n|t:|1776638345\n|move|p1a: Garchomp|Outrage|p2a: Torterra\n|-damage|p2a: Torterra|10/100\n|move|p2a: Torterra|Wood Hammer|p1a: Garchomp\n|-damage|p1a: Garchomp|0 fnt\n|-damage|p2a: Torterra|0 fnt|[from] ability: Rough Skin|[of] p1a: Garchomp\n|faint|p1a: Garchomp\n|faint|p2a: Torterra\n|\n|upkeep\n|\n|t:|1776638356\n|switch|p1a: Lopunny|Lopunny, L50, M, shiny|100/100\n|switch|p2a: Furfrou|Furfrou, L50, F, shiny|100/100\n|-activate|p2a: Furfrou|move: Sticky Web\n|-unboost|p2a: Furfrou|spe|1\n|turn|4\n|inactive|Battle timer is ON: inactive players will automatically lose when time's up. (requested by BTS best)\n|\n|t:|1776638391\n|detailschange|p1a: Lopunny|Lopunny-Mega, L50, M, shiny\n|-mega|p1a: Lopunny|Lopunny|Lopunnite\n|move|p1a: Lopunny|Fake Out|p2a: Furfrou\n|-damage|p2a: Furfrou|86/100\n|cant|p2a: Furfrou|flinch\n|\n|-heal|p2a: Furfrou|92/100|[from] item: Leftovers\n|upkeep\n|turn|5\n|\n|t:|1776638403\n|move|p1a: Lopunny|Close Combat|p2a: Furfrou\n|-supereffective|p2a: Furfrou|1\n|-damage|p2a: Furfrou|3/100\n|-unboost|p1a: Lopunny|def|1\n|-unboost|p1a: Lopunny|spd|1\n|move|p2a: Furfrou|Cotton Guard|p2a: Furfrou\n|-boost|p2a: Furfrou|def|3\n|\n|-heal|p2a: Furfrou|9/100|[from] item: Leftovers\n|upkeep\n|turn|6\n|\n|t:|1776638414\n|move|p2a: Furfrou|Sucker Punch|p1a: Lopunny\n|-resisted|p1a: Lopunny|1\n|-damage|p1a: Lopunny|81/100\n|move|p1a: Lopunny|U-turn|p2a: Furfrou\n|-damage|p2a: Furfrou|0 fnt\n|faint|p2a: Furfrou\n|\n|upkeep\n|\n|t:|1776638422\n|switch|p2a: Aggron|Aggron, L50, F, shiny|100/100\n|-activate|p2a: Aggron|move: Sticky Web\n|-unboost|p2a: Aggron|spe|1\n|turn|7\n|\n|t:|1776638428\n|detailschange|p2a: Aggron|Aggron-Mega, L50, F, shiny\n|-mega|p2a: Aggron|Aggron|Aggronite\n|move|p1a: Lopunny|Close Combat|p2a: Aggron\n|-supereffective|p2a: Aggron|1\n|-damage|p2a: Aggron|52/100\n|-unboost|p1a: Lopunny|def|1\n|-unboost|p1a: Lopunny|spd|1\n|move|p2a: Aggron|Heavy Slam|p1a: Lopunny\n|-damage|p1a: Lopunny|0 fnt\n|faint|p1a: Lopunny\n|\n|win|hijanu\n|raw|BTS best's rating: 1066 &rarr; <strong>1047</strong><br />(-19 for losing)\n|raw|hijanu's rating: 1077 &rarr; <strong>1105</strong><br />(+28 for winning)\n",
  "uploadtime": 1776638441,
  "views": 1,
  "formatid": "gen9championsbssregma",
  "rating": 1047,
  "private": 0,
  "password": null
}