{
  "id": "gen9championsbssregma-2584103501",
  "format": "[Gen 9 Champions] BSS Reg M-A",
  "players": [
    "sca1031",
    "DustFox22"
  ],
  "log": "|j|\u2606sca1031\n|j|\u2606DustFox22\n|t:|1776225481\n|gametype|singles\n|player|p1|sca1031|169|1288\n|player|p2|DustFox22|169|1209\n|gen|9\n|tier|[Gen 9 Champions] BSS Reg M-A\n|rated|\n|rule|Species Clause: Limit one of each Pok\u00e9mon\n|rule|Item Clause: Limit 1 of each item\n|clearpoke\n|poke|p1|Clefable, L50, M|\n|poke|p1|Archaludon, L50, M|\n|poke|p1|Snorlax, L50, F|\n|poke|p1|Gyarados, L50, F|\n|poke|p1|Hippowdon, L50, M|\n|poke|p1|Aegislash, L50, M|\n|poke|p2|Arcanine, L50, F|\n|poke|p2|Dragonite, L50, M|\n|poke|p2|Sylveon, L50, M|\n|poke|p2|Rotom-Wash, L50|\n|poke|p2|Corviknight, L50, F|\n|poke|p2|Excadrill, L50, F|\n|teampreview|3\n|inactive|Battle timer is ON: inactive players will automatically lose when time's up. (requested by DustFox22)\n|\n|t:|1776225530\n|teamsize|p1|3\n|teamsize|p2|3\n|start\n|switch|p1a: Hippowdon|Hippowdon, L50, M|100/100\n|switch|p2a: Dewalt|Excadrill, L50, F, shiny|100/100\n|-ability|p2a: Dewalt|Mold Breaker\n|-weather|Sandstorm|[from] ability: Sand Stream|[of] p1a: Hippowdon\n|turn|1\n|\n|t:|1776225543\n|move|p2a: Dewalt|Stealth Rock|p1a: Hippowdon\n|-sidestart|p1: sca1031|move: Stealth Rock\n|move|p1a: Hippowdon|Earthquake|p2a: Dewalt\n|-supereffective|p2a: Dewalt|1\n|-enditem|p2a: Dewalt|Focus Sash\n|-damage|p2a: Dewalt|1/100\n|\n|-weather|Sandstorm|[upkeep]\n|upkeep\n|turn|2\n|\n|t:|1776225554\n|switch|p2a: Puff|Dragonite, L50, M|100/100\n|move|p1a: Hippowdon|Stealth Rock|p2a: Puff\n|-sidestart|p2: DustFox22|move: Stealth Rock\n|\n|-weather|Sandstorm|[upkeep]\n|-damage|p2a: Puff|94/100|[from] Sandstorm\n|upkeep\n|turn|3\n|\n|t:|1776225567\n|detailschange|p2a: Puff|Dragonite-Mega, L50, M\n|-mega|p2a: Puff|Dragonite|Dragoninite\n|move|p2a: Puff|Air Slash|p1a: Hippowdon\n|-damage|p1a: Hippowdon|65/100\n|move|p1a: Hippowdon|Yawn|p2a: Puff\n|-start|p2a: Puff|move: Yawn|[of] p1a: Hippowdon\n|\n|-weather|Sandstorm|[upkeep]\n|-damage|p2a: Puff|88/100|[from] Sandstorm\n|upkeep\n|turn|4\n|\n|t:|1776225577\n|move|p2a: Puff|Draco Meteor|p1a: Hippowdon\n|-damage|p1a: Hippowdon|5/100\n|-unboost|p2a: Puff|spa|2\n|-enditem|p1a: Hippowdon|Sitrus Berry|[eat]\n|-heal|p1a: Hippowdon|30/100|[from] item: Sitrus Berry\n|move|p1a: Hippowdon|Slack Off|p1a: Hippowdon\n|-heal|p1a: Hippowdon|80/100\n|\n|-weather|Sandstorm|[upkeep]\n|-damage|p2a: Puff|82/100|[from] Sandstorm\n|-end|p2a: Puff|move: Yawn|[silent]\n|-status|p2a: Puff|slp\n|upkeep\n|turn|5\n|\n|t:|1776225595\n|switch|p1a: Archaludon|Archaludon, L50, M|100/100\n|-damage|p1a: Archaludon|95/100|[from] Stealth Rock\n|cant|p2a: Puff|slp\n|\n|-weather|none\n|upkeep\n|turn|6\n|\n|t:|1776225605\n|switch|p2a: Ari|Arcanine, L50, F|100/100\n|-damage|p2a: Ari|76/100|[from] Stealth Rock\n|-ability|p2a: Ari|Intimidate|boost\n|-unboost|p1a: Archaludon|atk|1\n|move|p1a: Archaludon|Thunderbolt|p2a: Ari\n|-damage|p2a: Ari|32/100\n|-enditem|p2a: Ari|Sitrus Berry|[eat]\n|-heal|p2a: Ari|56/100|[from] item: Sitrus Berry\n|\n|upkeep\n|turn|7\n|\n|t:|1776225616\n|move|p2a: Ari|Close Combat|p1a: Archaludon\n|-supereffective|p1a: Archaludon|1\n|-enditem|p1a: Archaludon|Chople Berry|[eat]\n|-enditem|p1a: Archaludon|Chople Berry|[weaken]\n|-damage|p1a: Archaludon|65/100\n|-unboost|p2a: Ari|def|1\n|-unboost|p2a: Ari|spd|1\n|-ability|p1a: Archaludon|Stamina|boost\n|-boost|p1a: Archaludon|def|1\n|move|p1a: Archaludon|Thunderbolt|p2a: Ari\n|-damage|p2a: Ari|0 fnt\n|faint|p2a: Ari\n|\n|upkeep\n|\n|t:|1776225627\n|switch|p2a: Dewalt|Excadrill, L50, F, shiny|1/100\n|-damage|p2a: Dewalt|0 fnt|[from] Stealth Rock\n|faint|p2a: Dewalt\n|\n|t:|1776225631\n|switch|p2a: Puff|Dragonite-Mega, L50, M|82/100 slp\n|-damage|p2a: Puff|58/100 slp|[from] Stealth Rock\n|turn|8\n|\n|t:|1776225639\n|-curestatus|p2a: Puff|slp|[msg]\n|move|p2a: Puff|Draco Meteor|p1a: Archaludon\n|-damage|p1a: Archaludon|0 fnt\n|-unboost|p2a: Puff|spa|2\n|faint|p1a: Archaludon\n|\n|upkeep\n|j| p74\n|\n|t:|1776225651\n|switch|p1a: Gyarados|Gyarados, L50, F|100/100\n|-damage|p1a: Gyarados|76/100|[from] Stealth Rock\n|-ability|p1a: Gyarados|Intimidate|boost\n|-unboost|p2a: Puff|atk|1\n|turn|9\n|\n|t:|1776225659\n|detailschange|p1a: Gyarados|Gyarados-Mega, L50, F\n|-mega|p1a: Gyarados|Gyarados|Gyaradosite\n|-ability|p1a: Gyarados|Mold Breaker\n|move|p1a: Gyarados|Crunch|p2a: Puff\n|-damage|p2a: Puff|13/100\n|move|p2a: Puff|Thunderbolt|p1a: Gyarados\n|-supereffective|p1a: Gyarados|1\n|-damage|p1a: Gyarados|44/100\n|\n|upkeep\n|turn|10\n|\n|t:|1776225670\n|move|p1a: Gyarados|Crunch|p2a: Puff\n|-damage|p2a: Puff|0 fnt\n|faint|p2a: Puff\n|\n|win|sca1031\n|raw|sca1031's rating: 1288 &rarr; <strong>1307</strong><br />(+19 for winning)\n|raw|DustFox22's rating: 1209 &rarr; <strong>1190</strong><br />(-19 for losing)\n|l|\u2606DustFox22\n|player|p2|\n|l|\u2606sca1031\n|player|p1|\n",
  "uploadtime": 1776225805,
  "views": 4,
  "formatid": "gen9championsbssregma",
  "rating": 1190,
  "private": 0,
  "password": null
}