{
  "id": "gen9championsbssregma-2583907356",
  "format": "[Gen 9 Champions] BSS Reg M-A",
  "players": [
    "mo0613",
    "Randrz"
  ],
  "log": "|j|\u2606mo0613\n|j|\u2606Randrz\n|t:|1776207255\n|gametype|singles\n|player|p1|mo0613|psychic-gen4|1118\n|player|p2|Randrz|2|1119\n|gen|9\n|tier|[Gen 9 Champions] BSS Reg M-A\n|rated|\n|rule|Species Clause: Limit one of each Pok\u00e9mon\n|rule|Item Clause: Limit 1 of each item\n|clearpoke\n|poke|p1|Hippowdon, L50, F|\n|poke|p1|Primarina, L50, F|\n|poke|p1|Dragonite, L50, F|\n|poke|p1|Zoroark-Hisui, L50, M|\n|poke|p1|Starmie, L50|\n|poke|p1|Meowscarada, L50, M|\n|poke|p2|Dragonite, L50, F|\n|poke|p2|Blastoise, L50, F|\n|poke|p2|Meganium, L50, F|\n|poke|p2|Espathra, L50, F|\n|poke|p2|Whimsicott, L50, F|\n|poke|p2|Charizard, L50, M|\n|teampreview|3\n|inactive|Battle timer is ON: inactive players will automatically lose when time's up. (requested by mo0613)\n|inactive|mo0613 has 60 seconds left.\n|\n|t:|1776207291\n|teamsize|p1|3\n|teamsize|p2|3\n|start\n|switch|p1a: muscle is muscle|Starmie, L50|100/100\n|switch|p2a: Espathra|Espathra, L50, F, shiny|100/100\n|turn|1\n|\n|t:|1776207297\n|detailschange|p1a: muscle is muscle|Starmie-Mega, L50\n|-mega|p1a: muscle is muscle|Starmie|Starminite\n|move|p2a: Espathra|Protect|p2a: Espathra\n|-singleturn|p2a: Espathra|Protect\n|move|p1a: muscle is muscle|Liquidation|p2a: Espathra\n|-activate|p2a: Espathra|move: Protect\n|\n|-ability|p2a: Espathra|Speed Boost|boost\n|-boost|p2a: Espathra|spe|1\n|upkeep\n|turn|2\n|\n|t:|1776207306\n|move|p2a: Espathra|Calm Mind|p2a: Espathra\n|-boost|p2a: Espathra|spa|1\n|-boost|p2a: Espathra|spd|1\n|move|p1a: muscle is muscle|Rapid Spin|p2a: Espathra\n|-damage|p2a: Espathra|61/100\n|-boost|p1a: muscle is muscle|spe|1\n|\n|-ability|p2a: Espathra|Speed Boost|boost\n|-boost|p2a: Espathra|spe|1\n|upkeep\n|turn|3\n|\n|t:|1776207320\n|move|p2a: Espathra|Baton Pass|p2a: Espathra\n|\n|t:|1776207325\n|switch|p2a: Meganium|Meganium, L50, F|100/100|[from] Baton Pass\n|move|p1a: muscle is muscle|Ice Spinner|p2a: Meganium\n|-supereffective|p2a: Meganium|1\n|-damage|p2a: Meganium|0 fnt\n|faint|p2a: Meganium\n|\n|upkeep\n|\n|t:|1776207328\n|switch|p2a: Espathra|Espathra, L50, F, shiny|61/100\n|turn|4\n|\n|t:|1776207332\n|move|p2a: Espathra|Protect|p2a: Espathra\n|-singleturn|p2a: Espathra|Protect\n|move|p1a: muscle is muscle|Liquidation|p2a: Espathra\n|-activate|p2a: Espathra|move: Protect\n|\n|-ability|p2a: Espathra|Speed Boost|boost\n|-boost|p2a: Espathra|spe|1\n|upkeep\n|turn|5\n|\n|t:|1776207337\n|move|p1a: muscle is muscle|Liquidation|p2a: Espathra\n|-damage|p2a: Espathra|0 fnt\n|faint|p2a: Espathra\n|\n|upkeep\n|\n|t:|1776207341\n|switch|p2a: Blastoise|Blastoise, L50, F|100/100\n|turn|6\n|\n|t:|1776207345\n|move|p1a: muscle is muscle|Rapid Spin|p2a: Blastoise\n|-damage|p2a: Blastoise|67/100\n|-boost|p1a: muscle is muscle|spe|1\n|move|p2a: Blastoise|Shell Smash|p2a: Blastoise\n|-unboost|p2a: Blastoise|def|1\n|-unboost|p2a: Blastoise|spd|1\n|-boost|p2a: Blastoise|atk|2\n|-boost|p2a: Blastoise|spa|2\n|-boost|p2a: Blastoise|spe|2\n|\n|upkeep\n|turn|7\n|\n|t:|1776207359\n|detailschange|p2a: Blastoise|Blastoise-Mega, L50, F\n|-mega|p2a: Blastoise|Blastoise|Blastoisinite\n|move|p1a: muscle is muscle|Rapid Spin|p2a: Blastoise\n|-damage|p2a: Blastoise|27/100\n|-boost|p1a: muscle is muscle|spe|1\n|move|p2a: Blastoise|Shell Smash|p2a: Blastoise\n|-unboost|p2a: Blastoise|def|1\n|-unboost|p2a: Blastoise|spd|1\n|-boost|p2a: Blastoise|atk|2\n|-boost|p2a: Blastoise|spa|2\n|-boost|p2a: Blastoise|spe|2\n|\n|upkeep\n|turn|8\n|\n|t:|1776207366\n|move|p1a: muscle is muscle|Rapid Spin|p2a: Blastoise\n|-damage|p2a: Blastoise|0 fnt\n|-boost|p1a: muscle is muscle|spe|1\n|faint|p2a: Blastoise\n|\n|win|mo0613\n|raw|mo0613's rating: 1118 &rarr; <strong>1143</strong><br />(+25 for winning)\n|raw|Randrz's rating: 1119 &rarr; <strong>1094</strong><br />(-25 for losing)\n",
  "uploadtime": 1776207369,
  "views": 1,
  "formatid": "gen9championsbssregma",
  "rating": 1094,
  "private": 0,
  "password": null
}