{
  "id": "gen9championsbssregma-2582832270",
  "format": "[Gen 9 Champions] BSS Reg M-A",
  "players": [
    "Misterman108",
    "DGENERAT"
  ],
  "log": "|j|\u2606Misterman108\n|j|\u2606DGENERAT\n|t:|1776117532\n|gametype|singles\n|player|p1|Misterman108|169|1153\n|player|p2|DGENERAT|guzma|1220\n|gen|9\n|tier|[Gen 9 Champions] BSS Reg M-A\n|rated|\n|rule|Species Clause: Limit one of each Pok\u00e9mon\n|rule|Item Clause: Limit 1 of each item\n|clearpoke\n|poke|p1|Greninja-*, L50, F|\n|poke|p1|Talonflame, L50, M|\n|poke|p1|Ninetales-Alola, L50, F|\n|poke|p1|Lucario, L50, F|\n|poke|p1|Garchomp, L50, M|\n|poke|p1|Serperior, L50, F|\n|poke|p2|Pelipper, L50, M|\n|poke|p2|Mimikyu, L50, F|\n|poke|p2|Archaludon, L50, F|\n|poke|p2|Meganium, L50, F|\n|poke|p2|Garchomp, L50, F|\n|poke|p2|Basculegion, L50, M|\n|teampreview|3\n|inactive|Battle timer is ON: inactive players will automatically lose when time's up. (requested by Misterman108)\n|\n|t:|1776117554\n|teamsize|p1|3\n|teamsize|p2|3\n|start\n|switch|p1a: Lucario|Lucario, L50, F|100/100\n|switch|p2a: Archaludon|Archaludon, L50, F, shiny|100/100\n|turn|1\n|\n|t:|1776117564\n|switch|p2a: Pelipper|Pelipper, L50, M|100/100\n|-weather|RainDance|[from] ability: Drizzle|[of] p2a: Pelipper\n|detailschange|p1a: Lucario|Lucario-Mega, L50, F\n|-mega|p1a: Lucario|Lucario|Lucarionite\n|move|p1a: Lucario|Drain Punch|p2a: Pelipper\n|-resisted|p2a: Pelipper|1\n|-damage|p2a: Pelipper|61/100\n|\n|-weather|RainDance|[upkeep]\n|upkeep\n|turn|2\n|\n|t:|1776117572\n|move|p1a: Lucario|Thunder Punch|p2a: Pelipper\n|-supereffective|p2a: Pelipper|2\n|-damage|p2a: Pelipper|0 fnt\n|faint|p2a: Pelipper\n|\n|-weather|RainDance|[upkeep]\n|upkeep\n|\n|t:|1776117574\n|switch|p2a: Archaludon|Archaludon, L50, F, shiny|100/100\n|turn|3\n|\n|t:|1776117581\n|move|p2a: Archaludon|Electro Shot||[still]\n|-prepare|p2a: Archaludon|Electro Shot\n|-boost|p2a: Archaludon|spa|1\n|-anim|p2a: Archaludon|Electro Shot|p1a: Lucario\n|-damage|p1a: Lucario|0 fnt\n|faint|p1a: Lucario\n|\n|-weather|RainDance|[upkeep]\n|upkeep\n|\n|t:|1776117586\n|switch|p1a: Garchomp|Garchomp, L50, M|100/100\n|turn|4\n|\n|t:|1776117589\n|switch|p2a: Meganium|Meganium, L50, F|100/100\n|move|p1a: Garchomp|Earthquake|p2a: Meganium\n|-resisted|p2a: Meganium|1\n|-damage|p2a: Meganium|71/100\n|\n|-weather|RainDance|[upkeep]\n|upkeep\n|turn|5\n|\n|t:|1776117594\n|switch|p1a: Ninetales|Ninetales-Alola, L50, F|100/100\n|-weather|Snowscape|[from] ability: Snow Warning|[of] p1a: Ninetales\n|detailschange|p2a: Meganium|Meganium-Mega, L50, F\n|-mega|p2a: Meganium|Meganium|Meganiumite\n|move|p2a: Meganium|Dazzling Gleam|p1a: Ninetales\n|-damage|p1a: Ninetales|44/100\n|\n|-weather|Snowscape|[upkeep]\n|upkeep\n|turn|6\n|j| Togekiss2000\n|\n|t:|1776117603\n|switch|p2a: Archaludon|Archaludon, L50, F, shiny|100/100\n|move|p1a: Ninetales|Blizzard|p2a: Archaludon\n|-damage|p2a: Archaludon|27/100\n|\n|-weather|Snowscape|[upkeep]\n|upkeep\n|turn|7\n|\n|t:|1776117608\n|move|p2a: Archaludon|Flash Cannon|p1a: Ninetales\n|-supereffective|p1a: Ninetales|2\n|-damage|p1a: Ninetales|0 fnt\n|faint|p1a: Ninetales\n|\n|-weather|Snowscape|[upkeep]\n|upkeep\n|\n|t:|1776117610\n|switch|p1a: Garchomp|Garchomp, L50, M|100/100\n|turn|8\n|\n|t:|1776117615\n|move|p1a: Garchomp|Earthquake|p2a: Archaludon\n|-supereffective|p2a: Archaludon|1\n|-damage|p2a: Archaludon|0 fnt\n|faint|p2a: Archaludon\n|\n|-weather|Snowscape|[upkeep]\n|upkeep\n|\n|t:|1776117617\n|switch|p2a: Meganium|Meganium-Mega, L50, F|71/100\n|turn|9\n|\n|t:|1776117619\n|move|p1a: Garchomp|Earthquake|p2a: Meganium\n|-resisted|p2a: Meganium|1\n|-crit|p2a: Meganium\n|-damage|p2a: Meganium|30/100\n|move|p2a: Meganium|Synthesis|p2a: Meganium\n|-heal|p2a: Meganium|97/100\n|\n|-weather|none\n|upkeep\n|turn|10\n|\n|t:|1776117621\n|move|p1a: Garchomp|Earthquake|p2a: Meganium\n|-resisted|p2a: Meganium|1\n|-damage|p2a: Meganium|71/100\n|move|p2a: Meganium|Synthesis|p2a: Meganium\n|-heal|p2a: Meganium|100/100\n|\n|upkeep\n|turn|11\n|\n|t:|1776117623\n|move|p1a: Garchomp|Earthquake|p2a: Meganium\n|-resisted|p2a: Meganium|1\n|-crit|p2a: Meganium\n|-damage|p2a: Meganium|64/100\n|move|p2a: Meganium|Dazzling Gleam|p1a: Garchomp\n|-supereffective|p1a: Garchomp|1\n|-damage|p1a: Garchomp|0 fnt\n|faint|p1a: Garchomp\n|\n|win|DGENERAT\n|raw|Misterman108's rating: 1153 &rarr; <strong>1133</strong><br />(-20 for losing)\n|raw|DGENERAT's rating: 1220 &rarr; <strong>1240</strong><br />(+20 for winning)\n|l|\u2606Misterman108\n|player|p1|\n|l| Togekiss2000\n|l|\u2606DGENERAT\n|player|p2|\n|j|\u2606DGENERAT\n|player|p2|DGENERAT|guzma|\n",
  "uploadtime": 1776117707,
  "views": 34,
  "formatid": "gen9championsbssregma",
  "rating": 1133,
  "private": 0,
  "password": null
}