{
  "id": "gen9championsbssregma-2581347198",
  "format": "[Gen 9 Champions] BSS Reg M-A",
  "players": [
    "pacmaster000",
    "Xei_Arakis2"
  ],
  "log": "|j|\u2606pacmaster000\n|j|\u2606Xei_Arakis2\n|t:|1775989858\n|gametype|singles\n|player|p1|pacmaster000|scientist-gen4dp|1116\n|player|p2|Xei_Arakis2|265|1260\n|gen|9\n|tier|[Gen 9 Champions] BSS Reg M-A\n|rated|\n|rule|Species Clause: Limit one of each Pok\u00e9mon\n|rule|Item Clause: Limit 1 of each item\n|clearpoke\n|poke|p1|Sinistcha, L50|\n|poke|p1|Froslass, L50, F|\n|poke|p1|Rotom-Wash, L50|\n|poke|p1|Garchomp, L50, M|\n|poke|p1|Kingambit, L50, M|\n|poke|p1|Mimikyu, L50, F|\n|poke|p2|Kangaskhan, L50, F|\n|poke|p2|Garchomp, L50, M|\n|poke|p2|Aegislash, L50, F|\n|poke|p2|Umbreon, L50, M|\n|poke|p2|Delphox, L50, M|\n|poke|p2|Primarina, L50, M|\n|teampreview|3\n|\n|t:|1775989906\n|teamsize|p1|3\n|teamsize|p2|3\n|start\n|switch|p1a: Rotom|Rotom-Wash, L50|100/100\n|switch|p2a: Kangaskhan|Kangaskhan, L50, F|100/100\n|turn|1\n|\n|t:|1775989913\n|detailschange|p2a: Kangaskhan|Kangaskhan-Mega, L50, F\n|-mega|p2a: Kangaskhan|Kangaskhan|Kangaskhanite\n|move|p1a: Rotom|Protect|p1a: Rotom\n|-singleturn|p1a: Rotom|Protect\n|move|p2a: Kangaskhan|Fake Out|p1a: Rotom\n|-activate|p1a: Rotom|move: Protect\n|\n|upkeep\n|turn|2\n|\n|t:|1775989921\n|switch|p2a: Umbreon|Umbreon, L50, M|100/100\n|move|p1a: Rotom|Will-O-Wisp|p2a: Umbreon\n|-status|p2a: Umbreon|brn\n|-activate|p2a: Umbreon|ability: Synchronize\n|-status|p1a: Rotom|brn\n|\n|-damage|p1a: Rotom|95/100 brn|[from] brn\n|-damage|p2a: Umbreon|95/100 brn|[from] brn\n|upkeep\n|turn|3\n|\n|t:|1775989937\n|move|p2a: Umbreon|Protect|p2a: Umbreon\n|-singleturn|p2a: Umbreon|Protect\n|move|p1a: Rotom|Volt Switch|p2a: Umbreon\n|-activate|p2a: Umbreon|move: Protect\n|\n|-heal|p1a: Rotom|100/100 brn|[from] item: Leftovers\n|-heal|p2a: Umbreon|100/100 brn|[from] item: Leftovers\n|-damage|p1a: Rotom|95/100 brn|[from] brn\n|-damage|p2a: Umbreon|95/100 brn|[from] brn\n|upkeep\n|turn|4\n|\n|t:|1775989950\n|move|p1a: Rotom|Volt Switch|p2a: Umbreon\n|-damage|p2a: Umbreon|77/100 brn\n|\n|t:|1775989959\n|switch|p1a: Mimikyu|Mimikyu, L50, F|100/100|[from] Volt Switch\n|move|p2a: Umbreon|Yawn|p1a: Mimikyu\n|-start|p1a: Mimikyu|move: Yawn|[of] p2a: Umbreon\n|\n|-heal|p2a: Umbreon|83/100 brn|[from] item: Leftovers\n|-damage|p2a: Umbreon|77/100 brn|[from] brn\n|upkeep\n|turn|5\n|\n|t:|1775989971\n|switch|p1a: Rotom|Rotom-Wash, L50|95/100 brn\n|move|p2a: Umbreon|Foul Play|p1a: Rotom\n|-damage|p1a: Rotom|85/100 brn\n|\n|-heal|p1a: Rotom|91/100 brn|[from] item: Leftovers\n|-heal|p2a: Umbreon|83/100 brn|[from] item: Leftovers\n|-damage|p1a: Rotom|85/100 brn|[from] brn\n|-damage|p2a: Umbreon|77/100 brn|[from] brn\n|upkeep\n|turn|6\n|\n|t:|1775989982\n|move|p1a: Rotom|Volt Switch|p2a: Umbreon\n|-damage|p2a: Umbreon|57/100 brn\n|\n|t:|1775989985\n|switch|p1a: Mimikyu|Mimikyu, L50, F|100/100|[from] Volt Switch\n|move|p2a: Umbreon|Foul Play|p1a: Mimikyu\n|-activate|p1a: Mimikyu|ability: Disguise\n|-damage|p1a: Mimikyu|100/100\n|detailschange|p1a: Mimikyu|Mimikyu-Busted, L50, F\n|-damage|p1a: Mimikyu|88/100|[from] pokemon: Mimikyu-Busted\n|\n|-heal|p2a: Umbreon|63/100 brn|[from] item: Leftovers\n|-damage|p2a: Umbreon|57/100 brn|[from] brn\n|upkeep\n|turn|7\n|\n|t:|1775989999\n|switch|p2a: Kangaskhan|Kangaskhan-Mega, L50, F|100/100\n|move|p1a: Mimikyu|Play Rough|p2a: Kangaskhan\n|-damage|p2a: Kangaskhan|67/100\n|\n|upkeep\n|turn|8\n|\n|t:|1775990006\n|switch|p1a: Rotom|Rotom-Wash, L50|85/100 brn\n|move|p2a: Kangaskhan|Earthquake|p1a: Rotom\n|-immune|p1a: Rotom|[from] ability: Levitate\n|\n|-heal|p1a: Rotom|91/100 brn|[from] item: Leftovers\n|-damage|p1a: Rotom|85/100 brn|[from] brn\n|upkeep\n|turn|9\n|-message|Xei_Arakis2 forfeited.\n|\n|win|pacmaster000\n|raw|pacmaster000's rating: 1116 &rarr; <strong>1151</strong><br />(+35 for winning)\n|raw|Xei_Arakis2's rating: 1260 &rarr; <strong>1225</strong><br />(-35 for losing)\n|l|\u2606Xei_Arakis2\n|player|p2|\n",
  "uploadtime": 1775990014,
  "views": 25,
  "formatid": "gen9championsbssregma",
  "rating": 1151,
  "private": 0,
  "password": null
}