{
  "id": "gen9championsbssregma-2583812769",
  "format": "[Gen 9 Champions] BSS Reg M-A",
  "players": [
    "HeavyLobsterAlf",
    "leftmygfforafemboy"
  ],
  "log": "|j|\u2606HeavyLobsterAlf\n|j|\u2606leftmygfforafemboy\n|t:|1776199631\n|gametype|singles\n|player|p1|HeavyLobsterAlf|phoebe-masters|1107\n|player|p2|leftmygfforafemboy|lucas|1106\n|gen|9\n|tier|[Gen 9 Champions] BSS Reg M-A\n|rated|\n|rule|Species Clause: Limit one of each Pok\u00e9mon\n|rule|Item Clause: Limit 1 of each item\n|clearpoke\n|poke|p1|Slowking, L50, M|\n|poke|p1|Toucannon, L50, M|\n|poke|p1|Crabominable, L50, F|\n|poke|p1|Gyarados, L50, F|\n|poke|p1|Ninetales-Alola, L50, F|\n|poke|p1|Arcanine-Hisui, L50, M|\n|poke|p2|Pinsir, L50, M|\n|poke|p2|Mamoswine, L50, M|\n|poke|p2|Primarina, L50, F|\n|poke|p2|Garchomp, L50, M|\n|poke|p2|Aegislash, L50, F|\n|poke|p2|Clefable, L50, M|\n|teampreview|3\n|\n|t:|1776199645\n|teamsize|p1|3\n|teamsize|p2|3\n|start\n|switch|p1a: Slowking|Slowking, L50, M|100/100\n|switch|p2a: Mamoswine|Mamoswine, L50, M|100/100\n|turn|1\n|\n|t:|1776199656\n|move|p2a: Mamoswine|Stealth Rock|p1a: Slowking\n|-sidestart|p1: HeavyLobsterAlf|move: Stealth Rock\n|move|p1a: Slowking|Trick Room|p1a: Slowking\n|-fieldstart|move: Trick Room|[of] p1a: Slowking\n|\n|upkeep\n|turn|2\n|\n|t:|1776199663\n|move|p1a: Slowking|Scald|p2a: Mamoswine\n|-supereffective|p2a: Mamoswine|1\n|-damage|p2a: Mamoswine|26/100\n|move|p2a: Mamoswine|Earthquake|p1a: Slowking\n|-damage|p1a: Slowking|60/100\n|\n|upkeep\n|turn|3\n|\n|t:|1776199670\n|switch|p2a: Primarina|Primarina, L50, F|100/100\n|move|p1a: Slowking|Scald|p2a: Primarina\n|-resisted|p2a: Primarina|1\n|-damage|p2a: Primarina|87/100\n|\n|upkeep\n|turn|4\n|\n|t:|1776199674\n|-prepare|p1a: Slowking|Chilly Reception|[premajor]\n|move|p1a: Slowking|Chilly Reception|p1a: Slowking\n|-weather|Snowscape\n|\n|t:|1776199676\n|switch|p1a: Toucannon|Toucannon, L50, M|100/100|[from] Chilly Reception\n|-damage|p1a: Toucannon|76/100|[from] Stealth Rock\n|move|p2a: Primarina|Calm Mind|p2a: Primarina\n|-boost|p2a: Primarina|spa|1\n|-boost|p2a: Primarina|spd|1\n|\n|-weather|Snowscape|[upkeep]\n|upkeep\n|turn|5\n|\n|t:|1776199678\n|move|p1a: Toucannon|Bullet Seed|p2a: Primarina\n|-supereffective|p2a: Primarina|1\n|-damage|p2a: Primarina|62/100\n|-supereffective|p2a: Primarina|1\n|-damage|p2a: Primarina|32/100\n|-supereffective|p2a: Primarina|1\n|-damage|p2a: Primarina|6/100\n|-supereffective|p2a: Primarina|1\n|-damage|p2a: Primarina|0 fnt\n|faint|p2a: Primarina\n|-hitcount|p2: Primarina|4\n|\n|-weather|Snowscape|[upkeep]\n|-fieldend|move: Trick Room\n|upkeep\n|\n|t:|1776199682\n|switch|p2a: Mamoswine|Mamoswine, L50, M|26/100\n|turn|6\n|\n|t:|1776199686\n|switch|p1a: Slowking|Slowking, L50, M|93/100\n|-damage|p1a: Slowking|81/100|[from] Stealth Rock\n|move|p2a: Mamoswine|Icicle Spear|p1a: Slowking\n|-resisted|p1a: Slowking|1\n|-damage|p1a: Slowking|75/100\n|-resisted|p1a: Slowking|1\n|-damage|p1a: Slowking|70/100\n|-hitcount|p1a: Slowking|2\n|\n|-weather|Snowscape|[upkeep]\n|upkeep\n|turn|7\n|-message|leftmygfforafemboy forfeited.\n|\n|win|HeavyLobsterAlf\n|raw|HeavyLobsterAlf's rating: 1107 &rarr; <strong>1132</strong><br />(+25 for winning)\n|raw|leftmygfforafemboy's rating: 1106 &rarr; <strong>1081</strong><br />(-25 for losing)\n|l|\u2606leftmygfforafemboy\n|player|p2|\n",
  "uploadtime": 1776199692,
  "views": 1,
  "formatid": "gen9championsbssregma",
  "rating": 1081,
  "private": 0,
  "password": null
}