{
  "id": "gen9championsbssregma-2580513642",
  "format": "[Gen 9 Champions] BSS Reg M-A",
  "players": [
    "nowhere60",
    "dgvewe"
  ],
  "log": "|j|\u2606nowhere60\n|j|\u2606dgvewe\n|t:|1775907256\n|gametype|singles\n|player|p1|nowhere60|170|1092\n|player|p2|dgvewe|fisherman-gen4|1000\n|gen|9\n|tier|[Gen 9 Champions] BSS Reg M-A\n|rated|\n|rule|Species Clause: Limit one of each Pok\u00e9mon\n|rule|Item Clause: Limit 1 of each item\n|clearpoke\n|poke|p1|Lycanroc, L50, F|\n|poke|p1|Incineroar, L50, M|\n|poke|p1|Scovillain, L50, M|\n|poke|p1|Ditto, L50|\n|poke|p1|Dragapult, L50, F|\n|poke|p1|Alakazam, L50, M|\n|poke|p2|Hatterene, L50, F|\n|poke|p2|Golurk, L50|\n|poke|p2|Oranguru, L50, M|\n|poke|p2|Venusaur, L50, F|\n|poke|p2|Snorlax, L50, F|\n|poke|p2|Milotic, L50, M|\n|teampreview|3\n|\n|t:|1775907267\n|teamsize|p1|3\n|teamsize|p2|3\n|start\n|switch|p1a: Dragapult|Dragapult, L50, F|100/100\n|switch|p2a: Hatterene|Hatterene, L50, F|100/100\n|turn|1\n|\n|t:|1775907281\n|move|p1a: Dragapult|Light Screen|p1a: Dragapult\n|-sidestart|p1: nowhere60|move: Light Screen\n|move|p2a: Hatterene|Trick Room|p2a: Hatterene\n|-fieldstart|move: Trick Room|[of] p2a: Hatterene\n|\n|upkeep\n|turn|2\n|\n|t:|1775907292\n|move|p2a: Hatterene|Misty Explosion|p1a: Dragapult\n|-supereffective|p1a: Dragapult|1\n|-damage|p1a: Dragapult|21/100\n|faint|p2a: Hatterene\n|move|p1a: Dragapult|Curse|p2: Hatterene|[notarget]\n|-fail|p1a: Dragapult\n|\n|upkeep\n|\n|t:|1775907300\n|switch|p2a: Golurk|Golurk, L50|100/100\n|turn|3\n|\n|t:|1775907306\n|detailschange|p2a: Golurk|Golurk-Mega, L50\n|-mega|p2a: Golurk|Golurk|Golurkite\n|move|p2a: Golurk|Shadow Punch|p1a: Dragapult\n|-supereffective|p1a: Dragapult|1\n|-damage|p1a: Dragapult|0 fnt\n|faint|p1a: Dragapult\n|\n|upkeep\n|\n|t:|1775907312\n|switch|p1a: Ditto|Ditto, L50|100/100\n|-transform|p1a: Ditto|p2a: Golurk|[from] ability: Imposter\n|turn|4\n|\n|t:|1775907317\n|move|p2a: Golurk|Shadow Punch|p1a: Ditto\n|-supereffective|p1a: Ditto|1\n|-damage|p1a: Ditto|19/100\n|move|p1a: Ditto|Shadow Punch|p2a: Golurk\n|-supereffective|p2a: Golurk|1\n|-damage|p2a: Golurk|36/100\n|\n|upkeep\n|turn|5\n|\n|t:|1775907323\n|move|p2a: Golurk|Shadow Punch|p1a: Ditto\n|-supereffective|p1a: Ditto|1\n|-crit|p1a: Ditto\n|-damage|p1a: Ditto|0 fnt\n|faint|p1a: Ditto\n|\n|-sideend|p1: nowhere60|move: Light Screen\n|-fieldend|move: Trick Room\n|upkeep\n|\n|t:|1775907326\n|switch|p1a: Alakazam|Alakazam, L50, M|100/100\n|turn|6\n|\n|t:|1775907331\n|switch|p2a: Oranguru|Oranguru, L50, M|100/100\n|move|p1a: Alakazam|Shadow Ball|p2a: Oranguru\n|-immune|p2a: Oranguru\n|\n|upkeep\n|turn|7\n|\n|t:|1775907337\n|detailschange|p1a: Alakazam|Alakazam-Mega, L50, M\n|-mega|p1a: Alakazam|Alakazam|Alakazite\n|-ability|p1a: Alakazam|Telepathy|Trace|[from] ability: Trace|[of] p2a: Oranguru\n|move|p1a: Alakazam|Nasty Plot|p1a: Alakazam\n|-boost|p1a: Alakazam|spa|2\n|move|p2a: Oranguru|Trick Room|p2a: Oranguru\n|-fieldstart|move: Trick Room|[of] p2a: Oranguru\n|\n|upkeep\n|turn|8\n|\n|t:|1775907349\n|move|p2a: Oranguru|Instruct|p1a: Alakazam\n|-singleturn|p1a: Alakazam|move: Instruct|[of] p2a: Oranguru\n|move|p1a: Alakazam|Nasty Plot|p1a: Alakazam\n|-boost|p1a: Alakazam|spa|2\n|move|p1a: Alakazam|Dazzling Gleam|p2a: Oranguru\n|-damage|p2a: Oranguru|31/100\n|\n|-heal|p2a: Oranguru|38/100|[from] item: Leftovers\n|upkeep\n|turn|9\n|\n|t:|1775907358\n|move|p2a: Oranguru|Instruct|p1a: Alakazam\n|-singleturn|p1a: Alakazam|move: Instruct|[of] p2a: Oranguru\n|move|p1a: Alakazam|Dazzling Gleam|p2a: Oranguru\n|-damage|p2a: Oranguru|0 fnt\n|faint|p2a: Oranguru\n|move|p1a: Alakazam|Dazzling Gleam|p2: Oranguru|[notarget]\n|-fail|p1a: Alakazam\n|\n|upkeep\n|\n|t:|1775907365\n|switch|p2a: Golurk|Golurk-Mega, L50|36/100\n|turn|10\n|\n|t:|1775907373\n|move|p2a: Golurk|Shadow Punch|p1a: Alakazam\n|-supereffective|p1a: Alakazam|1\n|-damage|p1a: Alakazam|0 fnt\n|faint|p1a: Alakazam\n|\n|win|dgvewe\n|raw|nowhere60's rating: 1092 &rarr; <strong>1062</strong><br />(-30 for losing)\n|raw|dgvewe's rating: 1000 &rarr; <strong>1050</strong><br />(+50 for winning)\n",
  "uploadtime": 1775907381,
  "views": 16,
  "formatid": "gen9championsbssregma",
  "rating": 1050,
  "private": 0,
  "password": null
}