{
  "id": "gen9championsbssregma-2588100126",
  "format": "[Gen 9 Champions] BSS Reg M-A",
  "players": [
    "adfsdfsdfsdaf",
    "lczsbl"
  ],
  "log": "|j|\u2606adfsdfsdfsdaf\n|j|\u2606lczsbl\n|t:|1776604253\n|gametype|singles\n|player|p1|adfsdfsdfsdaf|2|1199\n|player|p2|lczsbl|roxanne|1110\n|gen|9\n|tier|[Gen 9 Champions] BSS Reg M-A\n|rated|\n|rule|Species Clause: Limit one of each Pok\u00e9mon\n|rule|Item Clause: Limit 1 of each item\n|clearpoke\n|poke|p1|Aegislash, L50, M|\n|poke|p1|Rotom-Heat, L50|\n|poke|p1|Venusaur, L50, F|\n|poke|p1|Clefable, L50, M|\n|poke|p1|Hippowdon, L50, F|\n|poke|p1|Manectric, L50, F|\n|poke|p2|Empoleon, L50, M, shiny|\n|poke|p2|Blastoise, L50, F|\n|poke|p2|Hippowdon, L50, F, shiny|\n|poke|p2|Meowscarada, L50, F|\n|poke|p2|Arcanine-Hisui, L50, M, shiny|\n|poke|p2|Froslass, L50, F|\n|teampreview|3\n|inactive|Battle timer is ON: inactive players will automatically lose when time's up. (requested by adfsdfsdfsdaf)\n|\n|t:|1776604284\n|teamsize|p1|3\n|teamsize|p2|3\n|start\n|switch|p1a: Rotom|Rotom-Heat, L50|100/100\n|switch|p2a: Hippowdon|Hippowdon, L50, F, shiny|100/100\n|-weather|Sandstorm|[from] ability: Sand Stream|[of] p2a: Hippowdon\n|turn|1\n|\n|t:|1776604294\n|move|p1a: Rotom|Overheat|p2a: Hippowdon\n|-damage|p2a: Hippowdon|53/100\n|-unboost|p1a: Rotom|spa|2\n|move|p2a: Hippowdon|Stealth Rock|p1a: Rotom\n|-sidestart|p1: adfsdfsdfsdaf|move: Stealth Rock\n|\n|-weather|Sandstorm|[upkeep]\n|-damage|p1a: Rotom|95/100|[from] Sandstorm\n|upkeep\n|turn|2\n|\n|t:|1776604301\n|switch|p1a: Venusaur|Venusaur, L50, F|100/100\n|-damage|p1a: Venusaur|88/100|[from] Stealth Rock\n|move|p2a: Hippowdon|Slack Off|p2a: Hippowdon\n|-heal|p2a: Hippowdon|100/100\n|\n|-weather|Sandstorm|[upkeep]\n|-damage|p1a: Venusaur|82/100|[from] Sandstorm\n|upkeep\n|turn|3\n|\n|t:|1776604305\n|detailschange|p1a: Venusaur|Venusaur-Mega, L50, F\n|-mega|p1a: Venusaur|Venusaur|Venusaurite\n|move|p1a: Venusaur|Giga Drain|p2a: Hippowdon\n|-supereffective|p2a: Hippowdon|1\n|-damage|p2a: Hippowdon|53/100\n|-heal|p1a: Venusaur|100/100|[from] drain|[of] p2a: Hippowdon\n|move|p2a: Hippowdon|Yawn|p1a: Venusaur\n|-start|p1a: Venusaur|move: Yawn|[of] p2a: Hippowdon\n|\n|-weather|Sandstorm|[upkeep]\n|-damage|p1a: Venusaur|95/100|[from] Sandstorm\n|upkeep\n|turn|4\n|\n|t:|1776604324\n|move|p1a: Venusaur|Giga Drain|p2a: Hippowdon\n|-supereffective|p2a: Hippowdon|1\n|-damage|p2a: Hippowdon|3/100\n|-heal|p1a: Venusaur|100/100|[from] drain|[of] p2a: Hippowdon\n|-enditem|p2a: Hippowdon|Sitrus Berry|[eat]\n|-heal|p2a: Hippowdon|27/100|[from] item: Sitrus Berry\n|move|p2a: Hippowdon|Yawn||[still]\n|-fail|p2a: Hippowdon\n|\n|-weather|Sandstorm|[upkeep]\n|-damage|p1a: Venusaur|95/100|[from] Sandstorm\n|-end|p1a: Venusaur|move: Yawn|[silent]\n|-status|p1a: Venusaur|slp\n|upkeep\n|turn|5\n|\n|t:|1776604330\n|cant|p1a: Venusaur|slp\n|move|p2a: Hippowdon|Slack Off|p2a: Hippowdon\n|-heal|p2a: Hippowdon|78/100\n|\n|-weather|none\n|upkeep\n|turn|6\n|\n|t:|1776604335\n|cant|p1a: Venusaur|slp\n|move|p2a: Hippowdon|Earthquake|p1a: Venusaur\n|-damage|p1a: Venusaur|67/100 slp\n|\n|upkeep\n|turn|7\n|\n|t:|1776604341\n|-curestatus|p1a: Venusaur|slp|[msg]\n|move|p1a: Venusaur|Giga Drain|p2a: Hippowdon\n|-supereffective|p2a: Hippowdon|1\n|-damage|p2a: Hippowdon|32/100\n|-heal|p1a: Venusaur|94/100|[from] drain|[of] p2a: Hippowdon\n|move|p2a: Hippowdon|Yawn|p1a: Venusaur\n|-start|p1a: Venusaur|move: Yawn|[of] p2a: Hippowdon\n|\n|upkeep\n|turn|8\n|\n|t:|1776604349\n|move|p1a: Venusaur|Giga Drain|p2a: Hippowdon\n|-supereffective|p2a: Hippowdon|1\n|-damage|p2a: Hippowdon|0 fnt\n|-heal|p1a: Venusaur|100/100|[from] drain|[of] p2a: Hippowdon\n|faint|p2a: Hippowdon\n|\n|-end|p1a: Venusaur|move: Yawn|[silent]\n|-status|p1a: Venusaur|slp\n|upkeep\n|\n|t:|1776604351\n|switch|p2a: Froslass|Froslass, L50, F|100/100\n|turn|9\n|\n|t:|1776604357\n|move|p2a: Froslass|Nasty Plot|p2a: Froslass\n|-boost|p2a: Froslass|spa|2\n|cant|p1a: Venusaur|slp\n|\n|upkeep\n|turn|10\n|\n|t:|1776604364\n|detailschange|p2a: Froslass|Froslass-Mega, L50, F\n|-mega|p2a: Froslass|Froslass|Froslassite\n|-weather|Snowscape|[from] ability: Snow Warning|[of] p2a: Froslass\n|move|p2a: Froslass|Frost Breath|p1a: Venusaur\n|-supereffective|p1a: Venusaur|1\n|-crit|p1a: Venusaur\n|-damage|p1a: Venusaur|38/100 slp\n|-curestatus|p1a: Venusaur|slp|[msg]\n|move|p1a: Venusaur|Giga Drain|p2a: Froslass\n|-damage|p2a: Froslass|68/100\n|-heal|p1a: Venusaur|53/100|[from] drain|[of] p2a: Froslass\n|\n|-weather|Snowscape|[upkeep]\n|upkeep\n|turn|11\n|\n|t:|1776604376\n|move|p2a: Froslass|Frost Breath|p1a: Venusaur\n|-supereffective|p1a: Venusaur|1\n|-crit|p1a: Venusaur\n|-damage|p1a: Venusaur|0 fnt\n|faint|p1a: Venusaur\n|\n|-weather|Snowscape|[upkeep]\n|upkeep\n|\n|t:|1776604380\n|switch|p1a: Rotom|Rotom-Heat, L50|95/100\n|-damage|p1a: Rotom|71/100|[from] Stealth Rock\n|turn|12\n|\n|t:|1776604382\n|move|p1a: Rotom|Overheat|p2a: Froslass\n|-supereffective|p2a: Froslass|1\n|-damage|p2a: Froslass|0 fnt\n|-unboost|p1a: Rotom|spa|2\n|faint|p2a: Froslass\n|\n|-weather|Snowscape|[upkeep]\n|upkeep\n|\n|t:|1776604384\n|switch|p2a: Arcanine|Arcanine-Hisui, L50, M, shiny|100/100\n|turn|13\n|\n|t:|1776604407\n|switch|p1a: Hippowdon|Hippowdon, L50, F|100/100\n|-damage|p1a: Hippowdon|94/100|[from] Stealth Rock\n|-weather|Sandstorm|[from] ability: Sand Stream|[of] p1a: Hippowdon\n|move|p2a: Arcanine|Flare Blitz|p1a: Hippowdon\n|-damage|p1a: Hippowdon|53/100\n|\n|-weather|Sandstorm|[upkeep]\n|upkeep\n|turn|14\n|\n|t:|1776604415\n|move|p2a: Arcanine|Flare Blitz|p1a: Hippowdon|[miss]\n|-miss|p2a: Arcanine|p1a: Hippowdon\n|move|p1a: Hippowdon|Slack Off|p1a: Hippowdon\n|-heal|p1a: Hippowdon|100/100\n|\n|-weather|Sandstorm|[upkeep]\n|upkeep\n|turn|15\n|-message|lczsbl forfeited.\n|\n|win|adfsdfsdfsdaf\n|raw|adfsdfsdfsdaf's rating: 1199 &rarr; <strong>1218</strong><br />(+19 for winning)\n|raw|lczsbl's rating: 1110 &rarr; <strong>1091</strong><br />(-19 for losing)\n|l|\u2606lczsbl\n|player|p2|\n",
  "uploadtime": 1776604420,
  "views": 4,
  "formatid": "gen9championsbssregma",
  "rating": 1091,
  "private": 0,
  "password": null
}