{
  "id": "gen9championsbssregma-2588840270",
  "format": "[Gen 9 Champions] BSS Reg M-A",
  "players": [
    "xsmo",
    "Bbbkty"
  ],
  "log": "|j|\u2606xsmo\n|j|\u2606Bbbkty\n|t:|1776677257\n|gametype|singles\n|player|p1|xsmo|169|1000\n|player|p2|Bbbkty|1|1104\n|gen|9\n|tier|[Gen 9 Champions] BSS Reg M-A\n|rated|\n|rule|Species Clause: Limit one of each Pok\u00e9mon\n|rule|Item Clause: Limit 1 of each item\n|clearpoke\n|poke|p1|Basculegion, L50, M|\n|poke|p1|Blastoise, L50, M|\n|poke|p1|Archaludon, L50, F|\n|poke|p1|Meganium, L50, F|\n|poke|p1|Pelipper, L50, F|\n|poke|p1|Garchomp, L50, M|\n|poke|p2|Clefable, L50, M|\n|poke|p2|Charizard, L50, M|\n|poke|p2|Mimikyu, L50, M|\n|poke|p2|Kingambit, L50, M|\n|poke|p2|Espathra, L50, M|\n|poke|p2|Glimmora, L50, F|\n|teampreview|3\n|inactive|Battle timer is ON: inactive players will automatically lose when time's up. (requested by Bbbkty)\n|inactive|xsmo has 60 seconds left.\n|\n|t:|1776677295\n|teamsize|p1|3\n|teamsize|p2|3\n|start\n|switch|p1a: Pelipper|Pelipper, L50, F|100/100\n|switch|p2a: Glimmora|Glimmora, L50, F|100/100\n|-weather|RainDance|[from] ability: Drizzle|[of] p1a: Pelipper\n|turn|1\n|\n|t:|1776677306\n|move|p2a: Glimmora|Power Gem|p1a: Pelipper\n|-supereffective|p1a: Pelipper|1\n|-damage|p1a: Pelipper|0 fnt\n|faint|p1a: Pelipper\n|\n|-weather|RainDance|[upkeep]\n|upkeep\n|\n|t:|1776677312\n|switch|p1a: Archaludon|Archaludon, L50, F|100/100\n|turn|2\n|\n|t:|1776677323\n|move|p2a: Glimmora|Earth Power|p1a: Archaludon\n|-supereffective|p1a: Archaludon|1\n|-damage|p1a: Archaludon|12/100\n|-ability|p1a: Archaludon|Stamina|boost\n|-boost|p1a: Archaludon|def|1\n|move|p1a: Archaludon|Flash Cannon|p2a: Glimmora\n|-supereffective|p2a: Glimmora|1\n|-enditem|p2a: Glimmora|Focus Sash\n|-damage|p2a: Glimmora|1/100\n|-unboost|p2a: Glimmora|spd|1\n|\n|-weather|RainDance|[upkeep]\n|-heal|p1a: Archaludon|18/100|[from] item: Leftovers\n|upkeep\n|turn|3\n|\n|t:|1776677334\n|move|p2a: Glimmora|Earth Power|p1a: Archaludon\n|-supereffective|p1a: Archaludon|1\n|-damage|p1a: Archaludon|0 fnt\n|faint|p1a: Archaludon\n|\n|-weather|RainDance|[upkeep]\n|upkeep\n|\n|t:|1776677339\n|switch|p1a: Blastoise|Blastoise, L50, M|100/100\n|turn|4\n|\n|t:|1776677361\n|detailschange|p1a: Blastoise|Blastoise-Mega, L50, M\n|-mega|p1a: Blastoise|Blastoise|Blastoisinite\n|move|p2a: Glimmora|Earth Power|p1a: Blastoise\n|-damage|p1a: Blastoise|72/100\n|-unboost|p1a: Blastoise|spd|1\n|move|p1a: Blastoise|Flash Cannon|p2a: Glimmora\n|-supereffective|p2a: Glimmora|1\n|-damage|p2a: Glimmora|0 fnt\n|faint|p2a: Glimmora\n|\n|-weather|RainDance|[upkeep]\n|upkeep\n|\n|t:|1776677368\n|switch|p2a: Espathra|Espathra, L50, M|100/100\n|turn|5\n|\n|t:|1776677372\n|move|p2a: Espathra|Protect|p2a: Espathra\n|-singleturn|p2a: Espathra|Protect\n|move|p1a: Blastoise|Hydro Pump|p2a: Espathra\n|-activate|p2a: Espathra|move: Protect\n|\n|-weather|none\n|-ability|p2a: Espathra|Speed Boost|boost\n|-boost|p2a: Espathra|spe|1\n|upkeep\n|turn|6\n|\n|t:|1776677391\n|move|p2a: Espathra|Calm Mind|p2a: Espathra\n|-boost|p2a: Espathra|spa|1\n|-boost|p2a: Espathra|spd|1\n|move|p1a: Blastoise|Hydro Pump|p2a: Espathra\n|-crit|p2a: Espathra\n|-damage|p2a: Espathra|0 fnt\n|faint|p2a: Espathra\n|\n|upkeep\n|\n|t:|1776677393\n|switch|p2a: Clefable|Clefable, L50, M|100/100\n|turn|7\n|\n|t:|1776677401\n|detailschange|p2a: Clefable|Clefable-Mega, L50, M\n|-mega|p2a: Clefable|Clefable|Clefablite\n|move|p1a: Blastoise|Flash Cannon|p2a: Clefable\n|-supereffective|p2a: Clefable|1\n|-damage|p2a: Clefable|53/100\n|move|p2a: Clefable|Cosmic Power|p2a: Clefable\n|-boost|p2a: Clefable|def|1\n|-boost|p2a: Clefable|spd|1\n|\n|upkeep\n|turn|8\n|\n|t:|1776677414\n|move|p1a: Blastoise|Blizzard|p2a: Clefable|[miss]\n|-miss|p1a: Blastoise|p2a: Clefable\n|move|p2a: Clefable|Moonlight|p2a: Clefable\n|-heal|p2a: Clefable|100/100\n|\n|upkeep\n|turn|9\n|\n|t:|1776677437\n|move|p1a: Blastoise|Blizzard|p2a: Clefable|[miss]\n|-miss|p1a: Blastoise|p2a: Clefable\n|move|p2a: Clefable|Moonblast|p1a: Blastoise\n|-damage|p1a: Blastoise|20/100\n|\n|upkeep\n|turn|10\n|\n|t:|1776677447\n|move|p1a: Blastoise|Flash Cannon|p2a: Clefable\n|-supereffective|p2a: Clefable|1\n|-damage|p2a: Clefable|69/100\n|move|p2a: Clefable|Moonblast|p1a: Blastoise\n|-damage|p1a: Blastoise|0 fnt\n|faint|p1a: Blastoise\n|\n|win|Bbbkty\n|raw|xsmo's rating: 1000 &rarr; <strong>1000</strong><br />(+0 for losing)\n|raw|Bbbkty's rating: 1075 &rarr; <strong>1098</strong><br />(+23 for winning)\n|l|\u2606xsmo\n|player|p1|\n",
  "uploadtime": 1776677455,
  "views": 0,
  "formatid": "gen9championsbssregma",
  "rating": 1000,
  "private": 0,
  "password": null
}