{
  "id": "gen9championsbssregma-2586145768",
  "format": "[Gen 9 Champions] BSS Reg M-A",
  "players": [
    "M Y Raymachine",
    "bryannoah2309"
  ],
  "log": "|j|\u2606M Y Raymachine\n|j|\u2606bryannoah2309\n|t:|1776404760\n|gametype|singles\n|player|p1|M Y Raymachine|gentleman-gen4|1287\n|player|p2|bryannoah2309|silver|1260\n|gen|9\n|tier|[Gen 9 Champions] BSS Reg M-A\n|rated|\n|rule|Species Clause: Limit one of each Pok\u00e9mon\n|rule|Item Clause: Limit 1 of each item\n|clearpoke\n|poke|p1|Charizard, L50, M|\n|poke|p1|Garchomp, L50, M|\n|poke|p1|Hippowdon, L50, M|\n|poke|p1|Aegislash, L50, F|\n|poke|p1|Floette-Eternal, L50, F|\n|poke|p1|Araquanid, L50, M|\n|poke|p2|Greninja-*, L50, M|\n|poke|p2|Gengar, L50, M|\n|poke|p2|Garchomp, L50, M|\n|poke|p2|Hatterene, L50, F|\n|poke|p2|Scizor, L50, M|\n|poke|p2|Charizard, L50, M|\n|teampreview|3\n|inactive|Battle timer is ON: inactive players will automatically lose when time's up. (requested by M Y Raymachine)\n|\n|t:|1776404790\n|teamsize|p1|3\n|teamsize|p2|3\n|start\n|switch|p1a: \uba54\uac00\uc544\ub9ac\uc544\ub3c4\uc2a4|Araquanid, L50, M|100/100\n|switch|p2a: Garchomp|Garchomp, L50, M|100/100\n|turn|1\n|\n|t:|1776404797\n|switch|p2a: Hatterene|Hatterene, L50, F|100/100\n|move|p1a: \uba54\uac00\uc544\ub9ac\uc544\ub3c4\uc2a4|Sticky Web|p2a: Hatterene\n|move|p2a: Hatterene|Sticky Web|p1a: \uba54\uac00\uc544\ub9ac\uc544\ub3c4\uc2a4|[from] ability: Magic Bounce\n|-sidestart|p1: M Y Raymachine|move: Sticky Web\n|\n|upkeep\n|turn|2\n|\n|t:|1776404805\n|move|p1a: \uba54\uac00\uc544\ub9ac\uc544\ub3c4\uc2a4|Liquidation|p2a: Hatterene\n|-damage|p2a: Hatterene|63/100\n|move|p2a: Hatterene|Nuzzle|p1a: \uba54\uac00\uc544\ub9ac\uc544\ub3c4\uc2a4\n|-supereffective|p1a: \uba54\uac00\uc544\ub9ac\uc544\ub3c4\uc2a4|1\n|-damage|p1a: \uba54\uac00\uc544\ub9ac\uc544\ub3c4\uc2a4|94/100\n|-status|p1a: \uba54\uac00\uc544\ub9ac\uc544\ub3c4\uc2a4|par\n|\n|-heal|p2a: Hatterene|69/100|[from] item: Leftovers\n|upkeep\n|turn|3\n|\n|t:|1776404816\n|move|p2a: Hatterene|Draining Kiss|p1a: \uba54\uac00\uc544\ub9ac\uc544\ub3c4\uc2a4\n|-damage|p1a: \uba54\uac00\uc544\ub9ac\uc544\ub3c4\uc2a4|76/100 par\n|-heal|p2a: Hatterene|83/100|[from] drain|[of] p1a: \uba54\uac00\uc544\ub9ac\uc544\ub3c4\uc2a4\n|move|p1a: \uba54\uac00\uc544\ub9ac\uc544\ub3c4\uc2a4|Liquidation|p2a: Hatterene\n|-damage|p2a: Hatterene|44/100\n|\n|-heal|p2a: Hatterene|50/100|[from] item: Leftovers\n|upkeep\n|turn|4\n|\n|t:|1776404825\n|move|p2a: Hatterene|Draining Kiss|p1a: \uba54\uac00\uc544\ub9ac\uc544\ub3c4\uc2a4\n|-damage|p1a: \uba54\uac00\uc544\ub9ac\uc544\ub3c4\uc2a4|57/100 par\n|-heal|p2a: Hatterene|66/100|[from] drain|[of] p1a: \uba54\uac00\uc544\ub9ac\uc544\ub3c4\uc2a4\n|move|p1a: \uba54\uac00\uc544\ub9ac\uc544\ub3c4\uc2a4|Liquidation|p2a: Hatterene\n|-damage|p2a: Hatterene|30/100\n|\n|-heal|p2a: Hatterene|36/100|[from] item: Leftovers\n|upkeep\n|turn|5\n|\n|t:|1776404835\n|move|p2a: Hatterene|Draining Kiss|p1a: \uba54\uac00\uc544\ub9ac\uc544\ub3c4\uc2a4\n|-crit|p1a: \uba54\uac00\uc544\ub9ac\uc544\ub3c4\uc2a4\n|-damage|p1a: \uba54\uac00\uc544\ub9ac\uc544\ub3c4\uc2a4|27/100 par\n|-heal|p2a: Hatterene|60/100|[from] drain|[of] p1a: \uba54\uac00\uc544\ub9ac\uc544\ub3c4\uc2a4\n|-enditem|p1a: \uba54\uac00\uc544\ub9ac\uc544\ub3c4\uc2a4|Sitrus Berry|[eat]\n|-heal|p1a: \uba54\uac00\uc544\ub9ac\uc544\ub3c4\uc2a4|52/100 par|[from] item: Sitrus Berry\n|cant|p1a: \uba54\uac00\uc544\ub9ac\uc544\ub3c4\uc2a4|par\n|\n|-heal|p2a: Hatterene|66/100|[from] item: Leftovers\n|upkeep\n|turn|6\n|-message|M Y Raymachine forfeited.\n|\n|win|bryannoah2309\n|raw|M Y Raymachine's rating: 1287 &rarr; <strong>1260</strong><br />(-27 for losing)\n|raw|bryannoah2309's rating: 1260 &rarr; <strong>1287</strong><br />(+27 for winning)\n|l|\u2606M Y Raymachine\n|player|p1|\n",
  "uploadtime": 1776404871,
  "views": 9,
  "formatid": "gen9championsbssregma",
  "rating": 1260,
  "private": 0,
  "password": null
}