{
  "id": "gen9championsbssregma-2586199842",
  "format": "[Gen 9 Champions] BSS Reg M-A",
  "players": [
    "joguri",
    "aresis"
  ],
  "log": "|j|\u2606joguri\n|j|\u2606aresis\n|t:|1776411552\n|gametype|singles\n|player|p1|joguri|dawn|1229\n|player|p2|aresis|2|1240\n|gen|9\n|tier|[Gen 9 Champions] BSS Reg M-A\n|rated|\n|rule|Species Clause: Limit one of each Pok\u00e9mon\n|rule|Item Clause: Limit 1 of each item\n|clearpoke\n|poke|p1|Clefable, L50, F|\n|poke|p1|Espathra, L50, F|\n|poke|p1|Charizard, L50, M|\n|poke|p1|Hippowdon, L50, F|\n|poke|p1|Rotom-Wash, L50|\n|poke|p1|Garchomp, L50, M|\n|poke|p2|Pelipper, L50, M|\n|poke|p2|Archaludon, L50, F|\n|poke|p2|Basculegion, L50, M|\n|poke|p2|Lucario, L50, M|\n|poke|p2|Dragapult, L50, F|\n|poke|p2|Meganium, L50, M|\n|teampreview|3\n|inactive|Battle timer is ON: inactive players will automatically lose when time's up. (requested by joguri)\n|\n|t:|1776411588\n|teamsize|p1|3\n|teamsize|p2|3\n|start\n|switch|p1a: Espathra|Espathra, L50, F|100/100\n|switch|p2a: Basculegion|Basculegion, L50, M|100/100\n|turn|1\n|\n|t:|1776411598\n|move|p1a: Espathra|Protect|p1a: Espathra\n|-singleturn|p1a: Espathra|Protect\n|move|p2a: Basculegion|Wave Crash|p1a: Espathra\n|-activate|p1a: Espathra|move: Protect\n|\n|-ability|p1a: Espathra|Speed Boost|boost\n|-boost|p1a: Espathra|spe|1\n|upkeep\n|turn|2\n|\n|t:|1776411605\n|move|p2a: Basculegion|Wave Crash|p1a: Espathra\n|-damage|p1a: Espathra|33/100\n|-damage|p2a: Basculegion|78/100|[from] Recoil\n|move|p1a: Espathra|Calm Mind|p1a: Espathra\n|-boost|p1a: Espathra|spa|1\n|-boost|p1a: Espathra|spd|1\n|\n|-heal|p1a: Espathra|39/100|[from] item: Leftovers\n|-ability|p1a: Espathra|Speed Boost|boost\n|-boost|p1a: Espathra|spe|1\n|upkeep\n|turn|3\n|\n|t:|1776411618\n|switch|p2a: Archaludon|Archaludon, L50, F|100/100\n|move|p1a: Espathra|Protect||[still]\n|-fail|p1a: Espathra\n|\n|-heal|p1a: Espathra|45/100|[from] item: Leftovers\n|-ability|p1a: Espathra|Speed Boost|boost\n|-boost|p1a: Espathra|spe|1\n|upkeep\n|turn|4\n|inactive|joguri has 30 seconds left.\n|\n|t:|1776411650\n|move|p1a: Espathra|Baton Pass|p1a: Espathra\n|\n|t:|1776411652\n|switch|p1a: Charizard|Charizard, L50, M|100/100|[from] Baton Pass\n|move|p2a: Archaludon|Flash Cannon|p1a: Charizard\n|-resisted|p1a: Charizard|1\n|-damage|p1a: Charizard|83/100\n|\n|upkeep\n|turn|5\n|\n|t:|1776411664\n|detailschange|p1a: Charizard|Charizard-Mega-Y, L50, M\n|-mega|p1a: Charizard|Charizard|Charizardite Y\n|-weather|SunnyDay|[from] ability: Drought|[of] p1a: Charizard\n|move|p1a: Charizard|Overheat|p2a: Archaludon\n|-ability|p2a: Archaludon|Sturdy\n|-damage|p2a: Archaludon|1/100\n|-unboost|p1a: Charizard|spa|2\n|move|p2a: Archaludon|Draco Meteor|p1a: Charizard\n|-damage|p1a: Charizard|35/100\n|-unboost|p2a: Archaludon|spa|2\n|\n|-weather|SunnyDay|[upkeep]\n|-heal|p2a: Archaludon|7/100|[from] item: Leftovers\n|upkeep\n|turn|6\n|\n|t:|1776411679\n|move|p1a: Charizard|Flame Charge|p2a: Archaludon\n|-damage|p2a: Archaludon|0 fnt\n|-boost|p1a: Charizard|spe|1\n|faint|p2a: Archaludon\n|\n|-weather|SunnyDay|[upkeep]\n|upkeep\n|\n|t:|1776411685\n|switch|p2a: Basculegion|Basculegion, L50, M|78/100\n|turn|7\n|\n|t:|1776411690\n|move|p1a: Charizard|Solar Beam||[still]\n|-prepare|p1a: Charizard|Solar Beam\n|-anim|p1a: Charizard|Solar Beam|p2a: Basculegion\n|-supereffective|p2a: Basculegion|1\n|-damage|p2a: Basculegion|0 fnt\n|faint|p2a: Basculegion\n|\n|-weather|SunnyDay|[upkeep]\n|upkeep\n|\n|t:|1776411696\n|switch|p2a: Lucario|Lucario, L50, M|100/100\n|turn|8\n|\n|t:|1776411704\n|detailschange|p2a: Lucario|Lucario-Mega, L50, M\n|-mega|p2a: Lucario|Lucario|Lucarionite\n|move|p1a: Charizard|Overheat|p2a: Lucario\n|-supereffective|p2a: Lucario|1\n|-damage|p2a: Lucario|0 fnt\n|-unboost|p1a: Charizard|spa|2\n|faint|p2a: Lucario\n|\n|win|joguri\n|raw|joguri's rating: 1229 &rarr; <strong>1255</strong><br />(+26 for winning)\n|raw|aresis's rating: 1240 &rarr; <strong>1214</strong><br />(-26 for losing)\n|l|\u2606aresis\n|player|p2|\n",
  "uploadtime": 1776411712,
  "views": 10,
  "formatid": "gen9championsbssregma",
  "rating": 1214,
  "private": 0,
  "password": null
}