{
  "id": "gen9championsbssregma-2587970472",
  "format": "[Gen 9 Champions] BSS Reg M-A",
  "players": [
    "jaxsha",
    "kevinaigrette"
  ],
  "log": "|j|\u2606jaxsha\n|j|\u2606kevinaigrette\n|t:|1776586637\n|gametype|singles\n|player|p1|jaxsha|1|1075\n|player|p2|kevinaigrette|roxie|1086\n|gen|9\n|tier|[Gen 9 Champions] BSS Reg M-A\n|rated|\n|rule|Species Clause: Limit one of each Pok\u00e9mon\n|rule|Item Clause: Limit 1 of each item\n|clearpoke\n|poke|p1|Meowscarada, L50, F|\n|poke|p1|Scizor, L50, M|\n|poke|p1|Rotom-Wash, L50|\n|poke|p1|Charizard, L50, M|\n|poke|p1|Primarina, L50, F|\n|poke|p1|Garchomp, L50, M|\n|poke|p2|Dragonite, L50, F|\n|poke|p2|Heracross, L50, M|\n|poke|p2|Kingambit, L50, M|\n|poke|p2|Dragapult, L50, M|\n|poke|p2|Hatterene, L50, F|\n|poke|p2|Crabominable, L50, M|\n|teampreview|3\n|inactive|Battle timer is ON: inactive players will automatically lose when time's up. (requested by kevinaigrette)\n|\n|t:|1776586723\n|teamsize|p1|3\n|teamsize|p2|3\n|start\n|switch|p1a: Meowscarada|Meowscarada, L50, F|100/100\n|switch|p2a: Dragapult|Dragapult, L50, M|100/100\n|turn|1\n|\n|t:|1776586729\n|move|p2a: Dragapult|U-turn|p1a: Meowscarada\n|-supereffective|p1a: Meowscarada|2\n|-enditem|p1a: Meowscarada|Focus Sash\n|-damage|p1a: Meowscarada|1/100\n|\n|t:|1776586736\n|switch|p2a: Heracross|Heracross, L50, M|100/100|[from] U-turn\n|move|p1a: Meowscarada|Knock Off|p2a: Heracross\n|-start|p1a: Meowscarada|typechange|Dark|[from] ability: Protean\n|-resisted|p2a: Heracross|1\n|-damage|p2a: Heracross|83/100\n|\n|upkeep\n|turn|2\n|inactive|kevinaigrette has 30 seconds left.\n|\n|t:|1776586767\n|detailschange|p2a: Heracross|Heracross-Mega, L50, M\n|-mega|p2a: Heracross|Heracross|Heracronite\n|move|p1a: Meowscarada|Triple Axel|p2a: Heracross\n|-damage|p2a: Heracross|77/100\n|-damage|p2a: Heracross|65/100\n|-damage|p2a: Heracross|50/100\n|-hitcount|p2a: Heracross|3\n|move|p2a: Heracross|Close Combat|p1a: Meowscarada\n|-supereffective|p1a: Meowscarada|1\n|-damage|p1a: Meowscarada|0 fnt\n|-unboost|p2a: Heracross|def|1\n|-unboost|p2a: Heracross|spd|1\n|faint|p1a: Meowscarada\n|\n|upkeep\n|inactive|jaxsha has 30 seconds left.\n|inactive|jaxsha has 20 seconds left.\n|\n|t:|1776586802\n|switch|p1a: Scizor|Scizor, L50, M|100/100\n|turn|3\n|\n|t:|1776586819\n|detailschange|p1a: Scizor|Scizor-Mega, L50, M\n|-mega|p1a: Scizor|Scizor|Scizorite\n|move|p1a: Scizor|Bullet Punch|p2a: Heracross\n|-damage|p2a: Heracross|2/100\n|move|p2a: Heracross|Close Combat|p1a: Scizor\n|-damage|p1a: Scizor|36/100\n|-unboost|p2a: Heracross|def|1\n|-unboost|p2a: Heracross|spd|1\n|\n|upkeep\n|turn|4\n|\n|t:|1776586829\n|move|p1a: Scizor|Bullet Punch|p2a: Heracross\n|-damage|p2a: Heracross|0 fnt\n|faint|p2a: Heracross\n|\n|upkeep\n|\n|t:|1776586834\n|switch|p2a: Hatterene|Hatterene, L50, F|100/100\n|turn|5\n|\n|t:|1776586839\n|switch|p1a: Rotom|Rotom-Wash, L50|100/100\n|move|p2a: Hatterene|Mystical Fire|p1a: Rotom\n|-resisted|p1a: Rotom|1\n|-damage|p1a: Rotom|81/100\n|-unboost|p1a: Rotom|spa|1\n|\n|upkeep\n|turn|6\n|\n|t:|1776586852\n|switch|p2a: Dragapult|Dragapult, L50, M|100/100\n|move|p1a: Rotom|Volt Switch|p2a: Dragapult\n|-resisted|p2a: Dragapult|1\n|-damage|p2a: Dragapult|86/100\n|\n|t:|1776586859\n|switch|p1a: Scizor|Scizor-Mega, L50, M|36/100|[from] Volt Switch\n|\n|upkeep\n|turn|7\n|\n|t:|1776586873\n|switch|p1a: Rotom|Rotom-Wash, L50|81/100\n|move|p2a: Dragapult|Phantom Force||[still]\n|-prepare|p2a: Dragapult|Phantom Force\n|\n|upkeep\n|turn|8\n|\n|t:|1776586885\n|move|p2a: Dragapult|Phantom Force|p1a: Rotom|[from] lockedmove\n|-crit|p1a: Rotom\n|-damage|p1a: Rotom|0 fnt\n|faint|p1a: Rotom\n|\n|upkeep\n|\n|t:|1776586890\n|switch|p1a: Scizor|Scizor-Mega, L50, M|36/100\n|turn|9\n|\n|t:|1776586893\n|move|p1a: Scizor|Bullet Punch|p2a: Dragapult\n|-damage|p2a: Dragapult|32/100\n|move|p2a: Dragapult|Phantom Force||[still]\n|-prepare|p2a: Dragapult|Phantom Force\n|\n|upkeep\n|turn|10\n|\n|t:|1776586900\n|move|p2a: Dragapult|Phantom Force|p1a: Scizor|[from] lockedmove\n|-damage|p1a: Scizor|0 fnt\n|faint|p1a: Scizor\n|\n|win|kevinaigrette\n|raw|jaxsha's rating: 1075 &rarr; <strong>1054</strong><br />(-21 for losing)\n|raw|kevinaigrette's rating: 1086 &rarr; <strong>1112</strong><br />(+26 for winning)\n|l|\u2606kevinaigrette\n|player|p2|\n",
  "uploadtime": 1776586907,
  "views": 3,
  "formatid": "gen9championsbssregma",
  "rating": 1054,
  "private": 0,
  "password": null
}