{
  "id": "gen9championsbssregma-2588014043",
  "format": "[Gen 9 Champions] BSS Reg M-A",
  "players": [
    "yukd-\u30eb\u30a2\u30c9",
    "yabukuma"
  ],
  "log": "|j|\u2606yukd-\u30eb\u30a2\u30c9\n|j|\u2606yabukuma\n|t:|1776593019\n|gametype|singles\n|player|p1|yukd-\u30eb\u30a2\u30c9|lyra|1181\n|player|p2|yabukuma|rosa|1088\n|gen|9\n|tier|[Gen 9 Champions] BSS Reg M-A\n|rated|\n|rule|Species Clause: Limit one of each Pok\u00e9mon\n|rule|Item Clause: Limit 1 of each item\n|clearpoke\n|poke|p1|Lopunny, L50, F|\n|poke|p1|Skeledirge, L50, F|\n|poke|p1|Floette-Eternal, L50, F|\n|poke|p1|Glimmora, L50, M|\n|poke|p1|Milotic, L50, F|\n|poke|p1|Kingambit, L50, M|\n|poke|p2|Tyranitar, L50, F, shiny|\n|poke|p2|Clefable, L50, F, shiny|\n|poke|p2|Glimmora, L50, F, shiny|\n|poke|p2|Garchomp, L50, F, shiny|\n|poke|p2|Arcanine, L50, F, shiny|\n|poke|p2|Heliolisk, L50, F, shiny|\n|teampreview|3\n|inactive|Battle timer is ON: inactive players will automatically lose when time's up. (requested by yabukuma)\n|\n|t:|1776593047\n|teamsize|p1|3\n|teamsize|p2|3\n|start\n|switch|p1a: Glimmora|Glimmora, L50, M|100/100\n|switch|p2a: Glimmora|Glimmora, L50, F, shiny|100/100\n|turn|1\n|\n|t:|1776593064\n|move|p1a: Glimmora|Earth Power|p2a: Glimmora\n|-supereffective|p2a: Glimmora|2\n|-enditem|p2a: Glimmora|Focus Sash\n|-damage|p2a: Glimmora|1/100\n|move|p2a: Glimmora|Earth Power|p1a: Glimmora\n|-supereffective|p1a: Glimmora|2\n|-enditem|p1a: Glimmora|Focus Sash\n|-damage|p1a: Glimmora|1/100\n|\n|upkeep\n|turn|2\n|\n|t:|1776593076\n|switch|p2a: Garchomp|Garchomp, L50, F, shiny|100/100\n|move|p1a: Glimmora|Power Gem|p2a: Garchomp\n|-resisted|p2a: Garchomp|1\n|-damage|p2a: Garchomp|76/100\n|\n|upkeep\n|turn|3\n|\n|t:|1776593091\n|detailschange|p2a: Garchomp|Garchomp-Mega, L50, F, shiny\n|-mega|p2a: Garchomp|Garchomp|Garchompite\n|move|p1a: Glimmora|Stealth Rock|p2a: Garchomp\n|-sidestart|p2: yabukuma|move: Stealth Rock\n|move|p2a: Garchomp|Scale Shot|p1a: Glimmora\n|-damage|p1a: Glimmora|0 fnt\n|-activate|p1a: Glimmora|ability: Toxic Debris\n|-sidestart|p2: yabukuma|move: Toxic Spikes\n|faint|p1a: Glimmora\n|-hitcount|p1: Glimmora|1\n|-unboost|p2a: Garchomp|def|1\n|-boost|p2a: Garchomp|spe|1\n|\n|upkeep\n|\n|t:|1776593105\n|switch|p1a: Lopunny|Lopunny, L50, F|100/100\n|turn|4\n|\n|t:|1776593110\n|switch|p2a: Arcanine|Arcanine, L50, F, shiny|100/100\n|-damage|p2a: Arcanine|76/100|[from] Stealth Rock\n|-status|p2a: Arcanine|psn\n|-ability|p2a: Arcanine|Intimidate|boost\n|-unboost|p1a: Lopunny|atk|1\n|detailschange|p1a: Lopunny|Lopunny-Mega, L50, F\n|-mega|p1a: Lopunny|Lopunny|Lopunnite\n|move|p1a: Lopunny|Cotton Guard|p1a: Lopunny\n|-boost|p1a: Lopunny|def|3\n|\n|-heal|p2a: Arcanine|82/100 psn|[from] item: Leftovers\n|-damage|p2a: Arcanine|70/100 psn|[from] psn\n|upkeep\n|turn|5\n|\n|t:|1776593126\n|move|p1a: Lopunny|Cotton Guard|p1a: Lopunny\n|-boost|p1a: Lopunny|def|3\n|move|p2a: Arcanine|Will-O-Wisp|p1a: Lopunny|[miss]\n|-miss|p2a: Arcanine|p1a: Lopunny\n|\n|-heal|p2a: Arcanine|76/100 psn|[from] item: Leftovers\n|-damage|p2a: Arcanine|63/100 psn|[from] psn\n|upkeep\n|turn|6\n|\n|t:|1776593136\n|move|p1a: Lopunny|Swords Dance|p1a: Lopunny\n|-boost|p1a: Lopunny|atk|2\n|move|p2a: Arcanine|Will-O-Wisp|p1a: Lopunny\n|-status|p1a: Lopunny|brn\n|\n|-heal|p2a: Arcanine|70/100 psn|[from] item: Leftovers\n|-damage|p2a: Arcanine|57/100 psn|[from] psn\n|-damage|p1a: Lopunny|95/100 brn|[from] brn\n|upkeep\n|turn|7\n|\n|t:|1776593147\n|move|p1a: Lopunny|Swords Dance|p1a: Lopunny\n|-boost|p1a: Lopunny|atk|2\n|move|p2a: Arcanine|Flamethrower|p1a: Lopunny\n|-damage|p1a: Lopunny|63/100 brn\n|\n|-heal|p2a: Arcanine|63/100 psn|[from] item: Leftovers\n|-damage|p2a: Arcanine|51/100 psn|[from] psn\n|-damage|p1a: Lopunny|57/100 brn|[from] brn\n|upkeep\n|turn|8\n|\n|t:|1776593161\n|switch|p2a: Glimmora|Glimmora, L50, F, shiny|1/100\n|-damage|p2a: Glimmora|0 fnt|[from] Stealth Rock\n|faint|p2a: Glimmora\n|move|p1a: Lopunny|Drain Punch|p2: Glimmora|[notarget]\n|-fail|p1a: Lopunny\n|\n|-damage|p1a: Lopunny|52/100 brn|[from] brn\n|upkeep\n|-message|yabukuma forfeited.\n|\n|win|yukd-\u30eb\u30a2\u30c9\n|raw|yukd-\u30eb\u30a2\u30c9's rating: 1181 &rarr; <strong>1199</strong><br />(+18 for winning)\n|raw|yabukuma's rating: 1088 &rarr; <strong>1071</strong><br />(-17 for losing)\n|l|\u2606yabukuma\n|player|p2|\n",
  "uploadtime": 1776593182,
  "views": 6,
  "formatid": "gen9championsbssregma",
  "rating": 1071,
  "private": 0,
  "password": null
}