{
  "id": "gen9championsbssregma-2584261342",
  "format": "[Gen 9 Champions] BSS Reg M-A",
  "players": [
    "Duho",
    "ray-1055"
  ],
  "log": "|j|\u2606Duho\n|j|\u2606ray-1055\n|t:|1776244478\n|gametype|singles\n|player|p1|Duho|whitney|1263\n|player|p2|ray-1055|170|1279\n|gen|9\n|tier|[Gen 9 Champions] BSS Reg M-A\n|rated|\n|rule|Species Clause: Limit one of each Pok\u00e9mon\n|rule|Item Clause: Limit 1 of each item\n|clearpoke\n|poke|p1|Mamoswine, L50, M|\n|poke|p1|Vivillon-Fancy, L50, M|\n|poke|p1|Mimikyu, L50, M|\n|poke|p1|Kangaskhan, L50, F|\n|poke|p1|Emboar, L50, F|\n|poke|p1|Primarina, L50, F|\n|poke|p2|Charizard, L50, F|\n|poke|p2|Ditto, L50|\n|poke|p2|Palafin, L50, F|\n|poke|p2|Scizor, L50, F|\n|poke|p2|Rotom-Wash, L50|\n|poke|p2|Gengar, L50, M|\n|teampreview|3\n|inactive|Battle timer is ON: inactive players will automatically lose when time's up. (requested by ray-1055)\n|j| p74\n|\n|t:|1776244503\n|teamsize|p1|3\n|teamsize|p2|3\n|start\n|switch|p1a: Mamoswine|Mamoswine, L50, M|100/100\n|switch|p2a: Scizor|Scizor, L50, F|100/100\n|turn|1\n|\n|t:|1776244506\n|move|p2a: Scizor|Bullet Punch|p1a: Mamoswine\n|-supereffective|p1a: Mamoswine|1\n|-damage|p1a: Mamoswine|27/100\n|move|p1a: Mamoswine|Earthquake|p2a: Scizor\n|-damage|p2a: Scizor|44/100\n|\n|upkeep\n|turn|2\n|\n|t:|1776244513\n|move|p1a: Mamoswine|Ice Shard|p2a: Scizor\n|-resisted|p2a: Scizor|1\n|-damage|p2a: Scizor|34/100\n|move|p2a: Scizor|Bullet Punch|p1a: Mamoswine\n|-supereffective|p1a: Mamoswine|1\n|-damage|p1a: Mamoswine|0 fnt\n|faint|p1a: Mamoswine\n|\n|upkeep\n|\n|t:|1776244515\n|switch|p1a: Vivillon|Vivillon-Fancy, L50, M|100/100\n|turn|3\n|\n|t:|1776244518\n|move|p2a: Scizor|Bullet Punch|p1a: Vivillon\n|-damage|p1a: Vivillon|30/100\n|move|p1a: Vivillon|Sleep Powder|p2a: Scizor\n|-status|p2a: Scizor|slp|[from] move: Sleep Powder\n|\n|-heal|p1a: Vivillon|36/100|[from] item: Leftovers\n|upkeep\n|turn|4\n|\n|t:|1776244526\n|switch|p2a: Rotom|Rotom-Wash, L50|100/100\n|move|p1a: Vivillon|Substitute|p1a: Vivillon\n|-start|p1a: Vivillon|Substitute\n|-damage|p1a: Vivillon|11/100\n|\n|-heal|p1a: Vivillon|16/100|[from] item: Leftovers\n|upkeep\n|turn|5\n|\n|t:|1776244528\n|move|p1a: Vivillon|Sleep Powder|p2a: Rotom\n|-status|p2a: Rotom|slp|[from] move: Sleep Powder\n|cant|p2a: Rotom|slp\n|\n|-heal|p1a: Vivillon|22/100|[from] item: Leftovers\n|upkeep\n|turn|6\n|\n|t:|1776244530\n|move|p1a: Vivillon|Quiver Dance|p1a: Vivillon\n|-boost|p1a: Vivillon|spa|1\n|-boost|p1a: Vivillon|spd|1\n|-boost|p1a: Vivillon|spe|1\n|cant|p2a: Rotom|slp\n|\n|-heal|p1a: Vivillon|28/100|[from] item: Leftovers\n|upkeep\n|turn|7\n|\n|t:|1776244537\n|move|p1a: Vivillon|Quiver Dance|p1a: Vivillon\n|-boost|p1a: Vivillon|spa|1\n|-boost|p1a: Vivillon|spd|1\n|-boost|p1a: Vivillon|spe|1\n|-curestatus|p2a: Rotom|slp|[msg]\n|move|p2a: Rotom|Volt Switch|p1a: Vivillon\n|-supereffective|p1a: Vivillon|1\n|-end|p1a: Vivillon|Substitute\n|\n|t:|1776244539\n|switch|p2a: Gengar|Gengar, L50, M|100/100|[from] Volt Switch\n|\n|-heal|p1a: Vivillon|34/100|[from] item: Leftovers\n|upkeep\n|turn|8\n|\n|t:|1776244542\n|detailschange|p2a: Gengar|Gengar-Mega, L50, M\n|-mega|p2a: Gengar|Gengar|Gengarite\n|move|p1a: Vivillon|Sleep Powder|p2a: Gengar\n|-status|p2a: Gengar|slp|[from] move: Sleep Powder\n|cant|p2a: Gengar|slp\n|\n|-heal|p1a: Vivillon|39/100|[from] item: Leftovers\n|upkeep\n|turn|9\n|\n|t:|1776244549\n|move|p1a: Vivillon|Substitute|p1a: Vivillon\n|-start|p1a: Vivillon|Substitute\n|-damage|p1a: Vivillon|15/100\n|-curestatus|p2a: Gengar|slp|[msg]\n|move|p2a: Gengar|Sludge Wave|p1a: Vivillon\n|-end|p1a: Vivillon|Substitute\n|\n|-heal|p1a: Vivillon|20/100|[from] item: Leftovers\n|upkeep\n|turn|10\n|\n|t:|1776244555\n|switch|p2a: Scizor|Scizor, L50, F|34/100 slp\n|move|p1a: Vivillon|Sleep Powder|p2a: Scizor\n|-fail|p2a: Scizor|slp\n|\n|-heal|p1a: Vivillon|26/100|[from] item: Leftovers\n|upkeep\n|turn|11\n|\n|t:|1776244566\n|cant|p2a: Scizor|slp\n|move|p1a: Vivillon|Substitute|p1a: Vivillon\n|-start|p1a: Vivillon|Substitute\n|-damage|p1a: Vivillon|1/100\n|\n|-heal|p1a: Vivillon|7/100|[from] item: Leftovers\n|upkeep\n|turn|12\n|\n|t:|1776244568\n|cant|p2a: Scizor|slp\n|move|p1a: Vivillon|Hurricane|p2a: Scizor\n|-damage|p2a: Scizor|0 fnt\n|faint|p2a: Scizor\n|\n|-heal|p1a: Vivillon|13/100|[from] item: Leftovers\n|upkeep\n|\n|t:|1776244572\n|switch|p2a: Rotom|Rotom-Wash, L50|100/100\n|turn|13\n|\n|t:|1776244575\n|move|p1a: Vivillon|Hurricane|p2a: Rotom\n|-resisted|p2a: Rotom|1\n|-damage|p2a: Rotom|67/100\n|-start|p2a: Rotom|confusion\n|-activate|p2a: Rotom|confusion\n|move|p2a: Rotom|Volt Switch|p1a: Vivillon\n|-supereffective|p1a: Vivillon|1\n|-end|p1a: Vivillon|Substitute\n|\n|t:|1776244578\n|switch|p2a: Gengar|Gengar-Mega, L50, M|100/100|[from] Volt Switch\n|\n|-heal|p1a: Vivillon|18/100|[from] item: Leftovers\n|upkeep\n|turn|14\n|\n|t:|1776244580\n|move|p1a: Vivillon|Sleep Powder|p2a: Gengar\n|-status|p2a: Gengar|slp|[from] move: Sleep Powder\n|cant|p2a: Gengar|slp\n|\n|-heal|p1a: Vivillon|24/100|[from] item: Leftovers\n|upkeep\n|turn|15\n|\n|t:|1776244583\n|move|p1a: Vivillon|Hurricane|p2a: Gengar\n|-damage|p2a: Gengar|0 fnt\n|faint|p2a: Gengar\n|\n|-heal|p1a: Vivillon|30/100|[from] item: Leftovers\n|upkeep\n|\n|t:|1776244586\n|switch|p2a: Rotom|Rotom-Wash, L50|67/100\n|turn|16\n|\n|t:|1776244587\n|move|p1a: Vivillon|Sleep Powder|p2a: Rotom\n|-status|p2a: Rotom|slp|[from] move: Sleep Powder\n|cant|p2a: Rotom|slp\n|\n|-heal|p1a: Vivillon|36/100|[from] item: Leftovers\n|-heal|p2a: Rotom|72/100 slp|[from] item: Leftovers\n|upkeep\n|turn|17\n|-message|ray-1055 forfeited.\n|\n|win|Duho\n|raw|Duho's rating: 1263 &rarr; <strong>1289</strong><br />(+26 for winning)\n|raw|ray-1055's rating: 1279 &rarr; <strong>1253</strong><br />(-26 for losing)\n|l|\u2606ray-1055\n|player|p2|\n|l|\u2606Duho\n|player|p1|\n",
  "uploadtime": 1776245019,
  "views": 7,
  "formatid": "gen9championsbssregma",
  "rating": 1253,
  "private": 0,
  "password": null
}