{
  "id": "gen9championsbssregma-2584062860",
  "format": "[Gen 9 Champions] BSS Reg M-A",
  "players": [
    "bandai home",
    "Ahotvlol"
  ],
  "log": "|j|\u2606bandai home\n|j|\u2606Ahotvlol\n|t:|1776221407\n|gametype|singles\n|player|p1|bandai home|170|1299\n|player|p2|Ahotvlol|2|1273\n|gen|9\n|tier|[Gen 9 Champions] BSS Reg M-A\n|rated|\n|rule|Species Clause: Limit one of each Pok\u00e9mon\n|rule|Item Clause: Limit 1 of each item\n|clearpoke\n|poke|p1|Dragapult, L50, F|\n|poke|p1|Gengar, L50, M|\n|poke|p1|Scovillain, L50, F|\n|poke|p1|Kingambit, L50, F|\n|poke|p1|Corviknight, L50, F|\n|poke|p1|Arcanine-Hisui, L50, M|\n|poke|p2|Clefable, L50, F|\n|poke|p2|Espathra, L50, M|\n|poke|p2|Charizard, L50, F|\n|poke|p2|Hippowdon, L50, M|\n|poke|p2|Kingambit, L50, F|\n|poke|p2|Glimmora, L50, F|\n|teampreview|3\n|inactive|Battle timer is ON: inactive players will automatically lose when time's up. (requested by Ahotvlol)\n|j| p74\n|inactive|bandai home has 60 seconds left.\n|inactive|bandai home has 30 seconds left.\n|\n|t:|1776221476\n|teamsize|p1|3\n|teamsize|p2|3\n|start\n|switch|p1a: Dragapult|Dragapult, L50, F|100/100\n|switch|p2a: Hippowdon|Hippowdon, L50, M|100/100\n|-weather|Sandstorm|[from] ability: Sand Stream|[of] p2a: Hippowdon\n|turn|1\n|\n|t:|1776221487\n|move|p1a: Dragapult|Draco Meteor|p2a: Hippowdon\n|-damage|p2a: Hippowdon|36/100\n|-unboost|p1a: Dragapult|spa|2\n|-enditem|p2a: Hippowdon|Sitrus Berry|[eat]\n|-heal|p2a: Hippowdon|61/100|[from] item: Sitrus Berry\n|move|p2a: Hippowdon|Yawn|p1a: Dragapult\n|-start|p1a: Dragapult|move: Yawn|[of] p2a: Hippowdon\n|\n|-weather|Sandstorm|[upkeep]\n|-damage|p1a: Dragapult|94/100|[from] Sandstorm\n|upkeep\n|turn|2\n|\n|t:|1776221495\n|move|p1a: Dragapult|U-turn|p2a: Hippowdon\n|-crit|p2a: Hippowdon\n|-damage|p2a: Hippowdon|46/100\n|\n|t:|1776221497\n|switch|p1a: Corviknight|Corviknight, L50, F|100/100|[from] U-turn\n|-ability|p1a: Corviknight|Pressure\n|move|p2a: Hippowdon|Stealth Rock|p1a: Corviknight\n|-sidestart|p1: bandai home|move: Stealth Rock\n|\n|-weather|Sandstorm|[upkeep]\n|upkeep\n|turn|3\n|\n|t:|1776221504\n|move|p1a: Corviknight|Defog|p2a: Hippowdon\n|-unboost|p2a: Hippowdon|evasion|1\n|-sideend|p1: bandai home|Stealth Rock|[from] move: Defog|[of] p1a: Corviknight\n|move|p2a: Hippowdon|Slack Off|p2a: Hippowdon\n|-heal|p2a: Hippowdon|96/100\n|\n|-weather|Sandstorm|[upkeep]\n|upkeep\n|turn|4\n|\n|t:|1776221522\n|switch|p2a: Charizard|Charizard, L50, F, shiny|100/100\n|move|p1a: Corviknight|Iron Head|p2a: Charizard\n|-resisted|p2a: Charizard|1\n|-damage|p2a: Charizard|84/100\n|\n|-weather|Sandstorm|[upkeep]\n|-damage|p2a: Charizard|79/100|[from] Sandstorm\n|upkeep\n|turn|5\n|\n|t:|1776221532\n|switch|p1a: Dragapult|Dragapult, L50, F|94/100\n|detailschange|p2a: Charizard|Charizard-Mega-Y, L50, F, shiny\n|-mega|p2a: Charizard|Charizard|Charizardite Y\n|-weather|SunnyDay|[from] ability: Drought|[of] p2a: Charizard\n|move|p2a: Charizard|Flame Charge|p1a: Dragapult\n|-resisted|p1a: Dragapult|1\n|-damage|p1a: Dragapult|76/100\n|-boost|p2a: Charizard|spe|1\n|\n|-weather|SunnyDay|[upkeep]\n|upkeep\n|turn|6\n|\n|t:|1776221542\n|move|p2a: Charizard|Air Slash|p1a: Dragapult\n|-damage|p1a: Dragapult|11/100\n|cant|p1a: Dragapult|flinch\n|\n|-weather|SunnyDay|[upkeep]\n|upkeep\n|turn|7\n|\n|t:|1776221549\n|move|p2a: Charizard|Flame Charge|p1a: Dragapult\n|-resisted|p1a: Dragapult|1\n|-damage|p1a: Dragapult|0 fnt\n|-boost|p2a: Charizard|spe|1\n|faint|p1a: Dragapult\n|\n|-weather|SunnyDay|[upkeep]\n|upkeep\n|\n|t:|1776221552\n|switch|p1a: Gengar|Gengar, L50, M|100/100\n|turn|8\n|\n|t:|1776221565\n|detailschange|p1a: Gengar|Gengar-Mega, L50, M\n|-mega|p1a: Gengar|Gengar|Gengarite\n|move|p1a: Gengar|Protect|p1a: Gengar\n|-singleturn|p1a: Gengar|Protect\n|move|p2a: Charizard|Fire Blast|p1a: Gengar\n|-activate|p1a: Gengar|move: Protect\n|\n|-weather|SunnyDay|[upkeep]\n|upkeep\n|turn|9\n|\n|t:|1776221575\n|move|p2a: Charizard|Fire Blast|p1a: Gengar|[miss]\n|-miss|p2a: Charizard|p1a: Gengar\n|move|p1a: Gengar|Destiny Bond|p1a: Gengar\n|-singlemove|p1a: Gengar|Destiny Bond\n|\n|-weather|none\n|upkeep\n|turn|10\n|\n|t:|1776221585\n|move|p2a: Charizard|Flame Charge|p1a: Gengar\n|-damage|p1a: Gengar|75/100\n|-boost|p2a: Charizard|spe|1\n|move|p1a: Gengar|Thunderbolt|p2a: Charizard\n|-supereffective|p2a: Charizard|1\n|-damage|p2a: Charizard|5/100\n|\n|upkeep\n|turn|11\n|\n|t:|1776221602\n|move|p1a: Gengar|Protect|p1a: Gengar\n|-singleturn|p1a: Gengar|Protect\n|move|p2a: Charizard|Fire Blast|p1a: Gengar\n|-activate|p1a: Gengar|move: Protect\n|\n|upkeep\n|turn|12\n|\n|t:|1776221615\n|move|p2a: Charizard|Fire Blast|p1a: Gengar\n|-damage|p1a: Gengar|3/100\n|move|p1a: Gengar|Shadow Ball|p2a: Charizard\n|-damage|p2a: Charizard|0 fnt\n|faint|p2a: Charizard\n|\n|upkeep\n|\n|t:|1776221619\n|switch|p2a: Kingambit|Kingambit, L50, F, shiny|100/100\n|-activate|p2a: Kingambit|ability: Supreme Overlord\n|-start|p2a: Kingambit|fallen1|[silent]\n|turn|13\n|\n|t:|1776221633\n|move|p1a: Gengar|Destiny Bond|p1a: Gengar\n|-singlemove|p1a: Gengar|Destiny Bond\n|move|p2a: Kingambit|Swords Dance|p2a: Kingambit\n|-boost|p2a: Kingambit|atk|2\n|\n|upkeep\n|turn|14\n|\n|t:|1776221642\n|move|p1a: Gengar|Thunderbolt|p2a: Kingambit\n|-damage|p2a: Kingambit|68/100\n|move|p2a: Kingambit|Swords Dance|p2a: Kingambit\n|-boost|p2a: Kingambit|atk|2\n|\n|upkeep\n|turn|15\n|\n|t:|1776221652\n|move|p2a: Kingambit|Sucker Punch||[still]\n|-fail|p2a: Kingambit\n|move|p1a: Gengar|Destiny Bond|p1a: Gengar\n|-singlemove|p1a: Gengar|Destiny Bond\n|\n|upkeep\n|turn|16\n|\n|t:|1776221657\n|move|p1a: Gengar|Protect|p1a: Gengar\n|-singleturn|p1a: Gengar|Protect\n|move|p2a: Kingambit|Kowtow Cleave|p1a: Gengar\n|-activate|p1a: Gengar|move: Protect\n|\n|upkeep\n|turn|17\n|\n|t:|1776221676\n|switch|p1a: Corviknight|Corviknight, L50, F|100/100\n|-ability|p1a: Corviknight|Pressure\n|move|p2a: Kingambit|Swords Dance|p2a: Kingambit\n|-boost|p2a: Kingambit|atk|2\n|\n|upkeep\n|turn|18\n|\n|t:|1776221687\n|move|p1a: Corviknight|Bulk Up|p1a: Corviknight\n|-boost|p1a: Corviknight|atk|1\n|-boost|p1a: Corviknight|def|1\n|move|p2a: Kingambit|Kowtow Cleave|p1a: Corviknight\n|-damage|p1a: Corviknight|0 fnt\n|faint|p1a: Corviknight\n|\n|upkeep\n|-message|bandai home forfeited.\n|\n|win|Ahotvlol\n|raw|bandai home's rating: 1299 &rarr; <strong>1272</strong><br />(-27 for losing)\n|raw|Ahotvlol's rating: 1273 &rarr; <strong>1300</strong><br />(+27 for winning)\n|l|\u2606bandai home\n|player|p1|\n",
  "uploadtime": 1776221716,
  "views": 1,
  "formatid": "gen9championsbssregma",
  "rating": 1272,
  "private": 0,
  "password": null
}