{
  "id": "gen9championsbssregma-2587971058",
  "format": "[Gen 9 Champions] BSS Reg M-A",
  "players": [
    "kth0817",
    "wanipoke"
  ],
  "log": "|j|\u2606kth0817\n|j|\u2606wanipoke\n|t:|1776586728\n|gametype|singles\n|player|p1|kth0817|101|1225\n|player|p2|wanipoke|cheren|1297\n|gen|9\n|tier|[Gen 9 Champions] BSS Reg M-A\n|rated|\n|rule|Species Clause: Limit one of each Pok\u00e9mon\n|rule|Item Clause: Limit 1 of each item\n|clearpoke\n|poke|p1|Chandelure, L50, M|\n|poke|p1|Meowscarada, L50, M|\n|poke|p1|Mimikyu, L50, F|\n|poke|p1|Araquanid, L50, M|\n|poke|p1|Scizor, L50, M|\n|poke|p1|Lycanroc-Dusk, L50, M|\n|poke|p2|Krookodile, L50, M, shiny|\n|poke|p2|Banette, L50, M|\n|poke|p2|Primarina, L50, F|\n|poke|p2|Archaludon, L50, F|\n|poke|p2|Greninja, L50, M|\n|poke|p2|Arcanine, L50, F|\n|teampreview|3\n|inactive|Battle timer is ON: inactive players will automatically lose when time's up. (requested by kth0817)\n|\n|t:|1776586754\n|teamsize|p1|3\n|teamsize|p2|3\n|start\n|switch|p1a: Araquanid|Araquanid, L50, M|100/100\n|switch|p2a: Greninja|Greninja, L50, M|100/100\n|turn|1\n|\n|t:|1776586771\n|move|p2a: Greninja|Toxic Spikes|p1a: Araquanid\n|-start|p2a: Greninja|typechange|Poison|[from] ability: Protean\n|-sidestart|p1: kth0817|move: Toxic Spikes\n|move|p1a: Araquanid|Sticky Web|p2a: Greninja\n|-sidestart|p2: wanipoke|move: Sticky Web\n|\n|upkeep\n|turn|2\n|\n|t:|1776586788\n|detailschange|p2a: Greninja|Greninja-Mega, L50, M\n|-mega|p2a: Greninja|Greninja|Greninjite\n|move|p2a: Greninja|Rock Slide|p1a: Araquanid\n|-start|p2a: Greninja|typechange|Rock|[from] ability: Protean\n|-supereffective|p1a: Araquanid|1\n|-damage|p1a: Araquanid|35/100\n|cant|p1a: Araquanid|flinch\n|\n|upkeep\n|turn|3\n|\n|t:|1776586799\n|move|p2a: Greninja|Rock Slide|p1a: Araquanid|[miss]\n|-miss|p2a: Greninja|p1a: Araquanid\n|move|p1a: Araquanid|Liquidation|p2a: Greninja\n|-supereffective|p2a: Greninja|1\n|-damage|p2a: Greninja|0 fnt\n|faint|p2a: Greninja\n|\n|upkeep\n|\n|t:|1776586811\n|switch|p2a: Primarina|Primarina, L50, F|100/100\n|-activate|p2a: Primarina|move: Sticky Web\n|-unboost|p2a: Primarina|spe|1\n|turn|4\n|\n|t:|1776586816\n|move|p1a: Araquanid|Poison Jab|p2a: Primarina\n|-supereffective|p2a: Primarina|1\n|-damage|p2a: Primarina|76/100\n|move|p2a: Primarina|Alluring Voice|p1a: Araquanid\n|-damage|p1a: Araquanid|10/100\n|\n|upkeep\n|turn|5\n|\n|t:|1776586823\n|move|p1a: Araquanid|Poison Jab|p2a: Primarina\n|-supereffective|p2a: Primarina|1\n|-damage|p2a: Primarina|47/100\n|-enditem|p2a: Primarina|Sitrus Berry|[eat]\n|-heal|p2a: Primarina|72/100|[from] item: Sitrus Berry\n|move|p2a: Primarina|Alluring Voice|p1a: Araquanid\n|-damage|p1a: Araquanid|0 fnt\n|faint|p1a: Araquanid\n|\n|upkeep\n|\n|t:|1776586830\n|switch|p1a: Meowscarada|Meowscarada, L50, M|100/100\n|-status|p1a: Meowscarada|psn\n|turn|6\n|\n|t:|1776586837\n|switch|p2a: Arcanine|Arcanine, L50, F|100/100\n|-activate|p2a: Arcanine|move: Sticky Web\n|-unboost|p2a: Arcanine|spe|1\n|-ability|p2a: Arcanine|Intimidate|boost\n|-unboost|p1a: Meowscarada|atk|1\n|move|p1a: Meowscarada|Flower Trick|p2a: Arcanine\n|-start|p1a: Meowscarada|typechange|Grass|[from] ability: Protean\n|-resisted|p2a: Arcanine|1\n|-crit|p2a: Arcanine\n|-damage|p2a: Arcanine|82/100\n|\n|-heal|p2a: Arcanine|88/100|[from] item: Leftovers\n|-damage|p1a: Meowscarada|89/100 psn|[from] psn\n|upkeep\n|turn|7\n|\n|t:|1776586857\n|switch|p1a: Scizor|Scizor, L50, M|100/100\n|move|p2a: Arcanine|Morning Sun|p2a: Arcanine\n|-heal|p2a: Arcanine|100/100\n|\n|upkeep\n|turn|8\n|\n|t:|1776586864\n|detailschange|p1a: Scizor|Scizor-Mega, L50, M\n|-mega|p1a: Scizor|Scizor|Scizorite\n|move|p1a: Scizor|Knock Off|p2a: Arcanine\n|-damage|p2a: Arcanine|74/100\n|-enditem|p2a: Arcanine|Leftovers|[from] move: Knock Off|[of] p1a: Scizor\n|move|p2a: Arcanine|Will-O-Wisp|p1a: Scizor|[miss]\n|-miss|p2a: Arcanine|p1a: Scizor\n|\n|upkeep\n|turn|9\n|\n|t:|1776586872\n|switch|p1a: Meowscarada|Meowscarada, L50, M|89/100 psn\n|move|p2a: Arcanine|Flare Blitz|p1a: Meowscarada\n|-supereffective|p1a: Meowscarada|1\n|-damage|p1a: Meowscarada|0 fnt\n|faint|p1a: Meowscarada\n|-damage|p2a: Arcanine|52/100|[from] Recoil\n|\n|upkeep\n|-message|kth0817 forfeited.\n|\n|win|wanipoke\n|raw|kth0817's rating: 1225 &rarr; <strong>1205</strong><br />(-20 for losing)\n|raw|wanipoke's rating: 1297 &rarr; <strong>1317</strong><br />(+20 for winning)\n|l|\u2606kth0817\n|player|p1|\n|l|\u2606wanipoke\n|player|p2|\n",
  "uploadtime": 1776586902,
  "views": 3,
  "formatid": "gen9championsbssregma",
  "rating": 1205,
  "private": 0,
  "password": null
}