{
  "id": "gen9championsbssregma-2588660453",
  "format": "[Gen 9 Champions] BSS Reg M-A",
  "players": [
    "mega.CHIVA",
    "tung0616"
  ],
  "log": "|j|\u2606mega.CHIVA\n|j|\u2606tung0616\n|t:|1776654860\n|gametype|singles\n|player|p1|mega.CHIVA|unknown|1113\n|player|p2|tung0616|102|1060\n|gen|9\n|tier|[Gen 9 Champions] BSS Reg M-A\n|rated|\n|rule|Species Clause: Limit one of each Pok\u00e9mon\n|rule|Item Clause: Limit 1 of each item\n|clearpoke\n|poke|p1|Corviknight, L50, M|\n|poke|p1|Garchomp, L50, M|\n|poke|p1|Hawlucha, L50, M|\n|poke|p1|Sylveon, L50, F|\n|poke|p1|Greninja, L50, M|\n|poke|p1|Blastoise, L50, M|\n|poke|p2|Hippowdon, L50, F|\n|poke|p2|Glimmora, L50, F|\n|poke|p2|Sinistcha-Masterpiece, L50|\n|poke|p2|Chesnaught, L50, F|\n|poke|p2|Incineroar, L50, M|\n|poke|p2|Manectric, L50, M|\n|teampreview|3\n|\n|t:|1776654880\n|teamsize|p1|3\n|teamsize|p2|3\n|start\n|switch|p1a: Sylveon|Sylveon, L50, F|100/100\n|switch|p2a: \u5feb\u6a02\u8336|Sinistcha-Masterpiece, L50|100/100\n|turn|1\n|\n|t:|1776654885\n|move|p2a: \u5feb\u6a02\u8336|Calm Mind|p2a: \u5feb\u6a02\u8336\n|-boost|p2a: \u5feb\u6a02\u8336|spa|1\n|-boost|p2a: \u5feb\u6a02\u8336|spd|1\n|move|p1a: Sylveon|Mystical Fire|p2a: \u5feb\u6a02\u8336\n|-supereffective|p2a: \u5feb\u6a02\u8336|1\n|-damage|p2a: \u5feb\u6a02\u8336|79/100\n|-unboost|p2a: \u5feb\u6a02\u8336|spa|1\n|\n|-heal|p2a: \u5feb\u6a02\u8336|85/100|[from] item: Leftovers\n|upkeep\n|turn|2\n|\n|t:|1776654894\n|move|p2a: \u5feb\u6a02\u8336|Calm Mind|p2a: \u5feb\u6a02\u8336\n|-boost|p2a: \u5feb\u6a02\u8336|spa|1\n|-boost|p2a: \u5feb\u6a02\u8336|spd|1\n|move|p1a: Sylveon|Mystical Fire|p2a: \u5feb\u6a02\u8336\n|-supereffective|p2a: \u5feb\u6a02\u8336|1\n|-crit|p2a: \u5feb\u6a02\u8336\n|-damage|p2a: \u5feb\u6a02\u8336|38/100\n|-unboost|p2a: \u5feb\u6a02\u8336|spa|1\n|\n|-heal|p2a: \u5feb\u6a02\u8336|44/100|[from] item: Leftovers\n|upkeep\n|turn|3\n|\n|t:|1776654904\n|move|p2a: \u5feb\u6a02\u8336|Matcha Gotcha|p1a: Sylveon\n|-damage|p1a: Sylveon|68/100\n|-heal|p2a: \u5feb\u6a02\u8336|63/100|[from] drain|[of] p1a: Sylveon\n|move|p1a: Sylveon|Mystical Fire|p2a: \u5feb\u6a02\u8336\n|-supereffective|p2a: \u5feb\u6a02\u8336|1\n|-damage|p2a: \u5feb\u6a02\u8336|47/100\n|-unboost|p2a: \u5feb\u6a02\u8336|spa|1\n|\n|-heal|p2a: \u5feb\u6a02\u8336|53/100|[from] item: Leftovers\n|upkeep\n|turn|4\n|\n|t:|1776654916\n|move|p2a: \u5feb\u6a02\u8336|Calm Mind|p2a: \u5feb\u6a02\u8336\n|-boost|p2a: \u5feb\u6a02\u8336|spa|1\n|-boost|p2a: \u5feb\u6a02\u8336|spd|1\n|move|p1a: Sylveon|Shadow Ball|p2a: \u5feb\u6a02\u8336\n|-supereffective|p2a: \u5feb\u6a02\u8336|1\n|-damage|p2a: \u5feb\u6a02\u8336|29/100\n|\n|-heal|p2a: \u5feb\u6a02\u8336|35/100|[from] item: Leftovers\n|upkeep\n|turn|5\n|\n|t:|1776654924\n|move|p2a: \u5feb\u6a02\u8336|Strength Sap|p1a: Sylveon\n|-unboost|p1a: Sylveon|atk|1\n|-heal|p2a: \u5feb\u6a02\u8336|77/100\n|move|p1a: Sylveon|Mystical Fire|p2a: \u5feb\u6a02\u8336\n|-supereffective|p2a: \u5feb\u6a02\u8336|1\n|-damage|p2a: \u5feb\u6a02\u8336|65/100\n|-unboost|p2a: \u5feb\u6a02\u8336|spa|1\n|\n|-heal|p2a: \u5feb\u6a02\u8336|71/100|[from] item: Leftovers\n|upkeep\n|turn|6\n|\n|t:|1776654935\n|move|p2a: \u5feb\u6a02\u8336|Matcha Gotcha|p1a: Sylveon\n|-damage|p1a: Sylveon|46/100\n|-heal|p2a: \u5feb\u6a02\u8336|84/100|[from] drain|[of] p1a: Sylveon\n|move|p1a: Sylveon|Mystical Fire|p2a: \u5feb\u6a02\u8336\n|-supereffective|p2a: \u5feb\u6a02\u8336|1\n|-damage|p2a: \u5feb\u6a02\u8336|72/100\n|-unboost|p2a: \u5feb\u6a02\u8336|spa|1\n|\n|-heal|p2a: \u5feb\u6a02\u8336|78/100|[from] item: Leftovers\n|upkeep\n|turn|7\n|\n|t:|1776654946\n|move|p2a: \u5feb\u6a02\u8336|Calm Mind|p2a: \u5feb\u6a02\u8336\n|-boost|p2a: \u5feb\u6a02\u8336|spa|1\n|-boost|p2a: \u5feb\u6a02\u8336|spd|1\n|move|p1a: Sylveon|Shadow Ball|p2a: \u5feb\u6a02\u8336\n|-supereffective|p2a: \u5feb\u6a02\u8336|1\n|-damage|p2a: \u5feb\u6a02\u8336|57/100\n|\n|-heal|p2a: \u5feb\u6a02\u8336|63/100|[from] item: Leftovers\n|upkeep\n|turn|8\n|\n|t:|1776654954\n|move|p2a: \u5feb\u6a02\u8336|Protect|p2a: \u5feb\u6a02\u8336\n|-singleturn|p2a: \u5feb\u6a02\u8336|Protect\n|move|p1a: Sylveon|Shadow Ball|p2a: \u5feb\u6a02\u8336\n|-activate|p2a: \u5feb\u6a02\u8336|move: Protect\n|\n|-heal|p2a: \u5feb\u6a02\u8336|69/100|[from] item: Leftovers\n|upkeep\n|turn|9\n|\n|t:|1776654961\n|move|p2a: \u5feb\u6a02\u8336|Matcha Gotcha|p1a: Sylveon\n|-damage|p1a: Sylveon|24/100\n|-heal|p2a: \u5feb\u6a02\u8336|81/100|[from] drain|[of] p1a: Sylveon\n|move|p1a: Sylveon|Shadow Ball|p2a: \u5feb\u6a02\u8336\n|-supereffective|p2a: \u5feb\u6a02\u8336|1\n|-damage|p2a: \u5feb\u6a02\u8336|61/100\n|-unboost|p2a: \u5feb\u6a02\u8336|spd|1\n|\n|-heal|p2a: \u5feb\u6a02\u8336|67/100|[from] item: Leftovers\n|upkeep\n|turn|10\n|\n|t:|1776654972\n|move|p2a: \u5feb\u6a02\u8336|Matcha Gotcha|p1a: Sylveon\n|-damage|p1a: Sylveon|3/100\n|-heal|p2a: \u5feb\u6a02\u8336|79/100|[from] drain|[of] p1a: Sylveon\n|move|p1a: Sylveon|Hyper Voice|p2a: \u5feb\u6a02\u8336\n|-damage|p2a: \u5feb\u6a02\u8336|49/100\n|\n|-heal|p2a: \u5feb\u6a02\u8336|55/100|[from] item: Leftovers\n|upkeep\n|turn|11\n|\n|t:|1776654981\n|move|p2a: \u5feb\u6a02\u8336|Protect|p2a: \u5feb\u6a02\u8336\n|-singleturn|p2a: \u5feb\u6a02\u8336|Protect\n|move|p1a: Sylveon|Hyper Voice|p2a: \u5feb\u6a02\u8336\n|-activate|p2a: \u5feb\u6a02\u8336|move: Protect\n|\n|-heal|p2a: \u5feb\u6a02\u8336|61/100|[from] item: Leftovers\n|upkeep\n|turn|12\n|\n|t:|1776654989\n|move|p2a: \u5feb\u6a02\u8336|Calm Mind|p2a: \u5feb\u6a02\u8336\n|-boost|p2a: \u5feb\u6a02\u8336|spa|1\n|-boost|p2a: \u5feb\u6a02\u8336|spd|1\n|move|p1a: Sylveon|Hyper Voice|p2a: \u5feb\u6a02\u8336\n|-crit|p2a: \u5feb\u6a02\u8336\n|-damage|p2a: \u5feb\u6a02\u8336|0 fnt\n|faint|p2a: \u5feb\u6a02\u8336\n|\n|upkeep\n|\n|t:|1776654998\n|switch|p2a: \u5feb\u6a02\u82b1|Glimmora, L50, F|100/100\n|turn|13\n|\n|t:|1776655003\n|move|p2a: \u5feb\u6a02\u82b1|Sludge Bomb|p1a: Sylveon\n|-supereffective|p1a: Sylveon|1\n|-damage|p1a: Sylveon|0 fnt\n|faint|p1a: Sylveon\n|\n|upkeep\n|\n|t:|1776655007\n|switch|p1a: Garchomp|Garchomp, L50, M|100/100\n|turn|14\n|\n|t:|1776655012\n|move|p2a: \u5feb\u6a02\u82b1|Reflect|p2a: \u5feb\u6a02\u82b1\n|-sidestart|p2: tung0616|Reflect\n|move|p1a: Garchomp|Earthquake|p2a: \u5feb\u6a02\u82b1\n|-supereffective|p2a: \u5feb\u6a02\u82b1|2\n|-enditem|p2a: \u5feb\u6a02\u82b1|Focus Sash\n|-damage|p2a: \u5feb\u6a02\u82b1|1/100\n|-activate|p2a: \u5feb\u6a02\u82b1|ability: Toxic Debris\n|-sidestart|p1: mega.CHIVA|move: Toxic Spikes\n|\n|upkeep\n|turn|15\n|\n|t:|1776655020\n|move|p2a: \u5feb\u6a02\u82b1|Spiky Shield|p2a: \u5feb\u6a02\u82b1\n|-singleturn|p2a: \u5feb\u6a02\u82b1|move: Protect\n|move|p1a: Garchomp|Earthquake|p2a: \u5feb\u6a02\u82b1\n|-activate|p2a: \u5feb\u6a02\u82b1|move: Protect\n|\n|upkeep\n|turn|16\n|\n|t:|1776655026\n|move|p2a: \u5feb\u6a02\u82b1|Spikes|p1a: Garchomp\n|-sidestart|p1: mega.CHIVA|Spikes\n|move|p1a: Garchomp|Earthquake|p2a: \u5feb\u6a02\u82b1\n|-supereffective|p2a: \u5feb\u6a02\u82b1|2\n|-damage|p2a: \u5feb\u6a02\u82b1|0 fnt\n|-activate|p2a: \u5feb\u6a02\u82b1|ability: Toxic Debris\n|-sidestart|p1: mega.CHIVA|move: Toxic Spikes\n|faint|p2a: \u5feb\u6a02\u82b1\n|\n|upkeep\n|\n|t:|1776655030\n|switch|p2a: \u5feb\u6a02\u72d7|Manectric, L50, M|100/100\n|turn|17\n|\n|t:|1776655037\n|detailschange|p2a: \u5feb\u6a02\u72d7|Manectric-Mega, L50, M\n|-mega|p2a: \u5feb\u6a02\u72d7|Manectric|Manectite\n|-ability|p2a: \u5feb\u6a02\u72d7|Intimidate|boost\n|-unboost|p1a: Garchomp|atk|1\n|detailschange|p1a: Garchomp|Garchomp-Mega, L50, M\n|-mega|p1a: Garchomp|Garchomp|Garchompite\n|move|p1a: Garchomp|Earthquake|p2a: \u5feb\u6a02\u72d7\n|-supereffective|p2a: \u5feb\u6a02\u72d7|1\n|-damage|p2a: \u5feb\u6a02\u72d7|48/100\n|move|p2a: \u5feb\u6a02\u72d7|Roar|p1a: Garchomp\n|drag|p1a: Hawlucha|Hawlucha, L50, M|100/100\n|\n|upkeep\n|turn|18\n|\n|t:|1776655053\n|move|p2a: \u5feb\u6a02\u72d7|Volt Switch|p1a: Hawlucha\n|-supereffective|p1a: Hawlucha|1\n|-damage|p1a: Hawlucha|0 fnt\n|faint|p1a: Hawlucha\n|\n|-sideend|p2: tung0616|Reflect\n|upkeep\n|\n|t:|1776655058\n|switch|p1a: Garchomp|Garchomp-Mega, L50, M|100/100\n|-status|p1a: Garchomp|tox\n|-damage|p1a: Garchomp|88/100 tox|[from] Spikes\n|turn|19\n|\n|t:|1776655063\n|move|p2a: \u5feb\u6a02\u72d7|Protect|p2a: \u5feb\u6a02\u72d7\n|-singleturn|p2a: \u5feb\u6a02\u72d7|Protect\n|move|p1a: Garchomp|Earthquake|p2a: \u5feb\u6a02\u72d7\n|-activate|p2a: \u5feb\u6a02\u72d7|move: Protect\n|\n|-damage|p1a: Garchomp|82/100 tox|[from] psn\n|upkeep\n|turn|20\n|\n|t:|1776655070\n|move|p2a: \u5feb\u6a02\u72d7|Snarl|p1a: Garchomp\n|-damage|p1a: Garchomp|67/100 tox\n|-unboost|p1a: Garchomp|spa|1\n|move|p1a: Garchomp|Earthquake|p2a: \u5feb\u6a02\u72d7\n|-supereffective|p2a: \u5feb\u6a02\u72d7|1\n|-damage|p2a: \u5feb\u6a02\u72d7|0 fnt\n|faint|p2a: \u5feb\u6a02\u72d7\n|\n|win|mega.CHIVA\n|raw|mega.CHIVA's rating: 1113 &rarr; <strong>1134</strong><br />(+21 for winning)\n|raw|tung0616's rating: 1060 &rarr; <strong>1044</strong><br />(-16 for losing)\n|l|\u2606tung0616\n|player|p2|\n",
  "uploadtime": 1776655078,
  "views": 0,
  "formatid": "gen9championsbssregma",
  "rating": 1044,
  "private": 0,
  "password": null
}