{
  "id": "gen9championsbssregma-2584752629",
  "format": "[Gen 9 Champions] BSS Reg M-A",
  "players": [
    "I Swear I'm Comp",
    "isaacmora22"
  ],
  "log": "|j|\u2606I Swear I'm Comp\n|j|\u2606isaacmora22\n|t:|1776281185\n|gametype|singles\n|player|p1|I Swear I'm Comp|170|1000\n|player|p2|isaacmora22|hilbert|1027\n|gen|9\n|tier|[Gen 9 Champions] BSS Reg M-A\n|rated|\n|rule|Species Clause: Limit one of each Pok\u00e9mon\n|rule|Item Clause: Limit 1 of each item\n|clearpoke\n|poke|p1|Slowking, L50, F|\n|poke|p1|Meowscarada, L50, M|\n|poke|p1|Scizor, L50, M|\n|poke|p1|Hippowdon, L50, F|\n|poke|p1|Glimmora, L50, F|\n|poke|p1|Slurpuff, L50, F|\n|poke|p2|Flareon, L50, M|\n|poke|p2|Dragonite, L50, M|\n|poke|p2|Luxray, L50, M|\n|poke|p2|Clawitzer, L50, M|\n|poke|p2|Sableye, L50, M|\n|poke|p2|Archaludon, L50, F|\n|teampreview|3\n|\n|t:|1776281215\n|teamsize|p1|3\n|teamsize|p2|3\n|start\n|switch|p1a: Hippowdon|Hippowdon, L50, F|100/100\n|switch|p2a: Erwin|Clawitzer, L50, M|100/100\n|-weather|Sandstorm|[from] ability: Sand Stream|[of] p1a: Hippowdon\n|turn|1\n|\n|t:|1776281241\n|move|p2a: Erwin|Water Pulse|p1a: Hippowdon\n|-supereffective|p1a: Hippowdon|1\n|-crit|p1a: Hippowdon\n|-damage|p1a: Hippowdon|0 fnt\n|faint|p1a: Hippowdon\n|\n|-weather|Sandstorm|[upkeep]\n|-damage|p2a: Erwin|94/100|[from] Sandstorm\n|upkeep\n|\n|t:|1776281251\n|switch|p1a: Glimmora|Glimmora, L50, F, shiny|100/100\n|turn|2\n|\n|t:|1776281256\n|detailschange|p1a: Glimmora|Glimmora-Mega, L50, F, shiny\n|-mega|p1a: Glimmora|Glimmora|Glimmoranite\n|move|p1a: Glimmora|Energy Ball|p2a: Erwin\n|-supereffective|p2a: Erwin|1\n|-damage|p2a: Erwin|17/100\n|move|p2a: Erwin|Water Pulse|p1a: Glimmora\n|-supereffective|p1a: Glimmora|1\n|-crit|p1a: Glimmora\n|-damage|p1a: Glimmora|16/100\n|\n|-weather|Sandstorm|[upkeep]\n|-damage|p2a: Erwin|11/100|[from] Sandstorm\n|upkeep\n|turn|3\n|\n|t:|1776281270\n|move|p1a: Glimmora|Energy Ball|p2a: Erwin\n|-supereffective|p2a: Erwin|1\n|-damage|p2a: Erwin|0 fnt\n|faint|p2a: Erwin\n|\n|-weather|Sandstorm|[upkeep]\n|upkeep\n|\n|t:|1776281276\n|switch|p2a: Camden|Flareon, L50, M|100/100\n|turn|4\n|\n|t:|1776281281\n|move|p2a: Camden|Dig||[still]\n|-prepare|p2a: Camden|Dig\n|move|p1a: Glimmora|Earth Power|p2a: Camden|[miss]\n|-miss|p1a: Glimmora|p2a: Camden\n|\n|-weather|Sandstorm|[upkeep]\n|upkeep\n|turn|5\n|\n|t:|1776281289\n|switch|p1a: Scizor|Scizor, L50, M, shiny|100/100\n|move|p2a: Camden|Dig|p1a: Scizor|[from] lockedmove\n|-damage|p1a: Scizor|76/100\n|\n|-weather|none\n|upkeep\n|turn|6\n|\n|t:|1776281299\n|switch|p2a: Rex|Luxray, L50, M|100/100\n|-ability|p2a: Rex|Intimidate|boost\n|-unboost|p1a: Scizor|atk|1\n|move|p1a: Scizor|Close Combat|p2a: Rex\n|-damage|p2a: Rex|59/100\n|-unboost|p1a: Scizor|def|1\n|-unboost|p1a: Scizor|spd|1\n|\n|upkeep\n|turn|7\n|\n|t:|1776281312\n|move|p2a: Rex|Wild Charge|p1a: Scizor\n|-damage|p1a: Scizor|2/100\n|-damage|p2a: Rex|38/100|[from] Recoil\n|-enditem|p2a: Rex|Sitrus Berry|[eat]\n|-heal|p2a: Rex|63/100|[from] item: Sitrus Berry\n|move|p1a: Scizor|Swords Dance|p1a: Scizor\n|-boost|p1a: Scizor|atk|2\n|\n|upkeep\n|turn|8\n|\n|t:|1776281322\n|move|p1a: Scizor|Bullet Punch|p2a: Rex\n|-resisted|p2a: Rex|1\n|-crit|p2a: Rex\n|-damage|p2a: Rex|6/100\n|move|p2a: Rex|Wild Charge|p1a: Scizor\n|-damage|p1a: Scizor|0 fnt\n|faint|p1a: Scizor\n|-damage|p2a: Rex|5/100|[from] Recoil\n|\n|upkeep\n|\n|t:|1776281330\n|switch|p1a: Glimmora|Glimmora-Mega, L50, F, shiny|16/100\n|turn|9\n|\n|t:|1776281334\n|move|p1a: Glimmora|Energy Ball|p2a: Rex\n|-damage|p2a: Rex|0 fnt\n|faint|p2a: Rex\n|\n|upkeep\n|\n|t:|1776281340\n|switch|p2a: Camden|Flareon, L50, M|100/100\n|turn|10\n|\n|t:|1776281345\n|move|p2a: Camden|Flame Charge|p1a: Glimmora\n|-resisted|p1a: Glimmora|1\n|-damage|p1a: Glimmora|2/100\n|-boost|p2a: Camden|spe|1\n|move|p1a: Glimmora|Earth Power|p2a: Camden\n|-supereffective|p2a: Camden|1\n|-damage|p2a: Camden|31/100\n|\n|upkeep\n|turn|11\n|\n|t:|1776281354\n|move|p2a: Camden|Flame Charge|p1a: Glimmora\n|-resisted|p1a: Glimmora|1\n|-damage|p1a: Glimmora|0 fnt\n|-boost|p2a: Camden|spe|1\n|faint|p1a: Glimmora\n|\n|win|isaacmora22\n|raw|I Swear I&apos;m Comp's rating: 1000 &rarr; <strong>1000</strong><br />(+0 for losing)\n|raw|isaacmora22's rating: 1027 &rarr; <strong>1060</strong><br />(+33 for winning)\n",
  "uploadtime": 1776281362,
  "views": 13,
  "formatid": "gen9championsbssregma",
  "rating": 1000,
  "private": 0,
  "password": null
}