{
  "id": "gen9championsbssregma-2589052460",
  "format": "[Gen 9 Champions] BSS Reg M-A",
  "players": [
    "kth0817",
    "harap"
  ],
  "log": "|j|\u2606kth0817\n|j|\u2606harap\n|t:|1776696471\n|gametype|singles\n|player|p1|kth0817|266|1341\n|player|p2|harap|101|1378\n|gen|9\n|tier|[Gen 9 Champions] BSS Reg M-A\n|rated|\n|rule|Species Clause: Limit one of each Pok\u00e9mon\n|rule|Item Clause: Limit 1 of each item\n|clearpoke\n|poke|p1|Gyarados, L50, F|\n|poke|p1|Snorlax, L50, M|\n|poke|p1|Lycanroc-Dusk, L50, F|\n|poke|p1|Hippowdon, L50, F|\n|poke|p1|Sneasler, L50, M|\n|poke|p1|Meganium, L50, M|\n|poke|p2|Ampharos, L50, M|\n|poke|p2|Scizor, L50, M|\n|poke|p2|Feraligatr, L50, F|\n|poke|p2|Slowking-Galar, L50, M|\n|poke|p2|Umbreon, L50, M|\n|poke|p2|Skarmory, L50, M|\n|teampreview|3\n|j| doremy\n|inactive|Battle timer is ON: inactive players will automatically lose when time's up. (requested by kth0817)\n|\n|t:|1776696500\n|teamsize|p1|3\n|teamsize|p2|3\n|start\n|switch|p1a: Lycanroc|Lycanroc-Dusk, L50, F|100/100\n|switch|p2a: Feraligatr|Feraligatr, L50, F|100/100\n|turn|1\n|\n|t:|1776696513\n|move|p2a: Feraligatr|Liquidation|p1a: Lycanroc\n|-supereffective|p1a: Lycanroc|1\n|-enditem|p1a: Lycanroc|Focus Sash\n|-damage|p1a: Lycanroc|1/100\n|move|p1a: Lycanroc|Stealth Rock|p2a: Feraligatr\n|-sidestart|p2: harap|move: Stealth Rock\n|\n|upkeep\n|turn|2\n|\n|t:|1776696521\n|move|p2a: Feraligatr|Liquidation|p1a: Lycanroc\n|-supereffective|p1a: Lycanroc|1\n|-damage|p1a: Lycanroc|0 fnt\n|faint|p1a: Lycanroc\n|\n|upkeep\n|\n|t:|1776696523\n|switch|p1a: Gyarados|Gyarados, L50, F|100/100\n|-ability|p1a: Gyarados|Intimidate|boost\n|-unboost|p2a: Feraligatr|atk|1\n|turn|3\n|\n|t:|1776696532\n|switch|p2a: Umbreon|Umbreon, L50, M|100/100\n|-damage|p2a: Umbreon|88/100|[from] Stealth Rock\n|move|p1a: Gyarados|Dragon Dance|p1a: Gyarados\n|-boost|p1a: Gyarados|atk|1\n|-boost|p1a: Gyarados|spe|1\n|\n|-heal|p2a: Umbreon|94/100|[from] item: Leftovers\n|upkeep\n|turn|4\n|\n|t:|1776696542\n|detailschange|p1a: Gyarados|Gyarados-Mega, L50, F\n|-mega|p1a: Gyarados|Gyarados|Gyaradosite\n|-ability|p1a: Gyarados|Mold Breaker\n|move|p1a: Gyarados|Power Whip|p2a: Umbreon\n|-damage|p2a: Umbreon|51/100\n|move|p2a: Umbreon|Toxic|p1a: Gyarados\n|-status|p1a: Gyarados|tox\n|\n|-heal|p2a: Umbreon|57/100|[from] item: Leftovers\n|-damage|p1a: Gyarados|95/100 tox|[from] psn\n|upkeep\n|turn|5\n|\n|t:|1776696555\n|move|p2a: Umbreon|Protect|p2a: Umbreon\n|-singleturn|p2a: Umbreon|Protect\n|move|p1a: Gyarados|Dragon Dance|p1a: Gyarados\n|-boost|p1a: Gyarados|atk|1\n|-boost|p1a: Gyarados|spe|1\n|\n|-heal|p2a: Umbreon|63/100|[from] item: Leftovers\n|-damage|p1a: Gyarados|83/100 tox|[from] psn\n|upkeep\n|turn|6\n|\n|t:|1776696564\n|move|p1a: Gyarados|Power Whip|p2a: Umbreon\n|-damage|p2a: Umbreon|9/100\n|move|p2a: Umbreon|Foul Play|p1a: Gyarados\n|-resisted|p1a: Gyarados|1\n|-damage|p1a: Gyarados|32/100 tox\n|\n|-heal|p2a: Umbreon|15/100|[from] item: Leftovers\n|-damage|p1a: Gyarados|15/100 tox|[from] psn\n|upkeep\n|turn|7\n|\n|t:|1776696575\n|move|p2a: Umbreon|Protect|p2a: Umbreon\n|-singleturn|p2a: Umbreon|Protect\n|move|p1a: Gyarados|Power Whip|p2a: Umbreon\n|-activate|p2a: Umbreon|move: Protect\n|\n|-heal|p2a: Umbreon|21/100|[from] item: Leftovers\n|-damage|p1a: Gyarados|0 fnt|[from] psn\n|faint|p1a: Gyarados\n|upkeep\n|-message|kth0817 forfeited.\n|\n|win|harap\n|raw|kth0817's rating: 1341 &rarr; <strong>1323</strong><br />(-18 for losing)\n|raw|harap's rating: 1378 &rarr; <strong>1396</strong><br />(+18 for winning)\n|l|\u2606kth0817\n|player|p1|\n|l|\u2606harap\n|player|p2|\n",
  "uploadtime": 1776696589,
  "views": 5,
  "formatid": "gen9championsbssregma",
  "rating": 1323,
  "private": 0,
  "password": null
}