{
  "id": "gen9championsbssregma-2589468551",
  "format": "[Gen 9 Champions] BSS Reg M-A",
  "players": [
    "mega.CHIVA",
    "1%ofGamblers"
  ],
  "log": "|j|\u2606mega.CHIVA\n|j|\u26061%ofGamblers\n|t:|1776725672\n|gametype|singles\n|player|p1|mega.CHIVA|unknown|1115\n|player|p2|1%ofGamblers|101|1163\n|gen|9\n|tier|[Gen 9 Champions] BSS Reg M-A\n|rated|\n|rule|Species Clause: Limit one of each Pok\u00e9mon\n|rule|Item Clause: Limit 1 of each item\n|clearpoke\n|poke|p1|Corviknight, L50, M|\n|poke|p1|Garchomp, L50, M|\n|poke|p1|Hawlucha, L50, M|\n|poke|p1|Sylveon, L50, F|\n|poke|p1|Greninja, L50, M|\n|poke|p1|Blastoise, L50, M|\n|poke|p2|Primarina, L50, M|\n|poke|p2|Meowscarada, L50, M|\n|poke|p2|Banette, L50, M|\n|poke|p2|Slowking-Galar, L50, F|\n|poke|p2|Garchomp, L50, M|\n|poke|p2|Corviknight, L50, M|\n|teampreview|3\n|inactive|Battle timer is ON: inactive players will automatically lose when time's up. (requested by 1%ofGamblers)\n|\n|t:|1776725698\n|teamsize|p1|3\n|teamsize|p2|3\n|start\n|switch|p1a: Sylveon|Sylveon, L50, F|100/100\n|switch|p2a: Slowking|Slowking-Galar, L50, F|100/100\n|turn|1\n|\n|t:|1776725705\n|move|p1a: Sylveon|Shadow Ball|p2a: Slowking\n|-supereffective|p2a: Slowking|1\n|-damage|p2a: Slowking|53/100\n|-unboost|p2a: Slowking|spd|1\n|move|p2a: Slowking|Sludge Wave|p1a: Sylveon\n|-supereffective|p1a: Sylveon|1\n|-damage|p1a: Sylveon|38/100\n|-status|p1a: Sylveon|psn\n|\n|-damage|p1a: Sylveon|26/100 psn|[from] psn\n|upkeep\n|turn|2\n|\n|t:|1776725716\n|switch|p2a: Corviknight|Corviknight, L50, M|100/100\n|-ability|p2a: Corviknight|Pressure\n|move|p1a: Sylveon|Shadow Ball|p2a: Corviknight\n|-damage|p2a: Corviknight|76/100\n|-unboost|p2a: Corviknight|spd|1\n|\n|-heal|p2a: Corviknight|82/100|[from] item: Leftovers\n|-damage|p1a: Sylveon|13/100 psn|[from] psn\n|upkeep\n|turn|3\n|\n|t:|1776725727\n|move|p2a: Corviknight|U-turn|p1a: Sylveon\n|-resisted|p1a: Sylveon|1\n|-damage|p1a: Sylveon|5/100 psn\n|\n|t:|1776725729\n|switch|p2a: Slowking|Slowking-Galar, L50, F|86/100|[from] U-turn\n|move|p1a: Sylveon|Hyper Voice|p2a: Slowking\n|-resisted|p2a: Slowking|1\n|-damage|p2a: Slowking|60/100\n|\n|-damage|p1a: Sylveon|0 fnt|[from] psn\n|faint|p1a: Sylveon\n|upkeep\n|\n|t:|1776725744\n|switch|p1a: Greninja|Greninja, L50, M|100/100\n|turn|4\n|\n|t:|1776725752\n|move|p1a: Greninja|Dark Pulse|p2a: Slowking\n|-start|p1a: Greninja|typechange|Dark|[from] ability: Protean\n|-supereffective|p2a: Slowking|1\n|-enditem|p2a: Slowking|Colbur Berry|[eat]\n|-enditem|p2a: Slowking|Colbur Berry|[weaken]\n|-damage|p2a: Slowking|33/100\n|move|p2a: Slowking|Sludge Wave|p1a: Greninja\n|-damage|p1a: Greninja|37/100\n|\n|upkeep\n|turn|5\n|\n|t:|1776725762\n|move|p1a: Greninja|Dark Pulse|p2a: Slowking\n|-supereffective|p2a: Slowking|1\n|-crit|p2a: Slowking\n|-damage|p2a: Slowking|0 fnt\n|faint|p2a: Slowking\n|\n|upkeep\n|\n|t:|1776725764\n|switch|p2a: Corviknight|Corviknight, L50, M|82/100\n|-ability|p2a: Corviknight|Pressure\n|turn|6\n|\n|t:|1776725772\n|move|p1a: Greninja|Surf|p2a: Corviknight\n|-damage|p2a: Corviknight|56/100\n|move|p2a: Corviknight|Body Press|p1a: Greninja\n|-supereffective|p1a: Greninja|1\n|-damage|p1a: Greninja|0 fnt\n|faint|p1a: Greninja\n|\n|-heal|p2a: Corviknight|61/100|[from] item: Leftovers\n|upkeep\n|\n|t:|1776725780\n|switch|p1a: Blastoise|Blastoise, L50, M|100/100\n|turn|7\n|\n|t:|1776725786\n|detailschange|p1a: Blastoise|Blastoise-Mega, L50, M\n|-mega|p1a: Blastoise|Blastoise|Blastoisinite\n|move|p1a: Blastoise|Surf|p2a: Corviknight\n|-damage|p2a: Corviknight|9/100\n|move|p2a: Corviknight|U-turn|p1a: Blastoise\n|-damage|p1a: Blastoise|88/100\n|\n|t:|1776725793\n|switch|p2a: Banette|Banette, L50, M|100/100|[from] U-turn\n|-item|p1a: Blastoise|Blastoisinite|[from] ability: Frisk|[of] p2a: Banette\n|\n|upkeep\n|turn|8\n|\n|t:|1776725801\n|detailschange|p2a: Banette|Banette-Mega, L50, M\n|-mega|p2a: Banette|Banette|Banettite\n|move|p2a: Banette|Destiny Bond|p2a: Banette\n|-singlemove|p2a: Banette|Destiny Bond\n|move|p1a: Blastoise|Surf|p2a: Banette\n|-damage|p2a: Banette|18/100\n|\n|upkeep\n|turn|9\n|\n|t:|1776725809\n|move|p2a: Banette|Poltergeist|p1a: Blastoise\n|-activate|p1a: Blastoise|move: Poltergeist|Blastoisinite\n|-damage|p1a: Blastoise|31/100\n|move|p1a: Blastoise|Surf|p2a: Banette\n|-damage|p2a: Banette|0 fnt\n|faint|p2a: Banette\n|\n|upkeep\n|\n|t:|1776725815\n|switch|p2a: Corviknight|Corviknight, L50, M|9/100\n|-ability|p2a: Corviknight|Pressure\n|turn|10\n|-message|1%ofGamblers forfeited.\n|\n|win|mega.CHIVA\n|raw|mega.CHIVA's rating: 1115 &rarr; <strong>1143</strong><br />(+28 for winning)\n|raw|1%ofGamblers's rating: 1163 &rarr; <strong>1135</strong><br />(-28 for losing)\n|l|\u26061%ofGamblers\n|player|p2|\n|l|\u2606mega.CHIVA\n|player|p1|\n|j|\u2606mega.CHIVA\n|player|p1|mega.CHIVA|unknown|\n",
  "uploadtime": 1776725828,
  "views": 1,
  "formatid": "gen9championsbssregma",
  "rating": 1135,
  "private": 0,
  "password": null
}