{
  "id": "gen9championsbssregma-2587439252",
  "format": "[Gen 9 Champions] BSS Reg M-A",
  "players": [
    "power panpour",
    "Pink+Whitefan"
  ],
  "log": "|j|\u2606power panpour\n|j|\u2606Pink+Whitefan\n|inactive|Battle timer is ON: inactive players will automatically lose when time's up.\n|t:|1776531904\n|gametype|singles\n|player|p1|power panpour|pokemonranger|\n|player|p2|Pink+Whitefan|1|\n|gen|9\n|tier|[Gen 9 Champions] BSS Reg M-A\n|rated|Tournament battle\n|rule|Species Clause: Limit one of each Pok\u00e9mon\n|rule|Item Clause: Limit 1 of each item\n|clearpoke\n|poke|p1|Hydrapple, L50, M|\n|poke|p1|Blastoise, L50, F|\n|poke|p1|Emolga, L50, F|\n|poke|p1|Slowking-Galar, L50, M|\n|poke|p1|Clefable, L50, M|\n|poke|p1|Weavile, L50, M|\n|poke|p2|Gardevoir, L50, F, shiny|\n|poke|p2|Samurott-Hisui, L50, F, shiny|\n|poke|p2|Toxapex, L50, M, shiny|\n|poke|p2|Espathra, L50, F|\n|poke|p2|Ampharos, L50, M|\n|poke|p2|Dragonite, L50, F, shiny|\n|teampreview|3\n|j| dunescorpion\n|\n|t:|1776531918\n|teamsize|p1|3\n|teamsize|p2|3\n|start\n|switch|p1a: Vector|Emolga, L50, F|100/100\n|switch|p2a: Samurott|Samurott-Hisui, L50, F, shiny|100/100\n|turn|1\n|\n|t:|1776531924\n|move|p1a: Vector|Nuzzle|p2a: Samurott\n|-supereffective|p2a: Samurott|1\n|-damage|p2a: Samurott|86/100\n|-status|p2a: Samurott|par\n|move|p2a: Samurott|Ceaseless Edge|p1a: Vector\n|-damage|p1a: Vector|28/100\n|-sidestart|p1: power panpour|Spikes\n|\n|upkeep\n|turn|2\n|\n|t:|1776531929\n|move|p1a: Vector|U-turn|p2a: Samurott\n|-supereffective|p2a: Samurott|1\n|-damage|p2a: Samurott|50/100 par\n|\n|t:|1776531930\n|switch|p1a: The Blast-inator|Blastoise, L50, F|100/100|[from] U-turn\n|-damage|p1a: The Blast-inator|88/100|[from] Spikes\n|move|p2a: Samurott|Flip Turn|p1a: The Blast-inator\n|-resisted|p1a: The Blast-inator|1\n|-damage|p1a: The Blast-inator|74/100\n|\n|t:|1776531933\n|switch|p2a: Espathra|Espathra, L50, F|100/100|[from] Flip Turn\n|\n|upkeep\n|turn|3\n|j|#DerpySuX\n|\n|t:|1776531939\n|switch|p1a: Triple T|Weavile, L50, M|100/100\n|-damage|p1a: Triple T|88/100|[from] Spikes\n|-ability|p1a: Triple T|Pressure\n|move|p2a: Espathra|Calm Mind|p2a: Espathra\n|-boost|p2a: Espathra|spa|1\n|-boost|p2a: Espathra|spd|1\n|\n|-ability|p2a: Espathra|Speed Boost|boost\n|-boost|p2a: Espathra|spe|1\n|upkeep\n|turn|4\n|j| tv0id\n|\n|t:|1776531942\n|move|p2a: Espathra|Protect|p2a: Espathra\n|-singleturn|p2a: Espathra|Protect\n|move|p1a: Triple T|Knock Off|p2a: Espathra\n|-activate|p2a: Espathra|move: Protect\n|\n|-ability|p2a: Espathra|Speed Boost|boost\n|-boost|p2a: Espathra|spe|1\n|upkeep\n|turn|5\n|\n|t:|1776531945\n|move|p2a: Espathra|Substitute|p2a: Espathra\n|-start|p2a: Espathra|Substitute\n|-damage|p2a: Espathra|76/100\n|move|p1a: Triple T|Knock Off|p2a: Espathra\n|-supereffective|p2a: Espathra|1\n|-end|p2a: Espathra|Substitute\n|\n|-ability|p2a: Espathra|Speed Boost|boost\n|-boost|p2a: Espathra|spe|1\n|upkeep\n|turn|6\n|\n|t:|1776531948\n|move|p2a: Espathra|Substitute|p2a: Espathra\n|-start|p2a: Espathra|Substitute\n|-damage|p2a: Espathra|51/100\n|move|p1a: Triple T|Knock Off|p2a: Espathra\n|-supereffective|p2a: Espathra|1\n|-end|p2a: Espathra|Substitute\n|\n|-ability|p2a: Espathra|Speed Boost|boost\n|-boost|p2a: Espathra|spe|1\n|upkeep\n|turn|7\n|\n|t:|1776531952\n|move|p2a: Espathra|Baton Pass|p2a: Espathra\n|\n|t:|1776531953\n|switch|p2a: Ampharos|Ampharos, L50, M|100/100|[from] Baton Pass\n|move|p1a: Triple T|Knock Off|p2a: Ampharos\n|-damage|p2a: Ampharos|57/100\n|\n|upkeep\n|turn|8\n|j| pengu\n|l| pengu\n|\n|t:|1776531960\n|move|p2a: Ampharos|Dazzling Gleam|p1a: Triple T\n|-supereffective|p1a: Triple T|1\n|-damage|p1a: Triple T|0 fnt\n|faint|p1a: Triple T\n|\n|upkeep\n|-message|power panpour forfeited.\n|\n|win|Pink+Whitefan\n|n|\u2606power panpour|powerpanpour\n|n|\u2606Pink+Whitefan|pinkwhitefan\n|n| dunescorpion|dunescorpion\n|n|+DerpySuX|derpysux\n|n| tv0id|tv0id\n|l|\u2606power panpour\n|player|p1|\n|l| tv0id\n|l|+DerpySuX\n",
  "uploadtime": 1776531964,
  "views": 12,
  "formatid": "gen9championsbssregma",
  "rating": null,
  "private": 0,
  "password": null
}