{
  "id": "gen9championsbssregma-2584951672",
  "format": "[Gen 9 Champions] BSS Reg M-A",
  "players": [
    "hnfdgh",
    "DeaRubbish"
  ],
  "log": "|j|\u2606hnfdgh\n|j|\u2606DeaRubbish\n|t:|1776297531\n|gametype|singles\n|player|p1|hnfdgh|erika|1224\n|player|p2|DeaRubbish|lass-gen4dp|1266\n|gen|9\n|tier|[Gen 9 Champions] BSS Reg M-A\n|rated|\n|rule|Species Clause: Limit one of each Pok\u00e9mon\n|rule|Item Clause: Limit 1 of each item\n|clearpoke\n|poke|p1|Chandelure, L50, F|\n|poke|p1|Glaceon, L50, M|\n|poke|p1|Empoleon, L50, M|\n|poke|p1|Gallade, L50, M|\n|poke|p1|Lycanroc, L50, F|\n|poke|p1|Leafeon, L50, F|\n|poke|p2|Garchomp, L50, F|\n|poke|p2|Lucario, L50, F|\n|poke|p2|Gengar, L50, M|\n|poke|p2|Primarina, L50, F|\n|poke|p2|Corviknight, L50, M|\n|poke|p2|Umbreon, L50, M|\n|teampreview|3\n|inactive|Battle timer is ON: inactive players will automatically lose when time's up. (requested by hnfdgh)\n|\n|t:|1776297562\n|teamsize|p1|3\n|teamsize|p2|3\n|start\n|switch|p1a: Glaceon|Glaceon, L50, M, shiny|100/100\n|switch|p2a: Garchomp|Garchomp, L50, F|100/100\n|turn|1\n|\n|t:|1776297570\n|switch|p2a: Umbreon|Umbreon, L50, M|100/100\n|move|p1a: Glaceon|Freeze-Dry|p2a: Umbreon\n|-damage|p2a: Umbreon|68/100\n|\n|-heal|p2a: Umbreon|74/100|[from] item: Leftovers\n|upkeep\n|turn|2\n|\n|t:|1776297577\n|switch|p1a: Empoleon|Empoleon, L50, M|100/100\n|move|p2a: Umbreon|Yawn|p1a: Empoleon\n|-start|p1a: Empoleon|move: Yawn|[of] p2a: Umbreon\n|\n|-heal|p2a: Umbreon|80/100|[from] item: Leftovers\n|upkeep\n|turn|3\n|j| p74\n|\n|t:|1776297588\n|switch|p1a: Glaceon|Glaceon, L50, M, shiny|100/100\n|move|p2a: Umbreon|Foul Play|p1a: Glaceon\n|-damage|p1a: Glaceon|80/100\n|\n|-heal|p2a: Umbreon|86/100|[from] item: Leftovers\n|upkeep\n|turn|4\n|\n|t:|1776297596\n|move|p2a: Umbreon|Protect|p2a: Umbreon\n|-singleturn|p2a: Umbreon|Protect\n|move|p1a: Glaceon|Ice Beam|p2a: Umbreon\n|-activate|p2a: Umbreon|move: Protect\n|\n|-heal|p2a: Umbreon|92/100|[from] item: Leftovers\n|upkeep\n|turn|5\n|\n|t:|1776297603\n|move|p1a: Glaceon|Ice Beam|p2a: Umbreon\n|-crit|p2a: Umbreon\n|-damage|p2a: Umbreon|27/100\n|move|p2a: Umbreon|Yawn|p1a: Glaceon\n|-start|p1a: Glaceon|move: Yawn|[of] p2a: Umbreon\n|\n|-heal|p2a: Umbreon|33/100|[from] item: Leftovers\n|upkeep\n|turn|6\n|\n|t:|1776297611\n|move|p2a: Umbreon|Protect|p2a: Umbreon\n|-singleturn|p2a: Umbreon|Protect\n|move|p1a: Glaceon|Ice Beam|p2a: Umbreon\n|-activate|p2a: Umbreon|move: Protect\n|\n|-heal|p2a: Umbreon|39/100|[from] item: Leftovers\n|-end|p1a: Glaceon|move: Yawn|[silent]\n|-status|p1a: Glaceon|slp\n|upkeep\n|turn|7\n|\n|t:|1776297619\n|cant|p1a: Glaceon|slp\n|move|p2a: Umbreon|Wish|p2a: Umbreon\n|\n|-heal|p2a: Umbreon|45/100|[from] item: Leftovers\n|upkeep\n|turn|8\n|\n|t:|1776297624\n|cant|p1a: Glaceon|slp\n|move|p2a: Umbreon|Foul Play|p1a: Glaceon\n|-damage|p1a: Glaceon|57/100 slp\n|\n|-heal|p2a: Umbreon|95/100|[from] move: Wish|[wisher] Umbreon\n|-heal|p2a: Umbreon|100/100|[from] item: Leftovers\n|upkeep\n|turn|9\n|\n|t:|1776297631\n|-curestatus|p1a: Glaceon|slp|[msg]\n|move|p1a: Glaceon|Yawn|p2a: Umbreon\n|-start|p2a: Umbreon|move: Yawn|[of] p1a: Glaceon\n|move|p2a: Umbreon|Foul Play|p1a: Glaceon\n|-damage|p1a: Glaceon|35/100\n|\n|upkeep\n|turn|10\n|\n|t:|1776297639\n|move|p1a: Glaceon|Ice Beam|p2a: Umbreon\n|-damage|p2a: Umbreon|57/100\n|move|p2a: Umbreon|Yawn|p1a: Glaceon\n|-start|p1a: Glaceon|move: Yawn|[of] p2a: Umbreon\n|\n|-heal|p2a: Umbreon|63/100|[from] item: Leftovers\n|-end|p2a: Umbreon|move: Yawn|[silent]\n|-status|p2a: Umbreon|slp\n|upkeep\n|turn|11\n|\n|t:|1776297647\n|switch|p1a: Chandelure|Chandelure, L50, F|100/100\n|cant|p2a: Umbreon|slp\n|\n|-heal|p2a: Umbreon|69/100 slp|[from] item: Leftovers\n|upkeep\n|turn|12\n|\n|t:|1776297653\n|move|p1a: Chandelure|Calm Mind|p1a: Chandelure\n|-boost|p1a: Chandelure|spa|1\n|-boost|p1a: Chandelure|spd|1\n|-curestatus|p2a: Umbreon|slp|[msg]\n|move|p2a: Umbreon|Foul Play|p1a: Chandelure\n|-supereffective|p1a: Chandelure|1\n|-damage|p1a: Chandelure|72/100\n|\n|-heal|p2a: Umbreon|75/100|[from] item: Leftovers\n|upkeep\n|turn|13\n|\n|t:|1776297661\n|move|p1a: Chandelure|Flamethrower|p2a: Umbreon\n|-damage|p2a: Umbreon|30/100\n|move|p2a: Umbreon|Yawn|p1a: Chandelure\n|-start|p1a: Chandelure|move: Yawn|[of] p2a: Umbreon\n|\n|-heal|p2a: Umbreon|36/100|[from] item: Leftovers\n|upkeep\n|turn|14\n|\n|t:|1776297670\n|move|p1a: Chandelure|Calm Mind|p1a: Chandelure\n|-boost|p1a: Chandelure|spa|1\n|-boost|p1a: Chandelure|spd|1\n|move|p2a: Umbreon|Wish|p2a: Umbreon\n|\n|-heal|p2a: Umbreon|42/100|[from] item: Leftovers\n|-end|p1a: Chandelure|move: Yawn|[silent]\n|-status|p1a: Chandelure|slp\n|upkeep\n|-enditem|p1a: Chandelure|Chesto Berry|[eat]\n|-curestatus|p1a: Chandelure|slp|[msg]\n|turn|15\n|\n|t:|1776297681\n|move|p2a: Umbreon|Protect|p2a: Umbreon\n|-singleturn|p2a: Umbreon|Protect\n|move|p1a: Chandelure|Flamethrower|p2a: Umbreon\n|-activate|p2a: Umbreon|move: Protect\n|\n|-heal|p2a: Umbreon|92/100|[from] move: Wish|[wisher] Umbreon\n|-heal|p2a: Umbreon|98/100|[from] item: Leftovers\n|upkeep\n|turn|16\n|\n|t:|1776297694\n|move|p1a: Chandelure|Flamethrower|p2a: Umbreon\n|-damage|p2a: Umbreon|36/100\n|-status|p2a: Umbreon|brn\n|-activate|p2a: Umbreon|ability: Synchronize\n|-immune|p1a: Chandelure\n|move|p2a: Umbreon|Yawn|p1a: Chandelure\n|-start|p1a: Chandelure|move: Yawn|[of] p2a: Umbreon\n|\n|-heal|p2a: Umbreon|42/100 brn|[from] item: Leftovers\n|-damage|p2a: Umbreon|36/100 brn|[from] brn\n|upkeep\n|turn|17\n|\n|t:|1776297712\n|switch|p1a: Glaceon|Glaceon, L50, M, shiny|35/100\n|move|p2a: Umbreon|Wish|p2a: Umbreon\n|\n|-heal|p2a: Umbreon|42/100 brn|[from] item: Leftovers\n|-damage|p2a: Umbreon|36/100 brn|[from] brn\n|upkeep\n|turn|18\n|-message|hnfdgh forfeited.\n|\n|win|DeaRubbish\n|raw|hnfdgh's rating: 1224 &rarr; <strong>1202</strong><br />(-22 for losing)\n|raw|DeaRubbish's rating: 1266 &rarr; <strong>1288</strong><br />(+22 for winning)\n|l|\u2606hnfdgh\n|player|p1|\n|l|\u2606DeaRubbish\n|player|p2|\n",
  "uploadtime": 1776298544,
  "views": 4,
  "formatid": "gen9championsbssregma",
  "rating": 1202,
  "private": 0,
  "password": null
}