{
  "id": "gen9championsbssregma-2585178090",
  "format": "[Gen 9 Champions] BSS Reg M-A",
  "players": [
    "hrztkb",
    "Ryan1Baek"
  ],
  "log": "|j|\u2606hrztkb\n|j|\u2606Ryan1Baek\n|t:|1776321509\n|gametype|singles\n|player|p1|hrztkb|102|1436\n|player|p2|Ryan1Baek|carmine-festival|1335\n|gen|9\n|tier|[Gen 9 Champions] BSS Reg M-A\n|rated|\n|rule|Species Clause: Limit one of each Pok\u00e9mon\n|rule|Item Clause: Limit 1 of each item\n|clearpoke\n|poke|p1|Gyarados, L50, M|\n|poke|p1|Aegislash, L50, F|\n|poke|p1|Garchomp, L50, M|\n|poke|p1|Primarina, L50, M|\n|poke|p1|Venusaur, L50, M|\n|poke|p1|Archaludon, L50, F|\n|poke|p2|Blastoise, L50, F|\n|poke|p2|Meowscarada, L50, F|\n|poke|p2|Corviknight, L50, M|\n|poke|p2|Garchomp, L50, F|\n|poke|p2|Gengar, L50, M|\n|poke|p2|Aegislash, L50, M|\n|teampreview|3\n|inactive|Battle timer is ON: inactive players will automatically lose when time's up. (requested by hrztkb)\n|\n|t:|1776321537\n|teamsize|p1|3\n|teamsize|p2|3\n|start\n|switch|p1a: Archaludon|Archaludon, L50, F|100/100\n|switch|p2a: Garchomp|Garchomp, L50, F|100/100\n|turn|1\n|\n|t:|1776321542\n|move|p2a: Garchomp|Earthquake|p1a: Archaludon\n|-supereffective|p1a: Archaludon|1\n|-crit|p1a: Archaludon\n|-damage|p1a: Archaludon|6/100\n|-ability|p1a: Archaludon|Stamina|boost\n|-boost|p1a: Archaludon|def|1\n|-enditem|p1a: Archaludon|Sitrus Berry|[eat]\n|-heal|p1a: Archaludon|31/100|[from] item: Sitrus Berry\n|move|p1a: Archaludon|Draco Meteor|p2a: Garchomp\n|-supereffective|p2a: Garchomp|1\n|-enditem|p2a: Garchomp|Focus Sash\n|-damage|p2a: Garchomp|1/100\n|-unboost|p1a: Archaludon|spa|2\n|\n|upkeep\n|turn|2\n|\n|t:|1776321558\n|move|p2a: Garchomp|Earthquake|p1a: Archaludon\n|-supereffective|p1a: Archaludon|1\n|-crit|p1a: Archaludon\n|-damage|p1a: Archaludon|0 fnt\n|faint|p1a: Archaludon\n|\n|upkeep\n|\n|t:|1776321569\n|switch|p1a: Aegislash|Aegislash, L50, F|100/100\n|turn|3\n|\n|t:|1776321573\n|-formechange|p1a: Aegislash|Aegislash-Blade|\n|move|p1a: Aegislash|Shadow Sneak|p2a: Garchomp\n|-damage|p2a: Garchomp|0 fnt\n|-damage|p1a: Aegislash|89/100|[from] ability: Rough Skin|[of] p2a: Garchomp\n|faint|p2a: Garchomp\n|\n|upkeep\n|\n|t:|1776321576\n|switch|p2a: Meowscarada|Meowscarada, L50, F|100/100\n|turn|4\n|\n|t:|1776321584\n|-formechange|p1a: Aegislash|Aegislash|\n|move|p1a: Aegislash|King's Shield|p1a: Aegislash\n|-singleturn|p1a: Aegislash|Protect\n|move|p2a: Meowscarada|Knock Off|p1a: Aegislash\n|-start|p2a: Meowscarada|typechange|Dark|[from] ability: Protean\n|-activate|p1a: Aegislash|move: Protect\n|-unboost|p2a: Meowscarada|atk|1\n|\n|upkeep\n|turn|5\n|\n|t:|1776321592\n|move|p2a: Meowscarada|Knock Off|p1a: Aegislash\n|-supereffective|p1a: Aegislash|1\n|-damage|p1a: Aegislash|39/100\n|-enditem|p1a: Aegislash|Spell Tag|[from] move: Knock Off|[of] p2a: Meowscarada\n|-formechange|p1a: Aegislash|Aegislash-Blade|\n|move|p1a: Aegislash|Close Combat|p2a: Meowscarada\n|-supereffective|p2a: Meowscarada|1\n|-damage|p2a: Meowscarada|0 fnt\n|-unboost|p1a: Aegislash|def|1\n|-unboost|p1a: Aegislash|spd|1\n|faint|p2a: Meowscarada\n|\n|upkeep\n|\n|t:|1776321600\n|switch|p2a: Gengar|Gengar, L50, M|100/100\n|turn|6\n|\n|t:|1776321606\n|detailschange|p2a: Gengar|Gengar-Mega, L50, M\n|-mega|p2a: Gengar|Gengar|Gengarite\n|move|p1a: Aegislash|Shadow Sneak|p2a: Gengar\n|-supereffective|p2a: Gengar|1\n|-damage|p2a: Gengar|16/100\n|move|p2a: Gengar|Shadow Ball|p1a: Aegislash\n|-supereffective|p1a: Aegislash|1\n|-damage|p1a: Aegislash|0 fnt\n|faint|p1a: Aegislash\n|\n|upkeep\n|\n|t:|1776321614\n|switch|p1a: Gyarados|Gyarados, L50, M, shiny|100/100\n|-ability|p1a: Gyarados|Intimidate|boost\n|-unboost|p2a: Gengar|atk|1\n|turn|7\n|\n|t:|1776321619\n|detailschange|p1a: Gyarados|Gyarados-Mega, L50, M, shiny\n|-mega|p1a: Gyarados|Gyarados|Gyaradosite\n|-ability|p1a: Gyarados|Mold Breaker\n|move|p2a: Gengar|Thunderbolt|p1a: Gyarados\n|-supereffective|p1a: Gyarados|1\n|-damage|p1a: Gyarados|31/100\n|move|p1a: Gyarados|Crunch|p2a: Gengar\n|-supereffective|p2a: Gengar|1\n|-damage|p2a: Gengar|0 fnt\n|faint|p2a: Gengar\n|\n|win|hrztkb\n|raw|hrztkb's rating: 1436 &rarr; <strong>1450</strong><br />(+14 for winning)\n|raw|Ryan1Baek's rating: 1335 &rarr; <strong>1321</strong><br />(-14 for losing)\n",
  "uploadtime": 1776321631,
  "views": 22,
  "formatid": "gen9championsbssregma",
  "rating": 1321,
  "private": 0,
  "password": null
}