{
  "id": "gen9championsbssregma-2584919751",
  "format": "[Gen 9 Champions] BSS Reg M-A",
  "players": [
    "moggyoh",
    "tunnelzx"
  ],
  "log": "|j|\u2606moggyoh\n|j|\u2606tunnelzx\n|t:|1776294560\n|gametype|singles\n|player|p1|moggyoh|ethan|1179\n|player|p2|tunnelzx|harlequin|1110\n|gen|9\n|tier|[Gen 9 Champions] BSS Reg M-A\n|rated|\n|rule|Species Clause: Limit one of each Pok\u00e9mon\n|rule|Item Clause: Limit 1 of each item\n|clearpoke\n|poke|p1|Delphox, L50, M|\n|poke|p1|Meowscarada, L50, M|\n|poke|p1|Primarina, L50, F|\n|poke|p1|Gengar, L50, F|\n|poke|p1|Garchomp, L50, M|\n|poke|p1|Archaludon, L50, M|\n|poke|p2|Garchomp, L50, F|\n|poke|p2|Maushold-Four, L50|\n|poke|p2|Altaria, L50, F|\n|poke|p2|Emboar, L50, F|\n|poke|p2|Beedrill, L50, M|\n|poke|p2|Ariados, L50, F|\n|teampreview|3\n|c|\u2606tunnelzx|again mf\n|inactive|Battle timer is ON: inactive players will automatically lose when time's up. (requested by tunnelzx)\n|\n|t:|1776294610\n|teamsize|p1|3\n|teamsize|p2|3\n|start\n|switch|p1a: Delphox|Delphox, L50, M, shiny|100/100\n|switch|p2a: Miranha|Ariados, L50, F, shiny|100/100\n|turn|1\n|\n|t:|1776294623\n|detailschange|p1a: Delphox|Delphox-Mega, L50, M, shiny\n|-mega|p1a: Delphox|Delphox|Delphoxite\n|move|p1a: Delphox|Psychic|p2a: Miranha\n|-supereffective|p2a: Miranha|1\n|-enditem|p2a: Miranha|Focus Sash\n|-damage|p2a: Miranha|1/100\n|move|p2a: Miranha|Sticky Web|p1a: Delphox\n|-sidestart|p1: moggyoh|move: Sticky Web\n|\n|upkeep\n|turn|2\n|\n|t:|1776294635\n|switch|p1a: Archaludon|Archaludon, L50, M, shiny|100/100\n|-activate|p1a: Archaludon|move: Sticky Web\n|-unboost|p1a: Archaludon|spe|1\n|move|p2a: Miranha|Sucker Punch||[still]\n|-fail|p2a: Miranha\n|\n|upkeep\n|turn|3\n|\n|t:|1776294653\n|move|p1a: Archaludon|Draco Meteor|p2a: Miranha\n|-damage|p2a: Miranha|0 fnt\n|-unboost|p1a: Archaludon|spa|2\n|faint|p2a: Miranha\n|\n|upkeep\n|\n|t:|1776294662\n|switch|p2a: Costela|Emboar, L50, F|100/100\n|turn|4\n|\n|t:|1776294685\n|move|p2a: Costela|Close Combat|p1a: Archaludon\n|-supereffective|p1a: Archaludon|1\n|-damage|p1a: Archaludon|20/100\n|-unboost|p2a: Costela|def|1\n|-unboost|p2a: Costela|spd|1\n|-ability|p1a: Archaludon|Stamina|boost\n|-boost|p1a: Archaludon|def|1\n|move|p1a: Archaludon|Draco Meteor|p2a: Costela\n|-damage|p2a: Costela|33/100\n|-unboost|p1a: Archaludon|spa|2\n|\n|-heal|p2a: Costela|39/100|[from] item: Leftovers\n|-heal|p1a: Archaludon|26/100|[from] item: Leftovers\n|upkeep\n|turn|5\n|\n|t:|1776294699\n|switch|p1a: Delphox|Delphox-Mega, L50, M, shiny|100/100\n|move|p2a: Costela|Head Smash|p1a: Delphox|[miss]\n|-miss|p2a: Costela|p1a: Delphox\n|\n|-heal|p2a: Costela|45/100|[from] item: Leftovers\n|upkeep\n|turn|6\n|\n|t:|1776294708\n|move|p1a: Delphox|Psychic|p2a: Costela\n|-supereffective|p2a: Costela|1\n|-damage|p2a: Costela|0 fnt\n|faint|p2a: Costela\n|\n|upkeep\n|\n|t:|1776294713\n|switch|p2a: Bizarro|Beedrill, L50, M|100/100\n|turn|7\n|\n|t:|1776294723\n|switch|p1a: Archaludon|Archaludon, L50, M, shiny|26/100\n|-activate|p1a: Archaludon|move: Sticky Web\n|-unboost|p1a: Archaludon|spe|1\n|detailschange|p2a: Bizarro|Beedrill-Mega, L50, M\n|-mega|p2a: Bizarro|Beedrill|Beedrillite\n|move|p2a: Bizarro|U-turn|p1a: Archaludon\n|-resisted|p1a: Archaludon|1\n|-damage|p1a: Archaludon|8/100\n|-ability|p1a: Archaludon|Stamina|boost\n|-boost|p1a: Archaludon|def|1\n|\n|-heal|p1a: Archaludon|14/100|[from] item: Leftovers\n|upkeep\n|turn|8\n|\n|t:|1776294736\n|move|p2a: Bizarro|U-turn|p1a: Archaludon\n|-resisted|p1a: Archaludon|1\n|-damage|p1a: Archaludon|2/100\n|-ability|p1a: Archaludon|Stamina|boost\n|-boost|p1a: Archaludon|def|1\n|move|p1a: Archaludon|Draco Meteor|p2a: Bizarro\n|-damage|p2a: Bizarro|0 fnt\n|-unboost|p1a: Archaludon|spa|2\n|faint|p2a: Bizarro\n|\n|win|moggyoh\n|raw|moggyoh's rating: 1179 &rarr; <strong>1199</strong><br />(+20 for winning)\n|raw|tunnelzx's rating: 1110 &rarr; <strong>1090</strong><br />(-20 for losing)\n|l|\u2606tunnelzx\n|player|p2|\n",
  "uploadtime": 1776294761,
  "views": 22,
  "formatid": "gen9championsbssregma",
  "rating": 1090,
  "private": 0,
  "password": null
}