{
  "id": "gen9championsbssregma-2585136436",
  "format": "[Gen 9 Champions] BSS Reg M-A",
  "players": [
    "csgogo",
    "4jyoudebu"
  ],
  "log": "|j|\u2606csgogo\n|j|\u26064jyoudebu\n|t:|1776316155\n|gametype|singles\n|player|p1|csgogo|hiker-gen4|1346\n|player|p2|4jyoudebu|crasherwake|1439\n|gen|9\n|tier|[Gen 9 Champions] BSS Reg M-A\n|rated|\n|rule|Species Clause: Limit one of each Pok\u00e9mon\n|rule|Item Clause: Limit 1 of each item\n|clearpoke\n|poke|p1|Hydreigon, L50, M|\n|poke|p1|Rotom-Wash, L50|\n|poke|p1|Lopunny, L50, M|\n|poke|p1|Archaludon, L50, F|\n|poke|p1|Slowking-Galar, L50, M|\n|poke|p1|Aegislash, L50, M|\n|poke|p2|Garchomp, L50, M|\n|poke|p2|Basculegion, L50, M|\n|poke|p2|Mimikyu, L50, F|\n|poke|p2|Dragonite, L50, M|\n|poke|p2|Meganium, L50, F|\n|poke|p2|Archaludon, L50, M|\n|teampreview|3\n|inactive|Battle timer is ON: inactive players will automatically lose when time's up. (requested by 4jyoudebu)\n|\n|t:|1776316179\n|teamsize|p1|3\n|teamsize|p2|3\n|start\n|switch|p1a: Rotom|Rotom-Wash, L50|100/100\n|switch|p2a: Garchomp|Garchomp, L50, M, shiny|100/100\n|turn|1\n|\n|t:|1776316186\n|move|p2a: Garchomp|Stealth Rock|p1a: Rotom\n|-sidestart|p1: csgogo|move: Stealth Rock\n|move|p1a: Rotom|Will-O-Wisp|p2a: Garchomp\n|-status|p2a: Garchomp|brn\n|\n|-damage|p2a: Garchomp|94/100 brn|[from] brn\n|upkeep\n|turn|2\n|\n|t:|1776316194\n|move|p2a: Garchomp|Spikes|p1a: Rotom\n|-sidestart|p1: csgogo|Spikes\n|move|p1a: Rotom|Hydro Pump|p2a: Garchomp|[miss]\n|-miss|p1a: Rotom|p2a: Garchomp\n|\n|-damage|p2a: Garchomp|88/100 brn|[from] brn\n|upkeep\n|turn|3\n|\n|t:|1776316202\n|move|p1a: Rotom|Hydro Pump|p2a: Garchomp|[miss]\n|-miss|p1a: Rotom|p2a: Garchomp\n|move|p2a: Garchomp|Dragon Tail|p1a: Rotom\n|-crit|p1a: Rotom\n|-damage|p1a: Rotom|85/100\n|drag|p1a: Lopunny|Lopunny, L50, M|100/100\n|-damage|p1a: Lopunny|89/100|[from] Stealth Rock\n|-damage|p1a: Lopunny|77/100|[from] Spikes\n|\n|-damage|p2a: Garchomp|82/100 brn|[from] brn\n|upkeep\n|turn|4\n|\n|t:|1776316218\n|detailschange|p1a: Lopunny|Lopunny-Mega, L50, M\n|-mega|p1a: Lopunny|Lopunny|Lopunnite\n|move|p1a: Lopunny|Triple Axel|p2a: Garchomp\n|-supereffective|p2a: Garchomp|2\n|-damage|p2a: Garchomp|54/100 brn\n|-damage|p1a: Lopunny|65/100|[from] ability: Rough Skin|[of] p2a: Garchomp\n|-supereffective|p2a: Garchomp|2\n|-damage|p2a: Garchomp|0 fnt\n|-damage|p1a: Lopunny|53/100|[from] ability: Rough Skin|[of] p2a: Garchomp\n|faint|p2a: Garchomp\n|-hitcount|p2: Garchomp|2\n|\n|upkeep\n|j| p74\n|\n|t:|1776316227\n|switch|p2a: Basculegion|Basculegion, L50, M, shiny|100/100\n|turn|5\n|\n|t:|1776316232\n|switch|p1a: Rotom|Rotom-Wash, L50|85/100\n|-damage|p1a: Rotom|73/100|[from] Stealth Rock\n|move|p2a: Basculegion|Wave Crash|p1a: Rotom\n|-resisted|p1a: Rotom|1\n|-damage|p1a: Rotom|42/100\n|-damage|p2a: Basculegion|92/100|[from] Recoil\n|\n|-heal|p1a: Rotom|48/100|[from] item: Leftovers\n|upkeep\n|turn|6\n|\n|t:|1776316244\n|switch|p2a: Meganium|Meganium, L50, F, shiny|100/100\n|move|p1a: Rotom|Volt Switch|p2a: Meganium\n|-resisted|p2a: Meganium|1\n|-damage|p2a: Meganium|88/100\n|\n|t:|1776316251\n|switch|p1a: Lopunny|Lopunny-Mega, L50, M|53/100|[from] Volt Switch\n|-damage|p1a: Lopunny|47/100|[from] Stealth Rock\n|-damage|p1a: Lopunny|35/100|[from] Spikes\n|\n|upkeep\n|turn|7\n|\n|t:|1776316259\n|detailschange|p2a: Meganium|Meganium-Mega, L50, F, shiny\n|-mega|p2a: Meganium|Meganium|Meganiumite\n|move|p1a: Lopunny|Fake Out|p2a: Meganium\n|-damage|p2a: Meganium|70/100\n|cant|p2a: Meganium|flinch\n|\n|upkeep\n|turn|8\n|\n|t:|1776316267\n|switch|p2a: Basculegion|Basculegion, L50, M, shiny|92/100\n|move|p1a: Lopunny|Triple Axel|p2a: Basculegion\n|-resisted|p2a: Basculegion|1\n|-damage|p2a: Basculegion|87/100\n|-resisted|p2a: Basculegion|1\n|-damage|p2a: Basculegion|79/100\n|-resisted|p2a: Basculegion|1\n|-damage|p2a: Basculegion|65/100\n|-hitcount|p2a: Basculegion|3\n|\n|upkeep\n|turn|9\n|\n|t:|1776316277\n|switch|p1a: Archaludon|Archaludon, L50, F|100/100\n|-damage|p1a: Archaludon|94/100|[from] Stealth Rock\n|-damage|p1a: Archaludon|82/100|[from] Spikes\n|move|p2a: Basculegion|Agility|p2a: Basculegion\n|-boost|p2a: Basculegion|spe|2\n|\n|upkeep\n|turn|10\n|\n|t:|1776316288\n|switch|p2a: Meganium|Meganium-Mega, L50, F, shiny|70/100\n|move|p1a: Archaludon|Thunder Wave|p2a: Meganium\n|-status|p2a: Meganium|par\n|\n|upkeep\n|turn|11\n|\n|t:|1776316297\n|move|p1a: Archaludon|Double-Edge|p2a: Meganium\n|-damage|p2a: Meganium|48/100 par\n|-damage|p1a: Archaludon|75/100|[from] Recoil\n|move|p2a: Meganium|Weather Ball|p1a: Archaludon\n|-damage|p1a: Archaludon|0 fnt\n|faint|p1a: Archaludon\n|\n|upkeep\n|\n|t:|1776316307\n|switch|p1a: Lopunny|Lopunny-Mega, L50, M|35/100\n|-damage|p1a: Lopunny|29/100|[from] Stealth Rock\n|-damage|p1a: Lopunny|17/100|[from] Spikes\n|turn|12\n|\n|t:|1776316313\n|move|p1a: Lopunny|Triple Axel|p2a: Meganium\n|-supereffective|p2a: Meganium|1\n|-damage|p2a: Meganium|35/100 par\n|-supereffective|p2a: Meganium|1\n|-damage|p2a: Meganium|10/100 par\n|-hitcount|p2a: Meganium|2\n|move|p2a: Meganium|Dazzling Gleam|p1a: Lopunny\n|-supereffective|p1a: Lopunny|1\n|-damage|p1a: Lopunny|0 fnt\n|faint|p1a: Lopunny\n|\n|upkeep\n|\n|t:|1776316324\n|switch|p1a: Rotom|Rotom-Wash, L50|48/100\n|-damage|p1a: Rotom|36/100|[from] Stealth Rock\n|turn|13\n|\n|t:|1776316329\n|move|p1a: Rotom|Thunderbolt|p2a: Meganium\n|-resisted|p2a: Meganium|1\n|-damage|p2a: Meganium|0 fnt\n|faint|p2a: Meganium\n|\n|-heal|p1a: Rotom|41/100|[from] item: Leftovers\n|upkeep\n|\n|t:|1776316331\n|switch|p2a: Basculegion|Basculegion, L50, M, shiny|65/100\n|turn|14\n|\n|t:|1776316339\n|move|p2a: Basculegion|Last Respects|p1a: Rotom\n|-damage|p1a: Rotom|0 fnt\n|faint|p1a: Rotom\n|\n|win|4jyoudebu\n|raw|csgogo's rating: 1346 &rarr; <strong>1331</strong><br />(-15 for losing)\n|raw|4jyoudebu's rating: 1439 &rarr; <strong>1454</strong><br />(+15 for winning)\n",
  "uploadtime": 1776316345,
  "views": 10,
  "formatid": "gen9championsbssregma",
  "rating": 1331,
  "private": 0,
  "password": null
}