{
  "id": "gen9championsbssregma-2582092548",
  "format": "[Gen 9 Champions] BSS Reg M-A",
  "players": [
    "dratini&2electrode",
    "MiraidonGaming"
  ],
  "log": "|j|\u2606dratini&2electrode\n|j|\u2606MiraidonGaming\n|t:|1776056901\n|gametype|singles\n|player|p1|dratini&2electrode|2|1100\n|player|p2|MiraidonGaming|lucas|1187\n|gen|9\n|tier|[Gen 9 Champions] BSS Reg M-A\n|rated|\n|rule|Species Clause: Limit one of each Pok\u00e9mon\n|rule|Item Clause: Limit 1 of each item\n|clearpoke\n|poke|p1|Zoroark-Hisui, L50, M|\n|poke|p1|Aerodactyl, L50, F|\n|poke|p1|Samurott-Hisui, L50, M|\n|poke|p1|Rotom-Heat, L50|\n|poke|p1|Archaludon, L50, M|\n|poke|p1|Decidueye-Hisui, L50, F|\n|poke|p2|Ninetales-Alola, L50, F|\n|poke|p2|Charizard, L50, M|\n|poke|p2|Scizor, L50, M|\n|poke|p2|Sinistcha, L50|\n|poke|p2|Rotom-Wash, L50|\n|poke|p2|Salazzle, L50, F|\n|teampreview|3\n|\n|t:|1776056954\n|teamsize|p1|3\n|teamsize|p2|3\n|start\n|switch|p1a: Aerodactyl|Aerodactyl, L50, F|100/100\n|switch|p2a: Vanity?|Ninetales-Alola, L50, F|100/100\n|-ability|p1a: Aerodactyl|Pressure\n|-weather|Snowscape|[from] ability: Snow Warning|[of] p2a: Vanity?\n|turn|1\n|inactive|Battle timer is ON: inactive players will automatically lose when time's up. (requested by dratini&2electrode)\n|\n|t:|1776056966\n|detailschange|p1a: Aerodactyl|Aerodactyl-Mega, L50, F\n|-mega|p1a: Aerodactyl|Aerodactyl|Aerodactylite\n|move|p1a: Aerodactyl|Iron Head|p2a: Vanity?\n|-supereffective|p2a: Vanity?|2\n|-enditem|p2a: Vanity?|Focus Sash\n|-damage|p2a: Vanity?|1/100\n|move|p2a: Vanity?|Aurora Veil|p2a: Vanity?\n|-sidestart|p2: MiraidonGaming|move: Aurora Veil\n|\n|-weather|Snowscape|[upkeep]\n|upkeep\n|turn|2\n|\n|t:|1776056983\n|switch|p2a: Put a brick in|Rotom-Wash, L50|100/100\n|move|p1a: Aerodactyl|Dual Wingbeat|p2a: Put a brick in\n|-resisted|p2a: Put a brick in|1\n|-damage|p2a: Put a brick in|90/100\n|-resisted|p2a: Put a brick in|1\n|-damage|p2a: Put a brick in|80/100\n|-hitcount|p2a: Put a brick in|2\n|\n|-weather|Snowscape|[upkeep]\n|upkeep\n|turn|3\n|\n|t:|1776056994\n|switch|p1a: Decidueye|Decidueye-Hisui, L50, F|100/100\n|move|p2a: Put a brick in|Discharge|p1a: Decidueye\n|-resisted|p1a: Decidueye|1\n|-damage|p1a: Decidueye|86/100\n|-status|p1a: Decidueye|par\n|-enditem|p1a: Decidueye|Lum Berry|[eat]\n|-curestatus|p1a: Decidueye|par|[msg]\n|\n|-weather|Snowscape|[upkeep]\n|upkeep\n|turn|4\n|\n|t:|1776056997\n|move|p2a: Put a brick in|Discharge|p1a: Decidueye\n|-resisted|p1a: Decidueye|1\n|-damage|p1a: Decidueye|73/100\n|-status|p1a: Decidueye|par\n|move|p1a: Decidueye|Bulk Up|p1a: Decidueye\n|-boost|p1a: Decidueye|atk|1\n|-boost|p1a: Decidueye|def|1\n|\n|-weather|Snowscape|[upkeep]\n|upkeep\n|turn|5\n|\n|t:|1776057004\n|move|p2a: Put a brick in|Discharge|p1a: Decidueye\n|-resisted|p1a: Decidueye|1\n|-damage|p1a: Decidueye|59/100 par\n|cant|p1a: Decidueye|par\n|\n|-weather|none\n|-sideend|p2: MiraidonGaming|move: Aurora Veil\n|upkeep\n|turn|6\n|\n|t:|1776057010\n|move|p2a: Put a brick in|Discharge|p1a: Decidueye\n|-resisted|p1a: Decidueye|1\n|-damage|p1a: Decidueye|45/100 par\n|move|p1a: Decidueye|Leaf Blade|p2a: Put a brick in\n|-supereffective|p2a: Put a brick in|1\n|-damage|p2a: Put a brick in|0 fnt\n|faint|p2a: Put a brick in\n|\n|upkeep\n|\n|t:|1776057012\n|switch|p2a: Bruce|Charizard, L50, M|100/100\n|turn|7\n|\n|t:|1776057018\n|move|p1a: Decidueye|Sucker Punch||[still]\n|-fail|p1a: Decidueye\n|move|p2a: Bruce|Dragon Dance|p2a: Bruce\n|-boost|p2a: Bruce|atk|1\n|-boost|p2a: Bruce|spe|1\n|\n|upkeep\n|turn|8\n|\n|t:|1776057020\n|move|p2a: Bruce|Dragon Dance|p2a: Bruce\n|-boost|p2a: Bruce|atk|1\n|-boost|p2a: Bruce|spe|1\n|move|p1a: Decidueye|Triple Arrows|p2a: Bruce\n|-resisted|p2a: Bruce|1\n|-damage|p2a: Bruce|68/100\n|\n|upkeep\n|turn|9\n|\n|t:|1776057023\n|move|p2a: Bruce|Dragon Dance|p2a: Bruce\n|-boost|p2a: Bruce|atk|1\n|-boost|p2a: Bruce|spe|1\n|move|p1a: Decidueye|Triple Arrows|p2a: Bruce\n|-resisted|p2a: Bruce|1\n|-damage|p2a: Bruce|34/100\n|\n|upkeep\n|turn|10\n|\n|t:|1776057030\n|move|p2a: Bruce|Roost|p2a: Bruce\n|-heal|p2a: Bruce|84/100\n|-singleturn|p2a: Bruce|move: Roost\n|move|p1a: Decidueye|Triple Arrows|p2a: Bruce\n|-damage|p2a: Bruce|12/100\n|-unboost|p2a: Bruce|def|1\n|\n|upkeep\n|turn|11\n|\n|t:|1776057047\n|move|p2a: Bruce|Roost|p2a: Bruce\n|-heal|p2a: Bruce|62/100\n|-singleturn|p2a: Bruce|move: Roost\n|cant|p1a: Decidueye|par\n|\n|upkeep\n|turn|12\n|\n|t:|1776057057\n|move|p2a: Bruce|Breaking Swipe|p1a: Decidueye\n|-damage|p1a: Decidueye|25/100 par\n|-unboost|p1a: Decidueye|atk|1\n|move|p1a: Decidueye|Triple Arrows|p2a: Bruce\n|-resisted|p2a: Bruce|1\n|-damage|p2a: Bruce|26/100\n|-unboost|p2a: Bruce|def|1\n|\n|upkeep\n|turn|13\n|\n|t:|1776057061\n|move|p2a: Bruce|Roost|p2a: Bruce\n|-heal|p2a: Bruce|76/100\n|-singleturn|p2a: Bruce|move: Roost\n|move|p1a: Decidueye|Triple Arrows|p2a: Bruce\n|-crit|p2a: Bruce\n|-damage|p2a: Bruce|0 fnt\n|faint|p2a: Bruce\n|\n|upkeep\n|\n|t:|1776057067\n|switch|p2a: Vanity?|Ninetales-Alola, L50, F|1/100\n|-weather|Snowscape|[from] ability: Snow Warning|[of] p2a: Vanity?\n|turn|14\n|\n|t:|1776057073\n|move|p2a: Vanity?|Aurora Veil|p2a: Vanity?\n|-sidestart|p2: MiraidonGaming|move: Aurora Veil\n|move|p1a: Decidueye|Leaf Blade|p2a: Vanity?\n|-damage|p2a: Vanity?|0 fnt\n|faint|p2a: Vanity?\n|\n|win|dratini&2electrode\n|raw|dratini&amp;2electrode's rating: 1100 &rarr; <strong>1131</strong><br />(+31 for winning)\n|raw|MiraidonGaming's rating: 1187 &rarr; <strong>1156</strong><br />(-31 for losing)\n|l|\u2606MiraidonGaming\n|player|p2|\n|j|\u2606MiraidonGaming\n|player|p2|MiraidonGaming|lucas|\n|l|\u2606dratini&2electrode\n|player|p1|\n",
  "uploadtime": 1776057080,
  "views": 14,
  "formatid": "gen9championsbssregma",
  "rating": 1131,
  "private": 0,
  "password": null
}