{
  "id": "gen9championsbssregma-2588837983",
  "format": "[Gen 9 Champions] BSS Reg M-A",
  "players": [
    "Bbbkty",
    "wapop10086"
  ],
  "log": "|j|\u2606Bbbkty\n|j|\u2606wapop10086\n|t:|1776676992\n|gametype|singles\n|player|p1|Bbbkty|1|1075\n|player|p2|wapop10086|hilbert-wonderlauncher|1046\n|gen|9\n|tier|[Gen 9 Champions] BSS Reg M-A\n|rated|\n|rule|Species Clause: Limit one of each Pok\u00e9mon\n|rule|Item Clause: Limit 1 of each item\n|clearpoke\n|poke|p1|Clefable, L50, F|\n|poke|p1|Charizard, L50, M|\n|poke|p1|Mimikyu, L50, F|\n|poke|p1|Kingambit, L50, F|\n|poke|p1|Espathra, L50, M|\n|poke|p1|Glimmora, L50, F|\n|poke|p2|Beedrill, L50, M|\n|poke|p2|Corviknight, L50, M|\n|poke|p2|Skeledirge, L50, M|\n|poke|p2|Primarina, L50, M|\n|poke|p2|Archaludon, L50, F|\n|poke|p2|Rotom-Wash, L50|\n|teampreview|3\n|inactive|Battle timer is ON: inactive players will automatically lose when time's up. (requested by Bbbkty)\n|\n|t:|1776677013\n|teamsize|p1|3\n|teamsize|p2|3\n|start\n|switch|p1a: Glimmora|Glimmora, L50, F|100/100\n|switch|p2a: Beedrill|Beedrill, L50, M|100/100\n|turn|1\n|inactive|Bbbkty has 30 seconds left.\n|inactive|Bbbkty has 20 seconds left.\n|inactive|Bbbkty has 15 seconds left.\n|inactive|Bbbkty has 10 seconds left.\n|\n|t:|1776677059\n|detailschange|p2a: Beedrill|Beedrill-Mega, L50, M\n|-mega|p2a: Beedrill|Beedrill|Beedrillite\n|move|p2a: Beedrill|U-turn|p1a: Glimmora\n|-resisted|p1a: Glimmora|1\n|-crit|p1a: Glimmora\n|-damage|p1a: Glimmora|55/100\n|-activate|p1a: Glimmora|ability: Toxic Debris\n|-sidestart|p2: wapop10086|move: Toxic Spikes\n|\n|t:|1776677065\n|switch|p2a: Rotom|Rotom-Wash, L50|100/100|[from] U-turn\n|move|p1a: Glimmora|Power Gem|p2a: Rotom\n|-damage|p2a: Rotom|62/100\n|\n|-heal|p2a: Rotom|67/100|[from] item: Leftovers\n|upkeep\n|turn|2\n|\n|t:|1776677085\n|move|p1a: Glimmora|Stealth Rock|p2a: Rotom\n|-sidestart|p2: wapop10086|move: Stealth Rock\n|move|p2a: Rotom|Hydro Pump|p1a: Glimmora\n|-supereffective|p1a: Glimmora|1\n|-damage|p1a: Glimmora|0 fnt\n|faint|p1a: Glimmora\n|\n|-heal|p2a: Rotom|73/100|[from] item: Leftovers\n|upkeep\n|\n|t:|1776677098\n|switch|p1a: Espathra|Espathra, L50, M|100/100\n|turn|3\n|\n|t:|1776677115\n|move|p1a: Espathra|Protect|p1a: Espathra\n|-singleturn|p1a: Espathra|Protect\n|move|p2a: Rotom|Thunder Wave|p1a: Espathra\n|-activate|p1a: Espathra|move: Protect\n|\n|-heal|p2a: Rotom|79/100|[from] item: Leftovers\n|-ability|p1a: Espathra|Speed Boost|boost\n|-boost|p1a: Espathra|spe|1\n|upkeep\n|turn|4\n|\n|t:|1776677134\n|move|p1a: Espathra|Lumina Crash|p2a: Rotom\n|-damage|p2a: Rotom|52/100\n|-unboost|p2a: Rotom|spd|2\n|move|p2a: Rotom|Volt Switch|p1a: Espathra\n|-damage|p1a: Espathra|62/100\n|\n|t:|1776677142\n|switch|p2a: Beedrill|Beedrill-Mega, L50, M|100/100|[from] Volt Switch\n|-sideend|p2: wapop10086|move: Toxic Spikes|[of] p2a: Beedrill\n|-damage|p2a: Beedrill|75/100|[from] Stealth Rock\n|\n|-ability|p1a: Espathra|Speed Boost|boost\n|-boost|p1a: Espathra|spe|1\n|upkeep\n|turn|5\n|\n|t:|1776677157\n|switch|p2a: Skeledirge|Skeledirge, L50, M|100/100\n|-damage|p2a: Skeledirge|76/100|[from] Stealth Rock\n|move|p1a: Espathra|Protect||[still]\n|-fail|p1a: Espathra\n|\n|-ability|p1a: Espathra|Speed Boost|boost\n|-boost|p1a: Espathra|spe|1\n|upkeep\n|turn|6\n|\n|t:|1776677170\n|move|p1a: Espathra|Baton Pass|p1a: Espathra\n|inactive|Bbbkty has 30 seconds left.\n|\n|t:|1776677195\n|switch|p1a: Clefable|Clefable, L50, F|100/100|[from] Baton Pass\n|move|p2a: Skeledirge|Yawn|p1a: Clefable\n|-start|p1a: Clefable|move: Yawn|[of] p2a: Skeledirge\n|\n|upkeep\n|turn|7\n|\n|t:|1776677206\n|detailschange|p1a: Clefable|Clefable-Mega, L50, F\n|-mega|p1a: Clefable|Clefable|Clefablite\n|move|p1a: Clefable|Cosmic Power|p1a: Clefable\n|-boost|p1a: Clefable|def|1\n|-boost|p1a: Clefable|spd|1\n|move|p2a: Skeledirge|Slack Off|p2a: Skeledirge\n|-heal|p2a: Skeledirge|100/100\n|\n|-end|p1a: Clefable|move: Yawn|[silent]\n|-status|p1a: Clefable|slp\n|upkeep\n|turn|8\n|\n|t:|1776677226\n|cant|p1a: Clefable|slp\n|move|p2a: Skeledirge|Torch Song|p1a: Clefable\n|-crit|p1a: Clefable\n|-damage|p1a: Clefable|63/100 slp\n|-boost|p2a: Skeledirge|spa|1\n|\n|upkeep\n|turn|9\n|\n|t:|1776677235\n|cant|p1a: Clefable|slp\n|move|p2a: Skeledirge|Hex|p1a: Clefable\n|-damage|p1a: Clefable|0 fnt\n|faint|p1a: Clefable\n|\n|upkeep\n|\n|t:|1776677241\n|switch|p1a: Espathra|Espathra, L50, M|62/100\n|turn|10\n|\n|t:|1776677245\n|move|p1a: Espathra|Protect|p1a: Espathra\n|-singleturn|p1a: Espathra|Protect\n|move|p2a: Skeledirge|Torch Song|p1a: Espathra\n|-activate|p1a: Espathra|move: Protect\n|\n|-ability|p1a: Espathra|Speed Boost|boost\n|-boost|p1a: Espathra|spe|1\n|upkeep\n|turn|11\n|\n|t:|1776677254\n|move|p1a: Espathra|Lumina Crash|p2a: Skeledirge\n|-damage|p2a: Skeledirge|78/100\n|-unboost|p2a: Skeledirge|spd|2\n|move|p2a: Skeledirge|Yawn|p1a: Espathra\n|-start|p1a: Espathra|move: Yawn|[of] p2a: Skeledirge\n|\n|-ability|p1a: Espathra|Speed Boost|boost\n|-boost|p1a: Espathra|spe|1\n|upkeep\n|turn|12\n|\n|t:|1776677268\n|move|p1a: Espathra|Lumina Crash|p2a: Skeledirge\n|-damage|p2a: Skeledirge|31/100\n|-unboost|p2a: Skeledirge|spd|2\n|move|p2a: Skeledirge|Torch Song|p1a: Espathra\n|-damage|p1a: Espathra|6/100\n|-boost|p2a: Skeledirge|spa|1\n|-enditem|p1a: Espathra|Sitrus Berry|[eat]\n|-heal|p1a: Espathra|31/100|[from] item: Sitrus Berry\n|\n|-end|p1a: Espathra|move: Yawn|[silent]\n|-status|p1a: Espathra|slp\n|-ability|p1a: Espathra|Speed Boost|boost\n|-boost|p1a: Espathra|spe|1\n|upkeep\n|turn|13\n|\n|t:|1776677282\n|cant|p1a: Espathra|slp\n|move|p2a: Skeledirge|Torch Song|p1a: Espathra\n|-damage|p1a: Espathra|0 fnt\n|-boost|p2a: Skeledirge|spa|1\n|faint|p1a: Espathra\n|\n|win|wapop10086\n|raw|Bbbkty's rating: 1104 &rarr; <strong>1075</strong><br />(-29 for losing)\n|raw|wapop10086's rating: 1046 &rarr; <strong>1085</strong><br />(+39 for winning)\n",
  "uploadtime": 1776677284,
  "views": 0,
  "formatid": "gen9championsbssregma",
  "rating": 1075,
  "private": 0,
  "password": null
}