{
  "id": "gen9championsbssregma-2581055973",
  "format": "[Gen 9 Champions] BSS Reg M-A",
  "players": [
    "phifth",
    "IAMVASH"
  ],
  "log": "|j|\u2606phifth\n|j|\u2606IAMVASH\n|t:|1775955697\n|gametype|singles\n|player|p1|phifth|rosa|1080\n|player|p2|IAMVASH|1|1222\n|gen|9\n|tier|[Gen 9 Champions] BSS Reg M-A\n|rated|\n|rule|Species Clause: Limit one of each Pok\u00e9mon\n|rule|Item Clause: Limit 1 of each item\n|clearpoke\n|poke|p1|Gliscor, L50, M|\n|poke|p1|Tyranitar, L50, F|\n|poke|p1|Meganium, L50, M|\n|poke|p1|Archaludon, L50, F|\n|poke|p1|Excadrill, L50, M|\n|poke|p1|Sableye, L50, F|\n|poke|p2|Pelipper, L50, M|\n|poke|p2|Meganium, L50, M|\n|poke|p2|Aegislash, L50, M|\n|poke|p2|Basculegion, L50, M|\n|poke|p2|Rotom-Wash, L50|\n|poke|p2|Archaludon, L50, M|\n|teampreview|3\n|\n|t:|1775955747\n|teamsize|p1|3\n|teamsize|p2|3\n|start\n|switch|p1a: Archaludon|Archaludon, L50, F|100/100\n|switch|p2a: Meganium|Meganium, L50, M|100/100\n|turn|1\n|\n|t:|1775955773\n|move|p2a: Meganium|Earth Power|p1a: Archaludon\n|-supereffective|p1a: Archaludon|1\n|-damage|p1a: Archaludon|40/100\n|-ability|p1a: Archaludon|Stamina|boost\n|-boost|p1a: Archaludon|def|1\n|move|p1a: Archaludon|Roar|p2a: Meganium\n|drag|p2a: Pelipper|Pelipper, L50, M|100/100\n|-weather|RainDance|[from] ability: Drizzle|[of] p2a: Pelipper\n|\n|-weather|RainDance|[upkeep]\n|-heal|p1a: Archaludon|46/100|[from] item: Leftovers\n|upkeep\n|turn|2\n|\n|t:|1775955786\n|move|p1a: Archaludon|Electro Shot||[still]\n|-prepare|p1a: Archaludon|Electro Shot\n|-boost|p1a: Archaludon|spa|1\n|-anim|p1a: Archaludon|Electro Shot|p2a: Pelipper\n|-supereffective|p2a: Pelipper|2\n|-damage|p2a: Pelipper|0 fnt\n|faint|p2a: Pelipper\n|\n|-weather|RainDance|[upkeep]\n|-heal|p1a: Archaludon|52/100|[from] item: Leftovers\n|upkeep\n|\n|t:|1775955791\n|switch|p2a: Meganium|Meganium, L50, M|100/100\n|turn|3\n|\n|t:|1775955803\n|detailschange|p2a: Meganium|Meganium-Mega, L50, M\n|-mega|p2a: Meganium|Meganium|Meganiumite\n|move|p1a: Archaludon|Protect|p1a: Archaludon\n|-singleturn|p1a: Archaludon|Protect\n|move|p2a: Meganium|Earth Power|p1a: Archaludon\n|-activate|p1a: Archaludon|move: Protect\n|\n|-weather|RainDance|[upkeep]\n|-heal|p1a: Archaludon|58/100|[from] item: Leftovers\n|upkeep\n|turn|4\n|\n|t:|1775955821\n|move|p1a: Archaludon|Protect||[still]\n|-fail|p1a: Archaludon\n|move|p2a: Meganium|Earth Power|p1a: Archaludon\n|-supereffective|p1a: Archaludon|1\n|-damage|p1a: Archaludon|0 fnt\n|faint|p1a: Archaludon\n|\n|-weather|RainDance|[upkeep]\n|upkeep\n|\n|t:|1775955823\n|switch|p1a: Tyranitar|Tyranitar, L50, F|100/100\n|-weather|Sandstorm|[from] ability: Sand Stream|[of] p1a: Tyranitar\n|turn|5\n|\n|t:|1775955833\n|move|p2a: Meganium|Solar Beam||[still]\n|-prepare|p2a: Meganium|Solar Beam\n|-activate|p2a: Meganium|ability: Mega Sol\n|-anim|p2a: Meganium|Solar Beam|p1a: Tyranitar\n|-supereffective|p1a: Tyranitar|1\n|-damage|p1a: Tyranitar|13/100\n|-enditem|p1a: Tyranitar|Sitrus Berry|[eat]\n|-heal|p1a: Tyranitar|37/100|[from] item: Sitrus Berry\n|move|p1a: Tyranitar|Sand Tomb|p2a: Meganium\n|-resisted|p2a: Meganium|1\n|-damage|p2a: Meganium|96/100\n|-activate|p2a: Meganium|move: Sand Tomb|[of] p1a: Tyranitar\n|\n|-weather|Sandstorm|[upkeep]\n|-damage|p2a: Meganium|90/100|[from] Sandstorm\n|-damage|p2a: Meganium|78/100|[from] move: Sand Tomb|[partiallytrapped]\n|upkeep\n|turn|6\n|\n|t:|1775955850\n|move|p2a: Meganium|Solar Beam||[still]\n|-prepare|p2a: Meganium|Solar Beam\n|-activate|p2a: Meganium|ability: Mega Sol\n|-anim|p2a: Meganium|Solar Beam|p1a: Tyranitar\n|-supereffective|p1a: Tyranitar|1\n|-damage|p1a: Tyranitar|0 fnt\n|faint|p1a: Tyranitar\n|\n|-weather|Sandstorm|[upkeep]\n|-damage|p2a: Meganium|72/100|[from] Sandstorm\n|-end|p2a: Meganium|Sand Tomb|[partiallytrapped]|[silent]\n|upkeep\n|\n|t:|1775955858\n|switch|p1a: Excadrill|Excadrill, L50, M|100/100\n|turn|7\n|\n|t:|1775955864\n|move|p1a: Excadrill|Iron Head|p2a: Meganium\n|-supereffective|p2a: Meganium|1\n|-damage|p2a: Meganium|0 fnt\n|faint|p2a: Meganium\n|\n|-weather|Sandstorm|[upkeep]\n|upkeep\n|\n|t:|1775955868\n|switch|p2a: Aegislash|Aegislash, L50, M|100/100\n|turn|8\n|\n|t:|1775955877\n|move|p1a: Excadrill|Earthquake|p2a: Aegislash\n|-supereffective|p2a: Aegislash|1\n|-damage|p2a: Aegislash|0 fnt\n|faint|p2a: Aegislash\n|\n|win|phifth\n|raw|phifth's rating: 1080 &rarr; <strong>1119</strong><br />(+39 for winning)\n|raw|IAMVASH's rating: 1222 &rarr; <strong>1187</strong><br />(-35 for losing)\n",
  "uploadtime": 1775955886,
  "views": 17,
  "formatid": "gen9championsbssregma",
  "rating": 1119,
  "private": 0,
  "password": null
}