{
  "id": "gen9championsbssregma-2584881152",
  "format": "[Gen 9 Champions] BSS Reg M-A",
  "players": [
    "txqz6p",
    "MarCoFalco"
  ],
  "log": "|j|\u2606txqz6p\n|j|\u2606MarCoFalco\n|t:|1776291136\n|gametype|singles\n|player|p1|txqz6p|265|1161\n|player|p2|MarCoFalco|blackbelt-gen4|1169\n|gen|9\n|tier|[Gen 9 Champions] BSS Reg M-A\n|rated|\n|rule|Species Clause: Limit one of each Pok\u00e9mon\n|rule|Item Clause: Limit 1 of each item\n|clearpoke\n|poke|p1|Archaludon, L50, M|\n|poke|p1|Victreebel, L50, F|\n|poke|p1|Basculegion, L50, M|\n|poke|p1|Azumarill, L50, F|\n|poke|p1|Dragonite, L50, M|\n|poke|p1|Greninja-*, L50, M|\n|poke|p2|Mamoswine, L50, M|\n|poke|p2|Charizard, L50, M|\n|poke|p2|Steelix, L50, F|\n|poke|p2|Armarouge, L50, F|\n|poke|p2|Espathra, L50, F|\n|poke|p2|Kommo-o, L50, F|\n|teampreview|3\n|inactive|Battle timer is ON: inactive players will automatically lose when time's up. (requested by MarCoFalco)\n|inactive|txqz6p has 60 seconds left.\n|inactive|MarCoFalco has 60 seconds left.\n|inactive|MarCoFalco has 30 seconds left.\n|inactive|MarCoFalco has 20 seconds left.\n|inactive|MarCoFalco has 15 seconds left.\n|\n|t:|1776291217\n|teamsize|p1|3\n|teamsize|p2|3\n|start\n|switch|p1a: Greninja|Greninja, L50, M|100/100\n|switch|p2a: Espathra|Espathra, L50, F|100/100\n|turn|1\n|\n|t:|1776291228\n|move|p2a: Espathra|Protect|p2a: Espathra\n|-singleturn|p2a: Espathra|Protect\n|move|p1a: Greninja|Sludge Wave|p2a: Espathra\n|-start|p1a: Greninja|typechange|Poison|[from] ability: Protean\n|-activate|p2a: Espathra|move: Protect\n|\n|-ability|p2a: Espathra|Speed Boost|boost\n|-boost|p2a: Espathra|spe|1\n|upkeep\n|turn|2\n|inactive|MarCoFalco has 30 seconds left.\n|inactive|MarCoFalco has 20 seconds left.\n|\n|t:|1776291267\n|move|p2a: Espathra|Lumina Crash|p1a: Greninja\n|-supereffective|p1a: Greninja|1\n|-damage|p1a: Greninja|19/100\n|-unboost|p1a: Greninja|spd|2\n|move|p1a: Greninja|Sludge Wave|p2a: Espathra\n|-damage|p2a: Espathra|47/100\n|\n|-ability|p2a: Espathra|Speed Boost|boost\n|-boost|p2a: Espathra|spe|1\n|upkeep\n|turn|3\n|j| p74\n|\n|t:|1776291287\n|move|p2a: Espathra|Lumina Crash|p1a: Greninja\n|-supereffective|p1a: Greninja|1\n|-damage|p1a: Greninja|0 fnt\n|faint|p1a: Greninja\n|\n|-ability|p2a: Espathra|Speed Boost|boost\n|-boost|p2a: Espathra|spe|1\n|upkeep\n|\n|t:|1776291299\n|switch|p1a: Victreebel|Victreebel, L50, F|100/100\n|turn|4\n|\n|t:|1776291321\n|detailschange|p1a: Victreebel|Victreebel-Mega, L50, F\n|-mega|p1a: Victreebel|Victreebel|Victreebelite\n|move|p2a: Espathra|Protect|p2a: Espathra\n|-singleturn|p2a: Espathra|Protect\n|move|p1a: Victreebel|Giga Drain|p2a: Espathra\n|-activate|p2a: Espathra|move: Protect\n|\n|-ability|p2a: Espathra|Speed Boost|boost\n|-boost|p2a: Espathra|spe|1\n|upkeep\n|turn|5\n|\n|t:|1776291335\n|move|p1a: Victreebel|Sucker Punch||[still]\n|-fail|p1a: Victreebel\n|move|p2a: Espathra|Baton Pass|p2a: Espathra\n|\n|t:|1776291339\n|switch|p2a: Steelix|Steelix, L50, F|100/100|[from] Baton Pass\n|\n|upkeep\n|turn|6\n|\n|t:|1776291347\n|detailschange|p2a: Steelix|Steelix-Mega, L50, F\n|-mega|p2a: Steelix|Steelix|Steelixite\n|move|p2a: Steelix|Earthquake|p1a: Victreebel\n|-damage|p1a: Victreebel|26/100\n|move|p1a: Victreebel|Giga Drain|p2a: Steelix\n|-damage|p2a: Steelix|41/100\n|-heal|p1a: Victreebel|55/100|[from] drain|[of] p2a: Steelix\n|\n|upkeep\n|turn|7\n|\n|t:|1776291358\n|move|p2a: Steelix|Earthquake|p1a: Victreebel\n|-damage|p1a: Victreebel|0 fnt\n|-damage|p2a: Steelix|0 fnt|[from] ability: Innards Out|[of] p1a: Victreebel\n|faint|p1a: Victreebel\n|faint|p2a: Steelix\n|\n|upkeep\n|\n|t:|1776291364\n|switch|p1a: Basculegion|Basculegion, L50, M, shiny|100/100\n|switch|p2a: Espathra|Espathra, L50, F|47/100\n|turn|8\n|\n|t:|1776291371\n|move|p2a: Espathra|Protect|p2a: Espathra\n|-singleturn|p2a: Espathra|Protect\n|move|p1a: Basculegion|Last Respects|p2a: Espathra\n|-activate|p2a: Espathra|move: Protect\n|\n|-ability|p2a: Espathra|Speed Boost|boost\n|-boost|p2a: Espathra|spe|1\n|upkeep\n|turn|9\n|\n|t:|1776291380\n|move|p2a: Espathra|Lumina Crash|p1a: Basculegion\n|-damage|p1a: Basculegion|68/100\n|-unboost|p1a: Basculegion|spd|2\n|move|p1a: Basculegion|Last Respects|p2a: Espathra\n|-supereffective|p2a: Espathra|1\n|-damage|p2a: Espathra|0 fnt\n|faint|p2a: Espathra\n|\n|upkeep\n|\n|t:|1776291387\n|switch|p2a: Armarouge|Armarouge, L50, F|100/100\n|turn|10\n|\n|t:|1776291392\n|move|p1a: Basculegion|Last Respects|p2a: Armarouge\n|-supereffective|p2a: Armarouge|1\n|-enditem|p2a: Armarouge|Focus Sash\n|-damage|p2a: Armarouge|1/100\n|-ability|p2a: Armarouge|Weak Armor|boost\n|-unboost|p2a: Armarouge|def|1\n|-boost|p2a: Armarouge|spe|2\n|move|p2a: Armarouge|Psychic Terrain|p2a: Armarouge\n|-fieldstart|move: Psychic Terrain\n|\n|upkeep\n|turn|11\n|\n|t:|1776291401\n|move|p2a: Armarouge|Expanding Force|p1a: Basculegion\n|-damage|p1a: Basculegion|0 fnt\n|faint|p1a: Basculegion\n|\n|win|MarCoFalco\n|raw|txqz6p's rating: 1161 &rarr; <strong>1137</strong><br />(-24 for losing)\n|raw|MarCoFalco's rating: 1169 &rarr; <strong>1193</strong><br />(+24 for winning)\n|l|\u2606MarCoFalco\n|player|p2|\n",
  "uploadtime": 1776291423,
  "views": 8,
  "formatid": "gen9championsbssregma",
  "rating": 1137,
  "private": 0,
  "password": null
}