{
  "id": "gen9championsbssregma-2587146479",
  "format": "[Gen 9 Champions] BSS Reg M-A",
  "players": [
    "jpgrl",
    "joguri"
  ],
  "log": "|j|\u2606jpgrl\n|j|\u2606joguri\n|t:|1776500213\n|gametype|singles\n|player|p1|jpgrl|102|1158\n|player|p2|joguri|dawn|1101\n|gen|9\n|tier|[Gen 9 Champions] BSS Reg M-A\n|rated|\n|rule|Species Clause: Limit one of each Pok\u00e9mon\n|rule|Item Clause: Limit 1 of each item\n|clearpoke\n|poke|p1|Greninja, L50, M|\n|poke|p1|Primarina, L50, M|\n|poke|p1|Umbreon, L50, M|\n|poke|p1|Garchomp, L50, M|\n|poke|p1|Aegislash, L50, M|\n|poke|p1|Bellibolt, L50, M|\n|poke|p2|Clefable, L50, M|\n|poke|p2|Garchomp, L50, F|\n|poke|p2|Glimmora, L50, F|\n|poke|p2|Lopunny, L50, F|\n|poke|p2|Primarina, L50, M|\n|poke|p2|Corviknight, L50, M|\n|teampreview|3\n|inactive|Battle timer is ON: inactive players will automatically lose when time's up. (requested by jpgrl)\n|inactive|joguri has 60 seconds left.\n|\n|t:|1776500245\n|teamsize|p1|3\n|teamsize|p2|3\n|start\n|switch|p1a: Greninja|Greninja, L50, M|100/100\n|switch|p2a: Lopunny|Lopunny, L50, F|100/100\n|turn|1\n|\n|t:|1776500260\n|switch|p1a: Bellibolt|Bellibolt, L50, M|100/100\n|switch|p2a: Primarina|Primarina, L50, M|100/100\n|\n|upkeep\n|turn|2\n|\n|t:|1776500280\n|switch|p2a: Lopunny|Lopunny, L50, F|100/100\n|move|p1a: Bellibolt|Volt Switch|p2a: Lopunny\n|-damage|p2a: Lopunny|74/100\n|\n|t:|1776500289\n|switch|p1a: Greninja|Greninja, L50, M|100/100|[from] Volt Switch\n|\n|upkeep\n|turn|3\n|\n|t:|1776500309\n|switch|p1a: Bellibolt|Bellibolt, L50, M|100/100\n|move|p2a: Lopunny|Cotton Guard|p2a: Lopunny\n|-boost|p2a: Lopunny|def|3\n|\n|upkeep\n|turn|4\n|\n|t:|1776500316\n|move|p2a: Lopunny|Agility|p2a: Lopunny\n|-boost|p2a: Lopunny|spe|2\n|move|p1a: Bellibolt|Volt Switch|p2a: Lopunny\n|-damage|p2a: Lopunny|48/100\n|\n|t:|1776500323\n|switch|p1a: Greninja|Greninja, L50, M|100/100|[from] Volt Switch\n|\n|upkeep\n|turn|5\n|\n|t:|1776500330\n|detailschange|p1a: Greninja|Greninja-Mega, L50, M\n|-mega|p1a: Greninja|Greninja|Greninjite\n|move|p1a: Greninja|Water Shuriken|p2a: Lopunny\n|-start|p1a: Greninja|typechange|Water|[from] ability: Protean\n|-damage|p2a: Lopunny|39/100\n|-damage|p2a: Lopunny|30/100\n|-damage|p2a: Lopunny|21/100\n|-damage|p2a: Lopunny|12/100\n|-damage|p2a: Lopunny|3/100\n|-hitcount|p2a: Lopunny|5\n|move|p2a: Lopunny|Baton Pass|p2a: Lopunny\n|\n|t:|1776500342\n|switch|p2a: Clefable|Clefable, L50, M|100/100|[from] Baton Pass\n|\n|upkeep\n|turn|6\n|\n|t:|1776500355\n|detailschange|p2a: Clefable|Clefable-Mega, L50, M\n|-mega|p2a: Clefable|Clefable|Clefablite\n|move|p1a: Greninja|Sludge Wave|p2a: Clefable\n|-supereffective|p2a: Clefable|1\n|-damage|p2a: Clefable|46/100\n|move|p2a: Clefable|Calm Mind|p2a: Clefable\n|-boost|p2a: Clefable|spa|1\n|-boost|p2a: Clefable|spd|1\n|\n|upkeep\n|turn|7\n|\n|t:|1776500365\n|move|p1a: Greninja|Sludge Wave|p2a: Clefable\n|-supereffective|p2a: Clefable|1\n|-damage|p2a: Clefable|6/100\n|move|p2a: Clefable|Moonlight|p2a: Clefable\n|-heal|p2a: Clefable|56/100\n|\n|upkeep\n|turn|8\n|\n|t:|1776500374\n|move|p1a: Greninja|Sludge Wave|p2a: Clefable\n|-supereffective|p2a: Clefable|1\n|-damage|p2a: Clefable|21/100\n|move|p2a: Clefable|Stored Power|p1a: Greninja\n|-damage|p1a: Greninja|0 fnt\n|faint|p1a: Greninja\n|\n|upkeep\n|\n|t:|1776500382\n|switch|p1a: Aegislash|Aegislash, L50, M|100/100\n|turn|9\n|\n|t:|1776500387\n|move|p2a: Clefable|Moonlight|p2a: Clefable\n|-heal|p2a: Clefable|71/100\n|-formechange|p1a: Aegislash|Aegislash-Blade|\n|move|p1a: Aegislash|Shadow Ball|p2a: Clefable\n|-damage|p2a: Clefable|41/100\n|\n|upkeep\n|turn|10\n|\n|t:|1776500402\n|move|p2a: Clefable|Moonlight|p2a: Clefable\n|-heal|p2a: Clefable|91/100\n|move|p1a: Aegislash|Shadow Ball|p2a: Clefable\n|-damage|p2a: Clefable|59/100\n|\n|upkeep\n|turn|11\n|-message|jpgrl forfeited.\n|\n|win|joguri\n|raw|jpgrl's rating: 1158 &rarr; <strong>1129</strong><br />(-29 for losing)\n|raw|joguri's rating: 1101 &rarr; <strong>1130</strong><br />(+29 for winning)\n|l|\u2606jpgrl\n|player|p1|\n",
  "uploadtime": 1776500414,
  "views": 3,
  "formatid": "gen9championsbssregma",
  "rating": 1129,
  "private": 0,
  "password": null
}