{
  "id": "gen9championsbssregma-2584108303",
  "format": "[Gen 9 Champions] BSS Reg M-A",
  "players": [
    "ryusui",
    "Take609"
  ],
  "log": "|j|\u2606ryusui\n|j|\u2606Take609\n|t:|1776226008\n|gametype|singles\n|player|p1|ryusui|2|1295\n|player|p2|Take609|101|1271\n|gen|9\n|tier|[Gen 9 Champions] BSS Reg M-A\n|rated|\n|rule|Species Clause: Limit one of each Pok\u00e9mon\n|rule|Item Clause: Limit 1 of each item\n|clearpoke\n|poke|p1|Mimikyu, L50, F|\n|poke|p1|Corviknight, L50, F|\n|poke|p1|Gengar, L50, F|\n|poke|p1|Garchomp, L50, M|\n|poke|p1|Toxapex, L50, F|\n|poke|p1|Lopunny, L50, M|\n|poke|p2|Charizard, L50, M|\n|poke|p2|Vaporeon, L50, F|\n|poke|p2|Whimsicott, L50, F|\n|poke|p2|Garchomp, L50, M|\n|poke|p2|Samurott-Hisui, L50, M|\n|poke|p2|Gengar, L50, F|\n|teampreview|3\n|inactive|Battle timer is ON: inactive players will automatically lose when time's up. (requested by Take609)\n|inactive|ryusui has 60 seconds left.\n|j| p74\n|\n|t:|1776226055\n|teamsize|p1|3\n|teamsize|p2|3\n|start\n|switch|p1a: Garchomp|Garchomp, L50, M|100/100\n|switch|p2a: Vaporeon|Vaporeon, L50, F|100/100\n|turn|1\n|\n|t:|1776226062\n|move|p1a: Garchomp|Earthquake|p2a: Vaporeon\n|-damage|p2a: Vaporeon|60/100\n|move|p2a: Vaporeon|Scald|p1a: Garchomp\n|-damage|p1a: Garchomp|66/100\n|\n|upkeep\n|turn|2\n|\n|t:|1776226070\n|move|p1a: Garchomp|Stealth Rock|p2a: Vaporeon\n|-sidestart|p2: Take609|move: Stealth Rock\n|move|p2a: Vaporeon|Wish|p2a: Vaporeon\n|\n|upkeep\n|turn|3\n|\n|t:|1776226078\n|move|p1a: Garchomp|Earthquake|p2a: Vaporeon\n|-damage|p2a: Vaporeon|20/100\n|move|p2a: Vaporeon|Scald|p1a: Garchomp\n|-damage|p1a: Garchomp|36/100\n|\n|-heal|p2a: Vaporeon|70/100|[from] move: Wish|[wisher] Vaporeon\n|upkeep\n|turn|4\n|\n|t:|1776226088\n|move|p1a: Garchomp|Outrage|p2a: Vaporeon\n|-damage|p2a: Vaporeon|19/100\n|move|p2a: Vaporeon|Wish|p2a: Vaporeon\n|\n|upkeep\n|turn|5\n|\n|t:|1776226094\n|move|p2a: Vaporeon|Protect|p2a: Vaporeon\n|-singleturn|p2a: Vaporeon|Protect\n|move|p1a: Garchomp|Outrage|p2a: Vaporeon|[from] lockedmove\n|-activate|p2a: Vaporeon|move: Protect\n|\n|-heal|p2a: Vaporeon|69/100|[from] move: Wish|[wisher] Vaporeon\n|upkeep\n|turn|6\n|\n|t:|1776226104\n|move|p1a: Garchomp|Earthquake|p2a: Vaporeon\n|-damage|p2a: Vaporeon|31/100\n|move|p2a: Vaporeon|Wish|p2a: Vaporeon\n|\n|upkeep\n|turn|7\n|\n|t:|1776226114\n|switch|p1a: Gengar|Gengar, L50, F|100/100\n|move|p2a: Vaporeon|Protect||[still]\n|-fail|p2a: Vaporeon\n|\n|-heal|p2a: Vaporeon|81/100|[from] move: Wish|[wisher] Vaporeon\n|upkeep\n|turn|8\n|\n|t:|1776226123\n|detailschange|p1a: Gengar|Gengar-Mega, L50, F\n|-mega|p1a: Gengar|Gengar|Gengarite\n|move|p1a: Gengar|Thunderbolt|p2a: Vaporeon\n|-supereffective|p2a: Vaporeon|1\n|-damage|p2a: Vaporeon|17/100\n|move|p2a: Vaporeon|Flip Turn|p1a: Gengar\n|-damage|p1a: Gengar|79/100\n|\n|t:|1776226131\n|switch|p2a: Samurott|Samurott-Hisui, L50, M, shiny|100/100|[from] Flip Turn\n|-damage|p2a: Samurott|88/100|[from] Stealth Rock\n|\n|upkeep\n|turn|9\n|\n|t:|1776226139\n|move|p2a: Samurott|Ceaseless Edge|p1a: Gengar\n|-supereffective|p1a: Gengar|1\n|-damage|p1a: Gengar|0 fnt\n|-sidestart|p1: ryusui|Spikes\n|faint|p1a: Gengar\n|\n|upkeep\n|\n|t:|1776226144\n|switch|p1a: Corviknight|Corviknight, L50, F|100/100\n|-ability|p1a: Corviknight|Pressure\n|turn|10\n|\n|t:|1776226150\n|move|p2a: Samurott|Ceaseless Edge|p1a: Corviknight\n|-damage|p1a: Corviknight|70/100\n|-sidestart|p1: ryusui|Spikes\n|move|p1a: Corviknight|Iron Defense|p1a: Corviknight\n|-boost|p1a: Corviknight|def|2\n|\n|-heal|p1a: Corviknight|76/100|[from] item: Leftovers\n|upkeep\n|turn|11\n|\n|t:|1776226161\n|switch|p2a: Vaporeon|Vaporeon, L50, F|17/100\n|-damage|p2a: Vaporeon|4/100|[from] Stealth Rock\n|move|p1a: Corviknight|Body Press|p2a: Vaporeon\n|-damage|p2a: Vaporeon|0 fnt\n|faint|p2a: Vaporeon\n|\n|-heal|p1a: Corviknight|81/100|[from] item: Leftovers\n|upkeep\n|\n|t:|1776226172\n|switch|p2a: Gengar|Gengar, L50, F|100/100\n|-damage|p2a: Gengar|88/100|[from] Stealth Rock\n|turn|12\n|-message|ryusui forfeited.\n|\n|win|Take609\n|raw|ryusui's rating: 1295 &rarr; <strong>1268</strong><br />(-27 for losing)\n|raw|Take609's rating: 1271 &rarr; <strong>1298</strong><br />(+27 for winning)\n|l|\u2606ryusui\n|player|p1|\n|l|\u2606Take609\n|player|p2|\n",
  "uploadtime": 1776226279,
  "views": 4,
  "formatid": "gen9championsbssregma",
  "rating": 1268,
  "private": 0,
  "password": null
}