{
  "id": "gen9championsbssregma-2581393054",
  "format": "[Gen 9 Champions] BSS Reg M-A",
  "players": [
    "hoshigumo1101",
    "amnesiaamnesiad"
  ],
  "log": "|j|\u2606hoshigumo1101\n|j|\u203damnesiaamnesiad\n|t:|1775995617\n|gametype|singles\n|player|p1|hoshigumo1101|acetrainerf|1124\n|player|p2|amnesiaamnesiad|266|1230\n|gen|9\n|tier|[Gen 9 Champions] BSS Reg M-A\n|rated|\n|rule|Species Clause: Limit one of each Pok\u00e9mon\n|rule|Item Clause: Limit 1 of each item\n|clearpoke\n|poke|p1|Lucario, L50, F|\n|poke|p1|Rotom-Wash, L50|\n|poke|p1|Garchomp, L50, F|\n|poke|p1|Charizard, L50, M|\n|poke|p1|Hatterene, L50, F|\n|poke|p1|Greninja-*, L50, M|\n|poke|p2|Kangaskhan, L50, F|\n|poke|p2|Hippowdon, L50, M|\n|poke|p2|Aegislash, L50, M|\n|poke|p2|Gengar, L50, F|\n|poke|p2|Hydreigon, L50, M|\n|poke|p2|Glimmora, L50, M|\n|teampreview|3\n|\n|t:|1775995723\n|teamsize|p1|3\n|teamsize|p2|3\n|start\n|switch|p1a: Rotom|Rotom-Wash, L50|100/100\n|switch|p2a: Gengar|Gengar, L50, F, shiny|100/100\n|turn|1\n|\n|t:|1775995732\n|detailschange|p2a: Gengar|Gengar-Mega, L50, F, shiny\n|-mega|p2a: Gengar|Gengar|Gengarite\n|move|p1a: Rotom|Volt Switch|p2a: Gengar\n|-damage|p2a: Gengar|55/100\n|\n|t:|1775995734\n|switch|p1a: Greninja|Greninja, L50, M|100/100|[from] Volt Switch\n|move|p2a: Gengar|Sludge Wave|p1a: Greninja\n|-damage|p1a: Greninja|13/100\n|\n|upkeep\n|turn|2\n|\n|t:|1775995767\n|switch|p2a: Hippowdon|Hippowdon, L50, M, shiny|100/100\n|-weather|Sandstorm|[from] ability: Sand Stream|[of] p2a: Hippowdon\n|detailschange|p1a: Greninja|Greninja-Mega, L50, M\n|-mega|p1a: Greninja|Greninja|Greninjite\n|move|p1a: Greninja|Dark Pulse|p2a: Hippowdon\n|-start|p1a: Greninja|typechange|Dark|[from] ability: Protean\n|-crit|p2a: Hippowdon\n|-damage|p2a: Hippowdon|39/100\n|-enditem|p2a: Hippowdon|Sitrus Berry|[eat]\n|-heal|p2a: Hippowdon|64/100|[from] item: Sitrus Berry\n|\n|-weather|Sandstorm|[upkeep]\n|-damage|p1a: Greninja|7/100|[from] Sandstorm\n|upkeep\n|turn|3\n|\n|t:|1775995793\n|move|p1a: Greninja|Ice Beam|p2a: Hippowdon\n|-supereffective|p2a: Hippowdon|1\n|-damage|p2a: Hippowdon|6/100\n|move|p2a: Hippowdon|Stealth Rock|p1a: Greninja\n|-sidestart|p1: hoshigumo1101|move: Stealth Rock\n|\n|-weather|Sandstorm|[upkeep]\n|-damage|p1a: Greninja|1/100|[from] Sandstorm\n|upkeep\n|turn|4\n|\n|t:|1775995803\n|move|p1a: Greninja|Ice Beam|p2a: Hippowdon\n|-supereffective|p2a: Hippowdon|1\n|-damage|p2a: Hippowdon|0 fnt\n|faint|p2a: Hippowdon\n|\n|-weather|Sandstorm|[upkeep]\n|-damage|p1a: Greninja|0 fnt|[from] Sandstorm\n|faint|p1a: Greninja\n|upkeep\n|\n|t:|1775995809\n|switch|p1a: Rotom|Rotom-Wash, L50|100/100\n|switch|p2a: Gengar|Gengar-Mega, L50, F, shiny|55/100\n|-damage|p1a: Rotom|89/100|[from] Stealth Rock\n|turn|5\n|\n|t:|1775995817\n|move|p1a: Rotom|Thunderbolt|p2a: Gengar\n|-damage|p2a: Gengar|0 fnt\n|faint|p2a: Gengar\n|\n|-weather|Sandstorm|[upkeep]\n|-damage|p1a: Rotom|83/100|[from] Sandstorm\n|upkeep\n|-message|amnesiaamnesiad forfeited.\n|\n|win|hoshigumo1101\n|raw|hoshigumo1101's rating: 1124 &rarr; <strong>1156</strong><br />(+32 for winning)\n|raw|amnesiaamnesiad's rating: 1230 &rarr; <strong>1198</strong><br />(-32 for losing)\n",
  "uploadtime": 1775995823,
  "views": 9,
  "formatid": "gen9championsbssregma",
  "rating": 1156,
  "private": 0,
  "password": null
}