{
  "id": "gen9championsbssregma-2587934191",
  "format": "[Gen 9 Champions] BSS Reg M-A",
  "players": [
    "KevMev",
    "TrainerXay"
  ],
  "log": "|j|\u2606KevMev\n|j|\u2606TrainerXay\n|t:|1776581208\n|gametype|singles\n|player|p1|KevMev|waiter-gen4|1325\n|player|p2|TrainerXay|hilbert-wonderlauncher|1270\n|gen|9\n|tier|[Gen 9 Champions] BSS Reg M-A\n|rated|\n|rule|Species Clause: Limit one of each Pok\u00e9mon\n|rule|Item Clause: Limit 1 of each item\n|clearpoke\n|poke|p1|Floette-Eternal, L50, F|\n|poke|p1|Archaludon, L50, M|\n|poke|p1|Gyarados, L50, F|\n|poke|p1|Mimikyu, L50, M|\n|poke|p1|Hydreigon, L50, M|\n|poke|p1|Sneasler, L50, M, shiny|\n|poke|p2|Garchomp, L50, M|\n|poke|p2|Meowscarada, L50, F|\n|poke|p2|Corviknight, L50, M|\n|poke|p2|Lopunny, L50, F|\n|poke|p2|Gyarados, L50, M|\n|poke|p2|Aegislash, L50, M|\n|teampreview|3\n|inactive|Battle timer is ON: inactive players will automatically lose when time's up. (requested by TrainerXay)\n|inactive|KevMev has 60 seconds left.\n|inactive|TrainerXay has 60 seconds left.\n|inactive|TrainerXay has 30 seconds left.\n|\n|t:|1776581278\n|teamsize|p1|3\n|teamsize|p2|3\n|start\n|switch|p1a: Archaludon|Archaludon, L50, M|100/100\n|switch|p2a: Aegislash|Aegislash, L50, M|100/100\n|turn|1\n|\n|t:|1776581293\n|switch|p1a: Gyarados|Gyarados, L50, F|100/100\n|-ability|p1a: Gyarados|Intimidate|boost\n|-unboost|p2a: Aegislash|atk|1\n|-formechange|p2a: Aegislash|Aegislash-Blade|\n|move|p2a: Aegislash|Shadow Ball|p1a: Gyarados\n|-damage|p1a: Gyarados|48/100\n|-unboost|p1a: Gyarados|spd|1\n|\n|upkeep\n|turn|2\n|\n|t:|1776581312\n|switch|p1a: Hydreigon|Hydreigon, L50, M|100/100\n|switch|p2a: Gyattados|Gyarados, L50, M|100/100\n|-ability|p2a: Gyattados|Intimidate|boost\n|-unboost|p1a: Hydreigon|atk|1\n|\n|upkeep\n|turn|3\n|inactive|TrainerXay has 30 seconds left.\n|\n|t:|1776581345\n|switch|p2a: Aegislash|Aegislash, L50, M|100/100\n|move|p1a: Hydreigon|Draco Meteor|p2a: Aegislash\n|-resisted|p2a: Aegislash|1\n|-damage|p2a: Aegislash|74/100\n|-unboost|p1a: Hydreigon|spa|2\n|\n|-heal|p2a: Aegislash|80/100|[from] item: Leftovers\n|upkeep\n|turn|4\n|\n|t:|1776581361\n|move|p1a: Hydreigon|Draco Meteor|p2a: Aegislash\n|-resisted|p2a: Aegislash|1\n|-damage|p2a: Aegislash|67/100\n|-unboost|p1a: Hydreigon|spa|2\n|-formechange|p2a: Aegislash|Aegislash-Blade|\n|move|p2a: Aegislash|Flash Cannon|p1a: Hydreigon\n|-damage|p1a: Hydreigon|43/100\n|\n|-heal|p2a: Aegislash|73/100|[from] item: Leftovers\n|upkeep\n|turn|5\n|\n|t:|1776581368\n|switch|p1a: Archaludon|Archaludon, L50, M|100/100\n|move|p2a: Aegislash|Flash Cannon|p1a: Archaludon\n|-resisted|p1a: Archaludon|1\n|-damage|p1a: Archaludon|63/100\n|\n|-heal|p1a: Archaludon|69/100|[from] item: Leftovers\n|-heal|p2a: Aegislash|79/100|[from] item: Leftovers\n|upkeep\n|turn|6\n|\n|t:|1776581390\n|move|p1a: Archaludon|Protect|p1a: Archaludon\n|-singleturn|p1a: Archaludon|Protect\n|-formechange|p2a: Aegislash|Aegislash|\n|move|p2a: Aegislash|King's Shield||[still]\n|-fail|p2a: Aegislash\n|\n|-heal|p1a: Archaludon|75/100|[from] item: Leftovers\n|-heal|p2a: Aegislash|85/100|[from] item: Leftovers\n|upkeep\n|turn|7\n|-message|KevMev forfeited.\n|\n|win|TrainerXay\n|raw|KevMev's rating: 1325 &rarr; <strong>1302</strong><br />(-23 for losing)\n|raw|TrainerXay's rating: 1270 &rarr; <strong>1299</strong><br />(+29 for winning)\n|l|\u2606KevMev\n|player|p1|\n|l|\u2606TrainerXay\n|player|p2|\n",
  "uploadtime": 1776581402,
  "views": 1,
  "formatid": "gen9championsbssregma",
  "rating": 1299,
  "private": 0,
  "password": null
}