{
  "id": "gen9championsbssregma-2584877479",
  "format": "[Gen 9 Champions] BSS Reg M-A",
  "players": [
    "skulldr",
    "mangerion"
  ],
  "log": "|j|\u2606skulldr\n|j|\u2606mangerion\n|t:|1776290820\n|gametype|singles\n|player|p1|skulldr|1|1267\n|player|p2|mangerion|2|1404\n|gen|9\n|tier|[Gen 9 Champions] BSS Reg M-A\n|rated|\n|rule|Species Clause: Limit one of each Pok\u00e9mon\n|rule|Item Clause: Limit 1 of each item\n|clearpoke\n|poke|p1|Archaludon, L50, M|\n|poke|p1|Pelipper, L50, F|\n|poke|p1|Araquanid, L50, M|\n|poke|p1|Kingambit, L50, M|\n|poke|p1|Mamoswine, L50, F|\n|poke|p1|Scizor, L50, F|\n|poke|p2|Glimmora, L50, M|\n|poke|p2|Garchomp, L50, M|\n|poke|p2|Gengar, L50, F|\n|poke|p2|Umbreon, L50, M|\n|poke|p2|Scizor, L50, F|\n|poke|p2|Rotom-Wash, L50|\n|teampreview|3\n|inactive|Battle timer is ON: inactive players will automatically lose when time's up. (requested by skulldr)\n|j| p74\n|\n|t:|1776290849\n|teamsize|p1|3\n|teamsize|p2|3\n|start\n|switch|p1a: Mamoswine|Mamoswine, L50, F|100/100\n|switch|p2a: Rotom|Rotom-Wash, L50|100/100\n|turn|1\n|\n|t:|1776290868\n|move|p1a: Mamoswine|Stealth Rock|p2a: Rotom\n|-sidestart|p2: mangerion|move: Stealth Rock\n|move|p2a: Rotom|Hydro Pump|p1a: Mamoswine|[miss]\n|-miss|p2a: Rotom|p1a: Mamoswine\n|\n|upkeep\n|turn|2\n|\n|t:|1776290874\n|switch|p1a: Archaludon|Archaludon, L50, M|100/100\n|move|p2a: Rotom|Hydro Pump|p1a: Archaludon\n|-resisted|p1a: Archaludon|1\n|-damage|p1a: Archaludon|79/100\n|-ability|p1a: Archaludon|Stamina|boost\n|-boost|p1a: Archaludon|def|1\n|\n|-heal|p1a: Archaludon|85/100|[from] item: Leftovers\n|upkeep\n|turn|3\n|\n|t:|1776290885\n|switch|p2a: Garchomp|Garchomp, L50, M|100/100\n|-damage|p2a: Garchomp|94/100|[from] Stealth Rock\n|move|p1a: Archaludon|Electro Shot||[still]\n|-prepare|p1a: Archaludon|Electro Shot\n|-boost|p1a: Archaludon|spa|1\n|\n|-heal|p1a: Archaludon|91/100|[from] item: Leftovers\n|upkeep\n|turn|4\n|\n|t:|1776290895\n|move|p2a: Garchomp|Earthquake|p1a: Archaludon\n|-supereffective|p1a: Archaludon|1\n|-damage|p1a: Archaludon|37/100\n|-ability|p1a: Archaludon|Stamina|boost\n|-boost|p1a: Archaludon|def|1\n|move|p1a: Archaludon|Electro Shot|p2a: Garchomp|[from] lockedmove\n|-immune|p2a: Garchomp\n|\n|-heal|p1a: Archaludon|43/100|[from] item: Leftovers\n|upkeep\n|turn|5\n|\n|t:|1776290906\n|move|p1a: Archaludon|Protect|p1a: Archaludon\n|-singleturn|p1a: Archaludon|Protect\n|move|p2a: Garchomp|Earthquake|p1a: Archaludon\n|-activate|p1a: Archaludon|move: Protect\n|\n|-heal|p1a: Archaludon|49/100|[from] item: Leftovers\n|upkeep\n|turn|6\n|\n|t:|1776290914\n|move|p2a: Garchomp|Earthquake|p1a: Archaludon\n|-supereffective|p1a: Archaludon|1\n|-damage|p1a: Archaludon|9/100\n|-ability|p1a: Archaludon|Stamina|boost\n|-boost|p1a: Archaludon|def|1\n|move|p1a: Archaludon|Draco Meteor|p2a: Garchomp\n|-supereffective|p2a: Garchomp|1\n|-damage|p2a: Garchomp|0 fnt\n|-unboost|p1a: Archaludon|spa|2\n|faint|p2a: Garchomp\n|\n|-heal|p1a: Archaludon|15/100|[from] item: Leftovers\n|upkeep\n|\n|t:|1776290927\n|switch|p2a: Scizor|Scizor, L50, F|100/100\n|-damage|p2a: Scizor|88/100|[from] Stealth Rock\n|turn|7\n|\n|t:|1776290932\n|detailschange|p2a: Scizor|Scizor-Mega, L50, F\n|-mega|p2a: Scizor|Scizor|Scizorite\n|move|p2a: Scizor|Swords Dance|p2a: Scizor\n|-boost|p2a: Scizor|atk|2\n|move|p1a: Archaludon|Aura Sphere|p2a: Scizor\n|-damage|p2a: Scizor|74/100\n|\n|-heal|p1a: Archaludon|21/100|[from] item: Leftovers\n|upkeep\n|turn|8\n|\n|t:|1776290943\n|move|p2a: Scizor|Knock Off|p1a: Archaludon\n|-damage|p1a: Archaludon|0 fnt\n|-enditem|p1a: Archaludon|Leftovers|[from] move: Knock Off|[of] p2a: Scizor\n|faint|p1a: Archaludon\n|\n|upkeep\n|\n|t:|1776290945\n|switch|p1a: Mamoswine|Mamoswine, L50, F|100/100\n|turn|9\n|\n|t:|1776290951\n|move|p2a: Scizor|Bullet Punch|p1a: Mamoswine\n|-supereffective|p1a: Mamoswine|1\n|-enditem|p1a: Mamoswine|Focus Sash\n|-damage|p1a: Mamoswine|1/100\n|move|p1a: Mamoswine|Earthquake|p2a: Scizor\n|-damage|p2a: Scizor|28/100\n|\n|upkeep\n|turn|10\n|\n|t:|1776290959\n|move|p2a: Scizor|Bullet Punch|p1a: Mamoswine\n|-supereffective|p1a: Mamoswine|1\n|-crit|p1a: Mamoswine\n|-damage|p1a: Mamoswine|0 fnt\n|faint|p1a: Mamoswine\n|\n|upkeep\n|\n|t:|1776290960\n|switch|p1a: Scizor|Scizor, L50, F|100/100\n|turn|11\n|\n|t:|1776290968\n|detailschange|p1a: Scizor|Scizor-Mega, L50, F\n|-mega|p1a: Scizor|Scizor|Scizorite\n|move|p2a: Scizor|Close Combat|p1a: Scizor\n|-damage|p1a: Scizor|25/100\n|-unboost|p2a: Scizor|def|1\n|-unboost|p2a: Scizor|spd|1\n|move|p1a: Scizor|Superpower|p2a: Scizor\n|-damage|p2a: Scizor|0 fnt\n|-unboost|p1a: Scizor|atk|1\n|-unboost|p1a: Scizor|def|1\n|faint|p2a: Scizor\n|\n|upkeep\n|-message|skulldr forfeited.\n|\n|win|mangerion\n|raw|skulldr's rating: 1267 &rarr; <strong>1251</strong><br />(-16 for losing)\n|raw|mangerion's rating: 1404 &rarr; <strong>1416</strong><br />(+12 for winning)\n|l|\u2606skulldr\n|player|p1|\n|l|\u2606mangerion\n|player|p2|\n",
  "uploadtime": 1776291037,
  "views": 44,
  "formatid": "gen9championsbssregma",
  "rating": 1251,
  "private": 0,
  "password": null
}