{
  "id": "gen9championsbssregma-2585137098",
  "format": "[Gen 9 Champions] BSS Reg M-A",
  "players": [
    "civdestroyer",
    "yann3779"
  ],
  "log": "|j|\u2606civdestroyer\n|j|\u2606yann3779\n|t:|1776316236\n|gametype|singles\n|player|p1|civdestroyer|102|1314\n|player|p2|yann3779|2|1337\n|gen|9\n|tier|[Gen 9 Champions] BSS Reg M-A\n|rated|\n|rule|Species Clause: Limit one of each Pok\u00e9mon\n|rule|Item Clause: Limit 1 of each item\n|clearpoke\n|poke|p1|Gyarados, L50, M|\n|poke|p1|Snorlax, L50, M|\n|poke|p1|Hippowdon, L50, F|\n|poke|p1|Lucario, L50, M|\n|poke|p1|Aegislash, L50, M|\n|poke|p1|Serperior, L50, F|\n|poke|p2|Garchomp, L50, M|\n|poke|p2|Aegislash, L50, F|\n|poke|p2|Meganium, L50, M|\n|poke|p2|Dragonite, L50, M|\n|poke|p2|Kleavor, L50, M|\n|poke|p2|Lopunny, L50, M|\n|teampreview|3\n|inactive|Battle timer is ON: inactive players will automatically lose when time's up. (requested by civdestroyer)\n|inactive|civdestroyer has 60 seconds left.\n|\n|t:|1776316275\n|teamsize|p1|3\n|teamsize|p2|3\n|start\n|switch|p1a: Snorlax|Snorlax, L50, M|100/100\n|switch|p2a: Meganium|Meganium, L50, M|100/100\n|turn|1\n|\n|t:|1776316288\n|switch|p2a: Kleavor|Kleavor, L50, M|100/100\n|move|p1a: Snorlax|Double-Edge|p2a: Kleavor\n|-resisted|p2a: Kleavor|1\n|-damage|p2a: Kleavor|58/100\n|-damage|p1a: Snorlax|92/100|[from] Recoil\n|\n|upkeep\n|turn|2\n|\n|t:|1776316296\n|move|p2a: Kleavor|Close Combat|p1a: Snorlax\n|-supereffective|p1a: Snorlax|1\n|-damage|p1a: Snorlax|24/100\n|-unboost|p2a: Kleavor|def|1\n|-unboost|p2a: Kleavor|spd|1\n|-enditem|p1a: Snorlax|Sitrus Berry|[eat]\n|-heal|p1a: Snorlax|49/100|[from] item: Sitrus Berry\n|move|p1a: Snorlax|Counter|p2a: Kleavor\n|-damage|p2a: Kleavor|0 fnt\n|faint|p2a: Kleavor\n|\n|upkeep\n|\n|t:|1776316300\n|switch|p2a: Aegislash|Aegislash, L50, F|100/100\n|turn|3\n|j| p74\n|j| emertest\n|inactive|civdestroyer has 30 seconds left.\n|\n|t:|1776316328\n|switch|p1a: Hippowdon|Hippowdon, L50, F|100/100\n|-weather|Sandstorm|[from] ability: Sand Stream|[of] p1a: Hippowdon\n|-formechange|p2a: Aegislash|Aegislash-Blade|\n|move|p2a: Aegislash|Iron Head|p1a: Hippowdon\n|-damage|p1a: Hippowdon|74/100\n|\n|-weather|Sandstorm|[upkeep]\n|-heal|p1a: Hippowdon|80/100|[from] item: Leftovers\n|upkeep\n|turn|4\n|\n|t:|1776316341\n|switch|p2a: Meganium|Meganium, L50, M|100/100\n|move|p1a: Hippowdon|Yawn|p2a: Meganium\n|-start|p2a: Meganium|move: Yawn|[of] p1a: Hippowdon\n|\n|-weather|Sandstorm|[upkeep]\n|-damage|p2a: Meganium|94/100|[from] Sandstorm\n|-heal|p1a: Hippowdon|86/100|[from] item: Leftovers\n|upkeep\n|turn|5\n|\n|t:|1776316350\n|detailschange|p2a: Meganium|Meganium-Mega, L50, M\n|-mega|p2a: Meganium|Meganium|Meganiumite\n|move|p2a: Meganium|Solar Beam||[still]\n|-prepare|p2a: Meganium|Solar Beam\n|-activate|p2a: Meganium|ability: Mega Sol\n|-anim|p2a: Meganium|Solar Beam|p1a: Hippowdon\n|-supereffective|p1a: Hippowdon|1\n|-damage|p1a: Hippowdon|0 fnt\n|faint|p1a: Hippowdon\n|\n|-weather|Sandstorm|[upkeep]\n|-damage|p2a: Meganium|88/100|[from] Sandstorm\n|-end|p2a: Meganium|move: Yawn|[silent]\n|-status|p2a: Meganium|slp\n|upkeep\n|\n|t:|1776316367\n|switch|p1a: Snorlax|Snorlax, L50, M|49/100\n|turn|6\n|\n|t:|1776316379\n|cant|p2a: Meganium|slp\n|move|p1a: Snorlax|Double-Edge|p2a: Meganium\n|-damage|p2a: Meganium|30/100 slp\n|-damage|p1a: Snorlax|36/100|[from] Recoil\n|\n|-weather|Sandstorm|[upkeep]\n|-damage|p2a: Meganium|24/100 slp|[from] Sandstorm\n|-damage|p1a: Snorlax|30/100|[from] Sandstorm\n|upkeep\n|turn|7\n|\n|t:|1776316388\n|cant|p2a: Meganium|slp\n|move|p1a: Snorlax|Double-Edge|p2a: Meganium\n|-damage|p2a: Meganium|0 fnt\n|faint|p2a: Meganium\n|-damage|p1a: Snorlax|24/100|[from] Recoil\n|\n|-weather|none\n|upkeep\n|\n|t:|1776316391\n|switch|p2a: Aegislash|Aegislash, L50, F|100/100\n|turn|8\n|\n|t:|1776316397\n|-formechange|p2a: Aegislash|Aegislash-Blade|\n|move|p2a: Aegislash|Iron Head|p1a: Snorlax\n|-crit|p1a: Snorlax\n|-damage|p1a: Snorlax|0 fnt\n|faint|p1a: Snorlax\n|\n|upkeep\n|\n|t:|1776316402\n|switch|p1a: Gyarados|Gyarados, L50, M|100/100\n|-ability|p1a: Gyarados|Intimidate|boost\n|-unboost|p2a: Aegislash|atk|1\n|turn|9\n|\n|t:|1776316413\n|detailschange|p1a: Gyarados|Gyarados-Mega, L50, M\n|-mega|p1a: Gyarados|Gyarados|Gyaradosite\n|-ability|p1a: Gyarados|Mold Breaker\n|move|p1a: Gyarados|Earthquake|p2a: Aegislash\n|-supereffective|p2a: Aegislash|1\n|-damage|p2a: Aegislash|0 fnt\n|faint|p2a: Aegislash\n|\n|win|civdestroyer\n|raw|civdestroyer's rating: 1314 &rarr; <strong>1335</strong><br />(+21 for winning)\n|raw|yann3779's rating: 1337 &rarr; <strong>1316</strong><br />(-21 for losing)\n|l|\u2606yann3779\n|player|p2|\n|l|\u2606civdestroyer\n|player|p1|\n|l| emertest\n",
  "uploadtime": 1776316473,
  "views": 3,
  "formatid": "gen9championsbssregma",
  "rating": 1316,
  "private": 0,
  "password": null
}