{
  "id": "gen9championsbssregma-2587708561",
  "format": "[Gen 9 Champions] BSS Reg M-A",
  "players": [
    "Fulgurotek",
    "goomba number two"
  ],
  "log": "|j|\u2606Fulgurotek\n|j|\u2606goomba number two\n|t:|1776556041\n|gametype|singles\n|player|p1|Fulgurotek|101|1389\n|player|p2|goomba number two|barry|1396\n|gen|9\n|tier|[Gen 9 Champions] BSS Reg M-A\n|rated|\n|rule|Species Clause: Limit one of each Pok\u00e9mon\n|rule|Item Clause: Limit 1 of each item\n|clearpoke\n|poke|p1|Banette, L50, F|\n|poke|p1|Gyarados, L50, F|\n|poke|p1|Glimmora, L50, F|\n|poke|p1|Hatterene, L50, F|\n|poke|p1|Zoroark-Hisui, L50, M|\n|poke|p1|Garchomp, L50, F|\n|poke|p2|Vaporeon, L50, F|\n|poke|p2|Jolteon, L50, M|\n|poke|p2|Flareon, L50, M|\n|poke|p2|Espeon, L50, M|\n|poke|p2|Umbreon, L50, F|\n|poke|p2|Sylveon, L50, F|\n|teampreview|3\n|\n|t:|1776556068\n|teamsize|p1|3\n|teamsize|p2|3\n|start\n|switch|p1a: Glimmora|Glimmora, L50, F|100/100\n|switch|p2a: Vaporeon|Vaporeon, L50, F|100/100\n|turn|1\n|j| p74\n|\n|t:|1776556080\n|move|p1a: Glimmora|Sludge Wave|p2a: Vaporeon\n|-damage|p2a: Vaporeon|58/100\n|move|p2a: Vaporeon|Scald|p1a: Glimmora\n|-supereffective|p1a: Glimmora|1\n|-enditem|p1a: Glimmora|Focus Sash\n|-damage|p1a: Glimmora|1/100\n|-status|p1a: Glimmora|brn\n|\n|-damage|p1a: Glimmora|0 fnt|[from] brn\n|faint|p1a: Glimmora\n|upkeep\n|\n|t:|1776556089\n|switch|p1a: Garchomp|Garchomp, L50, F|100/100\n|turn|2\n|\n|t:|1776556092\n|move|p1a: Garchomp|Earthquake|p2a: Vaporeon\n|-damage|p2a: Vaporeon|14/100\n|-enditem|p2a: Vaporeon|Sitrus Berry|[eat]\n|-heal|p2a: Vaporeon|39/100|[from] item: Sitrus Berry\n|move|p2a: Vaporeon|Ice Beam|p1a: Garchomp\n|-supereffective|p1a: Garchomp|2\n|-damage|p1a: Garchomp|0 fnt\n|faint|p1a: Garchomp\n|\n|upkeep\n|\n|t:|1776556097\n|switch|p1a: Hatterene|Hatterene, L50, F|100/100\n|turn|3\n|\n|t:|1776556101\n|move|p2a: Vaporeon|Scald|p1a: Hatterene\n|-damage|p1a: Hatterene|60/100\n|-status|p1a: Hatterene|brn\n|move|p1a: Hatterene|Calm Mind|p1a: Hatterene\n|-boost|p1a: Hatterene|spa|1\n|-boost|p1a: Hatterene|spd|1\n|\n|-heal|p1a: Hatterene|66/100 brn|[from] item: Leftovers\n|-damage|p1a: Hatterene|60/100 brn|[from] brn\n|upkeep\n|turn|4\n|\n|t:|1776556106\n|move|p2a: Vaporeon|Scald|p1a: Hatterene\n|-damage|p1a: Hatterene|35/100 brn\n|move|p1a: Hatterene|Draining Kiss|p2a: Vaporeon\n|-damage|p2a: Vaporeon|9/100\n|-heal|p1a: Hatterene|65/100 brn|[from] drain|[of] p2a: Vaporeon\n|\n|-heal|p1a: Hatterene|71/100 brn|[from] item: Leftovers\n|-damage|p1a: Hatterene|65/100 brn|[from] brn\n|upkeep\n|turn|5\n|\n|t:|1776556110\n|move|p2a: Vaporeon|Scald|p1a: Hatterene\n|-damage|p1a: Hatterene|40/100 brn\n|move|p1a: Hatterene|Draining Kiss|p2a: Vaporeon\n|-damage|p2a: Vaporeon|0 fnt\n|-heal|p1a: Hatterene|48/100 brn|[from] drain|[of] p2a: Vaporeon\n|faint|p2a: Vaporeon\n|\n|-heal|p1a: Hatterene|54/100 brn|[from] item: Leftovers\n|-damage|p1a: Hatterene|48/100 brn|[from] brn\n|upkeep\n|\n|t:|1776556112\n|switch|p2a: Sylveon|Sylveon, L50, F|100/100\n|turn|6\n|j| huhyuhyuhyuh\n|\n|t:|1776556115\n|move|p2a: Sylveon|Calm Mind|p2a: Sylveon\n|-boost|p2a: Sylveon|spa|1\n|-boost|p2a: Sylveon|spd|1\n|move|p1a: Hatterene|Draining Kiss|p2a: Sylveon\n|-damage|p2a: Sylveon|84/100\n|-heal|p1a: Hatterene|64/100 brn|[from] drain|[of] p2a: Sylveon\n|\n|-heal|p2a: Sylveon|90/100|[from] item: Leftovers\n|-heal|p1a: Hatterene|70/100 brn|[from] item: Leftovers\n|-damage|p1a: Hatterene|64/100 brn|[from] brn\n|upkeep\n|turn|7\n|\n|t:|1776556119\n|move|p2a: Sylveon|Hyper Voice|p1a: Hatterene\n|-damage|p1a: Hatterene|18/100 brn\n|move|p1a: Hatterene|Mystical Fire|p2a: Sylveon\n|-damage|p2a: Sylveon|74/100\n|-unboost|p2a: Sylveon|spa|1\n|\n|-heal|p2a: Sylveon|80/100|[from] item: Leftovers\n|-heal|p1a: Hatterene|24/100 brn|[from] item: Leftovers\n|-damage|p1a: Hatterene|18/100 brn|[from] brn\n|upkeep\n|turn|8\n|\n|t:|1776556122\n|move|p2a: Sylveon|Hyper Voice|p1a: Hatterene\n|-damage|p1a: Hatterene|0 fnt\n|faint|p1a: Hatterene\n|\n|win|goomba number two\n|raw|Fulgurotek's rating: 1389 &rarr; <strong>1369</strong><br />(-20 for losing)\n|raw|goomba number two's rating: 1396 &rarr; <strong>1416</strong><br />(+20 for winning)\n|l|\u2606Fulgurotek\n|player|p1|\n|l|\u2606goomba number two\n|player|p2|\n",
  "uploadtime": 1776556137,
  "views": 2,
  "formatid": "gen9championsbssregma",
  "rating": 1369,
  "private": 0,
  "password": null
}