{
  "id": "gen9championsbssregma-2588099368",
  "format": "[Gen 9 Champions] BSS Reg M-A",
  "players": [
    "Tenshuu_00",
    "kulololo"
  ],
  "log": "|j|\u2606Tenshuu_00\n|j|\u2606kulololo\n|t:|1776604172\n|gametype|singles\n|player|p1|Tenshuu_00|karen|1062\n|player|p2|kulololo|2|1152\n|gen|9\n|tier|[Gen 9 Champions] BSS Reg M-A\n|rated|\n|rule|Species Clause: Limit one of each Pok\u00e9mon\n|rule|Item Clause: Limit 1 of each item\n|clearpoke\n|poke|p1|Absol, L50, F|\n|poke|p1|Beedrill, L50, F|\n|poke|p1|Whimsicott, L50, F|\n|poke|p1|Slowbro, L50, F|\n|poke|p1|Steelix, L50, M|\n|poke|p1|Dragonite, L50, F|\n|poke|p2|Aggron, L50, M|\n|poke|p2|Charizard, L50, M|\n|poke|p2|Hydreigon, L50, F|\n|poke|p2|Primarina, L50, F|\n|poke|p2|Volcarona, L50, F|\n|poke|p2|Mamoswine, L50, F|\n|teampreview|3\n|\n|t:|1776604239\n|teamsize|p1|3\n|teamsize|p2|3\n|start\n|switch|p1a: Whimsicott|Whimsicott, L50, F|100/100\n|switch|p2a: Charizard|Charizard, L50, M|100/100\n|turn|1\n|\n|t:|1776604267\n|detailschange|p2a: Charizard|Charizard-Mega-X, L50, M\n|-mega|p2a: Charizard|Charizard|Charizardite X\n|move|p1a: Whimsicott|U-turn|p2a: Charizard\n|-resisted|p2a: Charizard|1\n|-damage|p2a: Charizard|95/100\n|\n|t:|1776604273\n|switch|p1a: Slowbro|Slowbro, L50, F|100/100|[from] U-turn\n|move|p2a: Charizard|Dragon Dance|p2a: Charizard\n|-boost|p2a: Charizard|atk|1\n|-boost|p2a: Charizard|spe|1\n|\n|upkeep\n|turn|2\n|\n|t:|1776604284\n|move|p2a: Charizard|Thunder Punch|p1a: Slowbro\n|-supereffective|p1a: Slowbro|1\n|-damage|p1a: Slowbro|23/100\n|move|p1a: Slowbro|Yawn|p2a: Charizard\n|-start|p2a: Charizard|move: Yawn|[of] p1a: Slowbro\n|\n|-heal|p1a: Slowbro|29/100|[from] item: Leftovers\n|upkeep\n|turn|3\n|\n|t:|1776604295\n|switch|p2a: Mamoswine|Mamoswine, L50, F|100/100\n|switch|p1a: Whimsicott|Whimsicott, L50, F|100/100\n|\n|upkeep\n|turn|4\n|\n|t:|1776604302\n|move|p1a: Whimsicott|Taunt|p2a: Mamoswine\n|-immune|p2a: Mamoswine|[from] ability: Oblivious\n|move|p2a: Mamoswine|Earthquake|p1a: Whimsicott\n|-resisted|p1a: Whimsicott|1\n|-damage|p1a: Whimsicott|63/100\n|\n|upkeep\n|turn|5\n|\n|t:|1776604329\n|switch|p1a: Slowbro|Slowbro, L50, F|62/100\n|move|p2a: Mamoswine|Icicle Spear|p1a: Slowbro\n|-resisted|p1a: Slowbro|1\n|-damage|p1a: Slowbro|57/100\n|-resisted|p1a: Slowbro|1\n|-damage|p1a: Slowbro|52/100\n|-hitcount|p1a: Slowbro|2\n|\n|-heal|p1a: Slowbro|58/100|[from] item: Leftovers\n|upkeep\n|turn|6\n|\n|t:|1776604349\n|move|p2a: Mamoswine|Stealth Rock|p1a: Slowbro\n|-sidestart|p1: Tenshuu_00|move: Stealth Rock\n|move|p1a: Slowbro|Slack Off|p1a: Slowbro\n|-heal|p1a: Slowbro|100/100\n|\n|upkeep\n|turn|7\n|\n|t:|1776604362\n|switch|p2a: Hydreigon|Hydreigon, L50, F|100/100\n|move|p1a: Slowbro|Yawn|p2a: Hydreigon\n|-start|p2a: Hydreigon|move: Yawn|[of] p1a: Slowbro\n|\n|upkeep\n|turn|8\n|\n|t:|1776604373\n|switch|p2a: Charizard|Charizard-Mega-X, L50, M|95/100\n|move|p1a: Slowbro|Scald|p2a: Charizard\n|-damage|p2a: Charizard|59/100\n|\n|upkeep\n|turn|9\n|\n|t:|1776604381\n|move|p2a: Charizard|Thunder Punch|p1a: Slowbro\n|-supereffective|p1a: Slowbro|1\n|-damage|p1a: Slowbro|49/100\n|move|p1a: Slowbro|Yawn|p2a: Charizard\n|-start|p2a: Charizard|move: Yawn|[of] p1a: Slowbro\n|\n|-heal|p1a: Slowbro|55/100|[from] item: Leftovers\n|upkeep\n|turn|10\n|\n|t:|1776604391\n|switch|p2a: Hydreigon|Hydreigon, L50, F|100/100\n|switch|p1a: Whimsicott|Whimsicott, L50, F|63/100\n|-damage|p1a: Whimsicott|51/100|[from] Stealth Rock\n|\n|upkeep\n|turn|11\n|\n|t:|1776604415\n|move|p1a: Whimsicott|Stun Spore|p2a: Hydreigon\n|-hint|Since gen 7, Dark is immune to Prankster moves.\n|-immune|p2a: Hydreigon\n|move|p2a: Hydreigon|Dark Pulse|p1a: Whimsicott\n|-resisted|p1a: Whimsicott|1\n|-damage|p1a: Whimsicott|22/100\n|\n|upkeep\n|turn|12\n|c|\u2606kulololo|dum\n|\n|t:|1776604434\n|move|p2a: Hydreigon|Dark Pulse|p1a: Whimsicott\n|-resisted|p1a: Whimsicott|1\n|-damage|p1a: Whimsicott|0 fnt\n|faint|p1a: Whimsicott\n|\n|upkeep\n|\n|t:|1776604439\n|switch|p1a: Slowbro|Slowbro, L50, F|88/100\n|-damage|p1a: Slowbro|76/100|[from] Stealth Rock\n|turn|13\n|\n|t:|1776604446\n|move|p2a: Hydreigon|Dark Pulse|p1a: Slowbro\n|-supereffective|p1a: Slowbro|1\n|-damage|p1a: Slowbro|0 fnt\n|faint|p1a: Slowbro\n|\n|upkeep\n|\n|t:|1776604452\n|switch|p1a: Absol|Absol, L50, F|100/100\n|-damage|p1a: Absol|89/100|[from] Stealth Rock\n|turn|14\n|\n|t:|1776604459\n|detailschange|p1a: Absol|Absol-Mega, L50, F\n|-mega|p1a: Absol|Absol|Absolite\n|move|p2a: Hydreigon|Dark Pulse|p1a: Absol\n|-resisted|p1a: Absol|1\n|-damage|p1a: Absol|46/100\n|move|p1a: Absol|Swords Dance|p1a: Absol\n|-boost|p1a: Absol|atk|2\n|\n|upkeep\n|turn|15\n|\n|t:|1776604467\n|move|p1a: Absol|Sucker Punch|p2a: Hydreigon\n|-resisted|p2a: Hydreigon|1\n|-damage|p2a: Hydreigon|42/100\n|move|p2a: Hydreigon|Dark Pulse|p1a: Absol\n|-resisted|p1a: Absol|1\n|-damage|p1a: Absol|8/100\n|\n|upkeep\n|turn|16\n|c|\u2606kulololo|Dum ashole\n|n|\u203dkulololo|kulololo\n|c|~|/log kulololo was locked from talking by Artemis. (\u2606kulololo: Dum ashole)\n|c|~|/raw <small>This action was done automatically. Want to learn more about the AI? <a href=\"https://www.smogon.com/forums/threads/3570628/#post-9056769\">Visit the information thread</a>.</small>\n|\n|t:|1776604483\n|move|p1a: Absol|Sucker Punch|p2a: Hydreigon\n|-resisted|p2a: Hydreigon|1\n|-damage|p2a: Hydreigon|0 fnt\n|faint|p2a: Hydreigon\n|\n|upkeep\n|\n|t:|1776604487\n|switch|p2a: Charizard|Charizard-Mega-X, L50, M|59/100\n|turn|17\n|\n|t:|1776604491\n|move|p1a: Absol|Sucker Punch|p2a: Charizard\n|-damage|p2a: Charizard|0 fnt\n|faint|p2a: Charizard\n|\n|upkeep\n|\n|t:|1776604494\n|switch|p2a: Mamoswine|Mamoswine, L50, F|100/100\n|turn|18\n|\n|t:|1776604503\n|move|p1a: Absol|Knock Off|p2a: Mamoswine\n|-enditem|p2a: Mamoswine|Focus Sash\n|-damage|p2a: Mamoswine|1/100\n|move|p2a: Mamoswine|Earthquake|p1a: Absol\n|-damage|p1a: Absol|0 fnt\n|faint|p1a: Absol\n|\n|win|kulololo\n",
  "uploadtime": 1776604478,
  "views": 3,
  "formatid": "gen9championsbssregma",
  "rating": null,
  "private": 0,
  "password": null
}