{
  "id": "gen9championsbssregma-2588145053",
  "format": "[Gen 9 Champions] BSS Reg M-A",
  "players": [
    "chh123456",
    "joguri"
  ],
  "log": "|j|\u2606chh123456\n|j|\u2606joguri\n|t:|1776608856\n|gametype|singles\n|player|p1|chh123456|1|1070\n|player|p2|joguri|dawn|1151\n|gen|9\n|tier|[Gen 9 Champions] BSS Reg M-A\n|rated|\n|rule|Species Clause: Limit one of each Pok\u00e9mon\n|rule|Item Clause: Limit 1 of each item\n|clearpoke\n|poke|p1|Greninja, L50, F|\n|poke|p1|Garchomp, L50, F|\n|poke|p1|Archaludon, L50, M|\n|poke|p1|Gardevoir, L50, M|\n|poke|p1|Ceruledge, L50, M|\n|poke|p1|Ninetales-Alola, L50, F|\n|poke|p2|Clefable, L50, M|\n|poke|p2|Espathra, L50, F|\n|poke|p2|Charizard, L50, M|\n|poke|p2|Hippowdon, L50, F|\n|poke|p2|Rotom-Wash, L50, shiny|\n|poke|p2|Garchomp, L50, M|\n|teampreview|3\n|inactive|Battle timer is ON: inactive players will automatically lose when time's up. (requested by chh123456)\n|\n|t:|1776608894\n|teamsize|p1|3\n|teamsize|p2|3\n|start\n|switch|p1a: Greninja|Greninja, L50, F|100/100\n|switch|p2a: Hamadon|Hippowdon, L50, F|100/100\n|-weather|Sandstorm|[from] ability: Sand Stream|[of] p2a: Hamadon\n|turn|1\n|\n|t:|1776608906\n|move|p1a: Greninja|Surf|p2a: Hamadon\n|-start|p1a: Greninja|typechange|Water|[from] ability: Protean\n|-supereffective|p2a: Hamadon|1\n|-damage|p2a: Hamadon|31/100\n|-enditem|p2a: Hamadon|Sitrus Berry|[eat]\n|-heal|p2a: Hamadon|55/100|[from] item: Sitrus Berry\n|move|p2a: Hamadon|Yawn|p1a: Greninja\n|-start|p1a: Greninja|move: Yawn|[of] p2a: Hamadon\n|\n|-weather|Sandstorm|[upkeep]\n|-damage|p1a: Greninja|94/100|[from] Sandstorm\n|upkeep\n|turn|2\n|\n|t:|1776608922\n|switch|p1a: Archaludon|Archaludon, L50, M|100/100\n|move|p2a: Hamadon|Stealth Rock|p1a: Archaludon\n|-sidestart|p1: chh123456|move: Stealth Rock\n|\n|-weather|Sandstorm|[upkeep]\n|upkeep\n|turn|3\n|\n|t:|1776608932\n|move|p1a: Archaludon|Stealth Rock|p2a: Hamadon\n|-sidestart|p2: joguri|move: Stealth Rock\n|move|p2a: Hamadon|Yawn|p1a: Archaludon\n|-start|p1a: Archaludon|move: Yawn|[of] p2a: Hamadon\n|\n|-weather|Sandstorm|[upkeep]\n|upkeep\n|turn|4\n|\n|t:|1776608945\n|move|p1a: Archaludon|Draco Meteor|p2a: Hamadon\n|-damage|p2a: Hamadon|0 fnt\n|-unboost|p1a: Archaludon|spa|2\n|faint|p2a: Hamadon\n|\n|-weather|Sandstorm|[upkeep]\n|-end|p1a: Archaludon|move: Yawn|[silent]\n|-status|p1a: Archaludon|slp\n|upkeep\n|\n|t:|1776608952\n|switch|p2a: Espathra|Espathra, L50, F|100/100\n|-damage|p2a: Espathra|88/100|[from] Stealth Rock\n|turn|5\n|\n|t:|1776608959\n|switch|p1a: Greninja|Greninja, L50, F|94/100\n|-damage|p1a: Greninja|82/100|[from] Stealth Rock\n|move|p2a: Espathra|Calm Mind|p2a: Espathra\n|-boost|p2a: Espathra|spa|1\n|-boost|p2a: Espathra|spd|1\n|\n|-weather|none\n|-heal|p2a: Espathra|94/100|[from] item: Leftovers\n|-ability|p2a: Espathra|Speed Boost|boost\n|-boost|p2a: Espathra|spe|1\n|upkeep\n|turn|6\n|\n|t:|1776608974\n|detailschange|p1a: Greninja|Greninja-Mega, L50, F\n|-mega|p1a: Greninja|Greninja|Greninjite\n|move|p2a: Espathra|Protect|p2a: Espathra\n|-singleturn|p2a: Espathra|Protect\n|move|p1a: Greninja|Dark Pulse|p2a: Espathra\n|-start|p1a: Greninja|typechange|Dark|[from] ability: Protean\n|-activate|p2a: Espathra|move: Protect\n|\n|-heal|p2a: Espathra|99/100|[from] item: Leftovers\n|-ability|p2a: Espathra|Speed Boost|boost\n|-boost|p2a: Espathra|spe|1\n|upkeep\n|turn|7\n|\n|t:|1776608987\n|move|p2a: Espathra|Baton Pass|p2a: Espathra\n|\n|t:|1776608988\n|switch|p2a: Clefable|Clefable, L50, M|100/100|[from] Baton Pass\n|-damage|p2a: Clefable|88/100|[from] Stealth Rock\n|move|p1a: Greninja|Dark Pulse|p2a: Clefable\n|-resisted|p2a: Clefable|1\n|-damage|p2a: Clefable|74/100\n|\n|upkeep\n|turn|8\n|\n|t:|1776609004\n|switch|p1a: Ceruledge|Ceruledge, L50, M|100/100\n|-damage|p1a: Ceruledge|76/100|[from] Stealth Rock\n|detailschange|p2a: Clefable|Clefable-Mega, L50, M\n|-mega|p2a: Clefable|Clefable|Clefablite\n|move|p2a: Clefable|Flamethrower|p1a: Ceruledge\n|-resisted|p1a: Ceruledge|1\n|-damage|p1a: Ceruledge|54/100\n|\n|upkeep\n|turn|9\n|\n|t:|1776609020\n|move|p2a: Clefable|Cosmic Power|p2a: Clefable\n|-boost|p2a: Clefable|def|1\n|-boost|p2a: Clefable|spd|1\n|move|p1a: Ceruledge|Bitter Blade|p2a: Clefable\n|-damage|p2a: Clefable|52/100\n|-heal|p1a: Ceruledge|68/100|[from] drain|[of] p2a: Clefable\n|\n|upkeep\n|turn|10\n|\n|t:|1776609029\n|move|p2a: Clefable|Cosmic Power|p2a: Clefable\n|-boost|p2a: Clefable|def|1\n|-boost|p2a: Clefable|spd|1\n|move|p1a: Ceruledge|Swords Dance|p1a: Ceruledge\n|-boost|p1a: Ceruledge|atk|2\n|\n|upkeep\n|turn|11\n|\n|t:|1776609036\n|move|p2a: Clefable|Stored Power|p1a: Ceruledge\n|-damage|p1a: Ceruledge|0 fnt\n|faint|p1a: Ceruledge\n|\n|upkeep\n|\n|t:|1776609041\n|switch|p1a: Greninja|Greninja-Mega, L50, F|82/100\n|-damage|p1a: Greninja|70/100|[from] Stealth Rock\n|turn|12\n|\n|t:|1776609047\n|move|p1a: Greninja|Sludge Wave|p2a: Clefable\n|-start|p1a: Greninja|typechange|Poison|[from] ability: Protean\n|-supereffective|p2a: Clefable|1\n|-damage|p2a: Clefable|16/100\n|-status|p2a: Clefable|psn\n|move|p2a: Clefable|Moonlight|p2a: Clefable\n|-heal|p2a: Clefable|66/100 psn\n|\n|-damage|p2a: Clefable|54/100 psn|[from] psn\n|upkeep\n|turn|13\n|\n|t:|1776609062\n|move|p1a: Greninja|Sludge Wave|p2a: Clefable\n|-supereffective|p2a: Clefable|1\n|-damage|p2a: Clefable|21/100 psn\n|move|p2a: Clefable|Stored Power|p1a: Greninja\n|-supereffective|p1a: Greninja|1\n|-damage|p1a: Greninja|0 fnt\n|faint|p1a: Greninja\n|\n|-damage|p2a: Clefable|9/100 psn|[from] psn\n|upkeep\n|\n|t:|1776609072\n|switch|p1a: Archaludon|Archaludon, L50, M|100/100 slp\n|-damage|p1a: Archaludon|94/100 slp|[from] Stealth Rock\n|turn|14\n|\n|t:|1776609078\n|move|p2a: Clefable|Moonlight|p2a: Clefable\n|-heal|p2a: Clefable|59/100 psn\n|cant|p1a: Archaludon|slp\n|\n|-damage|p2a: Clefable|47/100 psn|[from] psn\n|upkeep\n|turn|15\n|\n|t:|1776609087\n|move|p2a: Clefable|Moonlight|p2a: Clefable\n|-heal|p2a: Clefable|97/100 psn\n|-curestatus|p1a: Archaludon|slp|[msg]\n|move|p1a: Archaludon|Flash Cannon|p2a: Clefable\n|-supereffective|p2a: Clefable|1\n|-damage|p2a: Clefable|70/100 psn\n|\n|-damage|p2a: Clefable|57/100 psn|[from] psn\n|upkeep\n|turn|16\n|\n|t:|1776609101\n|move|p2a: Clefable|Flamethrower|p1a: Archaludon\n|-damage|p1a: Archaludon|47/100\n|-status|p1a: Archaludon|brn\n|-ability|p1a: Archaludon|Stamina|boost\n|-boost|p1a: Archaludon|def|1\n|-enditem|p1a: Archaludon|Sitrus Berry|[eat]\n|-heal|p1a: Archaludon|72/100 brn|[from] item: Sitrus Berry\n|move|p1a: Archaludon|Flash Cannon|p2a: Clefable\n|-supereffective|p2a: Clefable|1\n|-damage|p2a: Clefable|28/100 psn\n|\n|-damage|p2a: Clefable|15/100 psn|[from] psn\n|-damage|p1a: Archaludon|66/100 brn|[from] brn\n|upkeep\n|turn|17\n|\n|t:|1776609115\n|move|p2a: Clefable|Moonlight|p2a: Clefable\n|-heal|p2a: Clefable|65/100 psn\n|move|p1a: Archaludon|Flash Cannon|p2a: Clefable\n|-supereffective|p2a: Clefable|1\n|-damage|p2a: Clefable|35/100 psn\n|-unboost|p2a: Clefable|spd|1\n|\n|-damage|p2a: Clefable|22/100 psn|[from] psn\n|-damage|p1a: Archaludon|60/100 brn|[from] brn\n|upkeep\n|turn|18\n|\n|t:|1776609126\n|move|p2a: Clefable|Moonlight|p2a: Clefable\n|-heal|p2a: Clefable|72/100 psn\n|move|p1a: Archaludon|Flash Cannon|p2a: Clefable\n|-supereffective|p2a: Clefable|1\n|-crit|p2a: Clefable\n|-damage|p2a: Clefable|0 fnt\n|faint|p2a: Clefable\n|\n|-damage|p1a: Archaludon|54/100 brn|[from] brn\n|upkeep\n|\n|t:|1776609134\n|switch|p2a: Espathra|Espathra, L50, F|99/100\n|-damage|p2a: Espathra|88/100|[from] Stealth Rock\n|turn|19\n|\n|t:|1776609143\n|move|p2a: Espathra|Protect|p2a: Espathra\n|-singleturn|p2a: Espathra|Protect\n|move|p1a: Archaludon|Thunderbolt|p2a: Espathra\n|-activate|p2a: Espathra|move: Protect\n|\n|-heal|p2a: Espathra|94/100|[from] item: Leftovers\n|-damage|p1a: Archaludon|48/100 brn|[from] brn\n|-ability|p2a: Espathra|Speed Boost|boost\n|-boost|p2a: Espathra|spe|1\n|upkeep\n|turn|20\n|\n|t:|1776609154\n|move|p2a: Espathra|Calm Mind|p2a: Espathra\n|-boost|p2a: Espathra|spa|1\n|-boost|p2a: Espathra|spd|1\n|move|p1a: Archaludon|Thunderbolt|p2a: Espathra\n|-damage|p2a: Espathra|65/100\n|\n|-heal|p2a: Espathra|71/100|[from] item: Leftovers\n|-damage|p1a: Archaludon|42/100 brn|[from] brn\n|-ability|p2a: Espathra|Speed Boost|boost\n|-boost|p2a: Espathra|spe|1\n|upkeep\n|turn|21\n|\n|t:|1776609165\n|move|p2a: Espathra|Protect|p2a: Espathra\n|-singleturn|p2a: Espathra|Protect\n|move|p1a: Archaludon|Thunderbolt|p2a: Espathra\n|-activate|p2a: Espathra|move: Protect\n|\n|-heal|p2a: Espathra|77/100|[from] item: Leftovers\n|-damage|p1a: Archaludon|36/100 brn|[from] brn\n|-ability|p2a: Espathra|Speed Boost|boost\n|-boost|p2a: Espathra|spe|1\n|upkeep\n|turn|22\n|-message|chh123456 forfeited.\n|\n|win|joguri\n|raw|chh123456's rating: 1070 &rarr; <strong>1054</strong><br />(-16 for losing)\n|raw|joguri's rating: 1151 &rarr; <strong>1170</strong><br />(+19 for winning)\n|l|\u2606chh123456\n|player|p1|\n",
  "uploadtime": 1776609174,
  "views": 1,
  "formatid": "gen9championsbssregma",
  "rating": 1054,
  "private": 0,
  "password": null
}