{
  "id": "gen9championsbssregma-2581200162",
  "format": "[Gen 9 Champions] BSS Reg M-A",
  "players": [
    "aram1017",
    "ray_game0"
  ],
  "log": "|j|\u2606aram1017\n|j|\u2606ray_game0\n|t:|1775969994\n|gametype|singles\n|player|p1|aram1017|266|1012\n|player|p2|ray_game0|hiker-gen4|1000\n|gen|9\n|tier|[Gen 9 Champions] BSS Reg M-A\n|rated|\n|rule|Species Clause: Limit one of each Pok\u00e9mon\n|rule|Item Clause: Limit 1 of each item\n|clearpoke\n|poke|p1|Garchomp, L50, F|\n|poke|p1|Aegislash, L50, F|\n|poke|p1|Archaludon, L50, F|\n|poke|p1|Palafin, L50, F|\n|poke|p1|Starmie, L50|\n|poke|p1|Umbreon, L50, F|\n|poke|p2|Clefable, L50, M|\n|poke|p2|Garchomp, L50, F|\n|poke|p2|Hippowdon, L50, F|\n|teampreview|3\n|\n|t:|1775970020\n|teamsize|p1|3\n|teamsize|p2|3\n|start\n|switch|p1a: Palafin|Palafin, L50, F, shiny|100/100\n|switch|p2a: Hippowdon|Hippowdon, L50, F|100/100\n|-weather|Sandstorm|[from] ability: Sand Stream|[of] p2a: Hippowdon\n|turn|1\n|\n|t:|1775970052\n|move|p1a: Palafin|Flip Turn|p2a: Hippowdon\n|-supereffective|p2a: Hippowdon|1\n|-damage|p2a: Hippowdon|75/100\n|\n|t:|1775970059\n|detailschange|p1a: Palafin|Palafin-Hero, L50, F, shiny\n|switch|p1a: Umbreon|Umbreon, L50, F, shiny|100/100|[from] Flip Turn\n|move|p2a: Hippowdon|Stealth Rock|p1a: Umbreon\n|-sidestart|p1: aram1017|move: Stealth Rock\n|\n|-weather|Sandstorm|[upkeep]\n|-damage|p1a: Umbreon|95/100|[from] Sandstorm\n|upkeep\n|turn|2\n|\n|t:|1775970069\n|move|p1a: Umbreon|Yawn|p2a: Hippowdon\n|-start|p2a: Hippowdon|move: Yawn|[of] p1a: Umbreon\n|move|p2a: Hippowdon|Yawn|p1a: Umbreon\n|-start|p1a: Umbreon|move: Yawn|[of] p2a: Hippowdon\n|\n|-weather|Sandstorm|[upkeep]\n|-damage|p1a: Umbreon|89/100|[from] Sandstorm\n|upkeep\n|turn|3\n|\n|t:|1775970113\n|switch|p1a: Palafin|Palafin-Hero, L50, F, shiny|100/100\n|-damage|p1a: Palafin|88/100|[from] Stealth Rock\n|-activate|p1a: Palafin|ability: Zero to Hero\n|move|p2a: Hippowdon|Yawn|p1a: Palafin\n|-start|p1a: Palafin|move: Yawn|[of] p2a: Hippowdon\n|\n|-weather|Sandstorm|[upkeep]\n|-damage|p1a: Palafin|83/100|[from] Sandstorm\n|-end|p2a: Hippowdon|move: Yawn|[silent]\n|-status|p2a: Hippowdon|slp\n|upkeep\n|turn|4\n|\n|t:|1775970131\n|move|p1a: Palafin|Flip Turn|p2a: Hippowdon\n|-supereffective|p2a: Hippowdon|1\n|-damage|p2a: Hippowdon|33/100 slp\n|-enditem|p2a: Hippowdon|Sitrus Berry|[eat]\n|-heal|p2a: Hippowdon|57/100 slp|[from] item: Sitrus Berry\n|\n|t:|1775970136\n|switch|p1a: Umbreon|Umbreon, L50, F, shiny|89/100|[from] Flip Turn\n|-damage|p1a: Umbreon|76/100|[from] Stealth Rock\n|cant|p2a: Hippowdon|slp\n|\n|-weather|Sandstorm|[upkeep]\n|-damage|p1a: Umbreon|70/100|[from] Sandstorm\n|upkeep\n|turn|5\n|\n|t:|1775970147\n|move|p1a: Umbreon|Foul Play|p2a: Hippowdon\n|-damage|p2a: Hippowdon|36/100 slp\n|cant|p2a: Hippowdon|slp\n|\n|-weather|none\n|upkeep\n|turn|6\n|\n|t:|1775970155\n|move|p1a: Umbreon|Wish|p1a: Umbreon\n|-curestatus|p2a: Hippowdon|slp|[msg]\n|move|p2a: Hippowdon|Yawn|p1a: Umbreon\n|-start|p1a: Umbreon|move: Yawn|[of] p2a: Hippowdon\n|\n|upkeep\n|turn|7\n|\n|t:|1775970168\n|switch|p1a: Palafin|Palafin-Hero, L50, F, shiny|83/100\n|-damage|p1a: Palafin|71/100|[from] Stealth Rock\n|move|p2a: Hippowdon|Yawn|p1a: Palafin\n|-start|p1a: Palafin|move: Yawn|[of] p2a: Hippowdon\n|\n|-heal|p1a: Palafin|100/100|[from] move: Wish|[wisher] Umbreon\n|upkeep\n|turn|8\n|\n|t:|1775970178\n|move|p1a: Palafin|Flip Turn|p2a: Hippowdon\n|-supereffective|p2a: Hippowdon|1\n|-damage|p2a: Hippowdon|0 fnt\n|faint|p2a: Hippowdon\n|\n|t:|1775970182\n|switch|p1a: Umbreon|Umbreon, L50, F, shiny|70/100|[from] Flip Turn\n|-damage|p1a: Umbreon|58/100|[from] Stealth Rock\n|\n|upkeep\n|\n|t:|1775970188\n|switch|p2a: Garchomp|Garchomp, L50, F|100/100\n|turn|9\n|\n|t:|1775970200\n|move|p2a: Garchomp|Outrage|p1a: Umbreon\n|-damage|p1a: Umbreon|25/100\n|move|p1a: Umbreon|Wish|p1a: Umbreon\n|\n|upkeep\n|turn|10\n|\n|t:|1775970206\n|move|p1a: Umbreon|Protect|p1a: Umbreon\n|-singleturn|p1a: Umbreon|Protect\n|move|p2a: Garchomp|Outrage|p1a: Umbreon|[from] lockedmove\n|-activate|p1a: Umbreon|move: Protect\n|\n|-heal|p1a: Umbreon|75/100|[from] move: Wish|[wisher] Umbreon\n|upkeep\n|turn|11\n|\n|t:|1775970218\n|move|p2a: Garchomp|Iron Head|p1a: Umbreon\n|-damage|p1a: Umbreon|58/100\n|move|p1a: Umbreon|Wish|p1a: Umbreon\n|\n|upkeep\n|turn|12\n|\n|t:|1775970224\n|switch|p2a: Clefable|Clefable, L50, M|100/100\n|move|p1a: Umbreon|Protect||[still]\n|-fail|p1a: Umbreon\n|\n|-heal|p1a: Umbreon|100/100|[from] move: Wish|[wisher] Umbreon\n|upkeep\n|turn|13\n|\n|t:|1775970235\n|move|p1a: Umbreon|Yawn|p2a: Clefable\n|-start|p2a: Clefable|move: Yawn|[of] p1a: Umbreon\n|move|p2a: Clefable|Cosmic Power|p2a: Clefable\n|-boost|p2a: Clefable|def|1\n|-boost|p2a: Clefable|spd|1\n|\n|upkeep\n|turn|14\n|\n|t:|1775970245\n|switch|p1a: Starmie|Starmie, L50, shiny|100/100\n|-damage|p1a: Starmie|88/100|[from] Stealth Rock\n|move|p2a: Clefable|Cosmic Power|p2a: Clefable\n|-boost|p2a: Clefable|def|1\n|-boost|p2a: Clefable|spd|1\n|\n|-end|p2a: Clefable|move: Yawn|[silent]\n|-status|p2a: Clefable|slp\n|upkeep\n|turn|15\n|\n|t:|1775970261\n|detailschange|p1a: Starmie|Starmie-Mega, L50, shiny\n|-mega|p1a: Starmie|Starmie|Starminite\n|move|p1a: Starmie|Liquidation|p2a: Clefable\n|-damage|p2a: Clefable|69/100 slp\n|cant|p2a: Clefable|slp\n|\n|-heal|p2a: Clefable|75/100 slp|[from] item: Leftovers\n|upkeep\n|turn|16\n|\n|t:|1775970271\n|move|p1a: Starmie|Liquidation|p2a: Clefable\n|-damage|p2a: Clefable|42/100 slp\n|cant|p2a: Clefable|slp\n|\n|-heal|p2a: Clefable|48/100 slp|[from] item: Leftovers\n|upkeep\n|turn|17\n|\n|t:|1775970281\n|move|p1a: Starmie|Liquidation|p2a: Clefable\n|-damage|p2a: Clefable|13/100 slp\n|-curestatus|p2a: Clefable|slp|[msg]\n|move|p2a: Clefable|Moonlight|p2a: Clefable\n|-heal|p2a: Clefable|63/100\n|\n|-heal|p2a: Clefable|69/100|[from] item: Leftovers\n|upkeep\n|turn|18\n|\n|t:|1775970291\n|move|p1a: Starmie|Liquidation|p2a: Clefable\n|-damage|p2a: Clefable|37/100\n|move|p2a: Clefable|Cosmic Power|p2a: Clefable\n|-boost|p2a: Clefable|def|1\n|-boost|p2a: Clefable|spd|1\n|\n|-heal|p2a: Clefable|43/100|[from] item: Leftovers\n|upkeep\n|turn|19\n|\n|t:|1775970302\n|move|p1a: Starmie|Flip Turn|p2a: Clefable\n|-damage|p2a: Clefable|22/100\n|\n|t:|1775970306\n|switch|p1a: Umbreon|Umbreon, L50, F, shiny|100/100|[from] Flip Turn\n|-damage|p1a: Umbreon|88/100|[from] Stealth Rock\n|move|p2a: Clefable|Moonlight|p2a: Clefable\n|-heal|p2a: Clefable|72/100\n|\n|-heal|p2a: Clefable|78/100|[from] item: Leftovers\n|upkeep\n|turn|20\n|\n|t:|1775970318\n|move|p1a: Umbreon|Yawn|p2a: Clefable\n|-start|p2a: Clefable|move: Yawn|[of] p1a: Umbreon\n|move|p2a: Clefable|Charge Beam|p1a: Umbreon\n|-damage|p1a: Umbreon|81/100\n|\n|-heal|p2a: Clefable|84/100|[from] item: Leftovers\n|upkeep\n|turn|21\n|\n|t:|1775970328\n|switch|p1a: Starmie|Starmie-Mega, L50, shiny|88/100\n|-damage|p1a: Starmie|76/100|[from] Stealth Rock\n|move|p2a: Clefable|Charge Beam|p1a: Starmie\n|-supereffective|p1a: Starmie|1\n|-damage|p1a: Starmie|47/100\n|-boost|p2a: Clefable|spa|1\n|\n|-heal|p2a: Clefable|90/100|[from] item: Leftovers\n|-end|p2a: Clefable|move: Yawn|[silent]\n|-status|p2a: Clefable|slp\n|upkeep\n|turn|22\n|\n|t:|1775970345\n|move|p1a: Starmie|Liquidation|p2a: Clefable\n|-damage|p2a: Clefable|63/100 slp\n|cant|p2a: Clefable|slp\n|\n|-heal|p2a: Clefable|69/100 slp|[from] item: Leftovers\n|upkeep\n|turn|23\n|\n|t:|1775970353\n|move|p1a: Starmie|Liquidation|p2a: Clefable\n|-damage|p2a: Clefable|43/100 slp\n|cant|p2a: Clefable|slp\n|\n|-heal|p2a: Clefable|49/100 slp|[from] item: Leftovers\n|upkeep\n|turn|24\n|\n|t:|1775970364\n|move|p1a: Starmie|Liquidation|p2a: Clefable\n|-damage|p2a: Clefable|20/100 slp\n|-unboost|p2a: Clefable|def|1\n|-curestatus|p2a: Clefable|slp|[msg]\n|move|p2a: Clefable|Moonlight|p2a: Clefable\n|-heal|p2a: Clefable|70/100\n|\n|-heal|p2a: Clefable|76/100|[from] item: Leftovers\n|upkeep\n|turn|25\n|\n|t:|1775970376\n|move|p1a: Starmie|Flip Turn|p2a: Clefable\n|-damage|p2a: Clefable|52/100\n|\n|t:|1775970382\n|switch|p1a: Umbreon|Umbreon, L50, F, shiny|81/100|[from] Flip Turn\n|-damage|p1a: Umbreon|68/100|[from] Stealth Rock\n|move|p2a: Clefable|Cosmic Power|p2a: Clefable\n|-boost|p2a: Clefable|def|1\n|-boost|p2a: Clefable|spd|1\n|\n|-heal|p2a: Clefable|58/100|[from] item: Leftovers\n|upkeep\n|turn|26\n|\n|t:|1775970397\n|move|p1a: Umbreon|Yawn|p2a: Clefable\n|-start|p2a: Clefable|move: Yawn|[of] p1a: Umbreon\n|move|p2a: Clefable|Cosmic Power|p2a: Clefable\n|-boost|p2a: Clefable|def|1\n|-boost|p2a: Clefable|spd|1\n|\n|-heal|p2a: Clefable|64/100|[from] item: Leftovers\n|upkeep\n|turn|27\n|\n|t:|1775970411\n|move|p1a: Umbreon|Wish|p1a: Umbreon\n|move|p2a: Clefable|Charge Beam|p1a: Umbreon\n|-damage|p1a: Umbreon|58/100\n|-boost|p2a: Clefable|spa|1\n|\n|-heal|p2a: Clefable|70/100|[from] item: Leftovers\n|-end|p2a: Clefable|move: Yawn|[silent]\n|-status|p2a: Clefable|slp\n|upkeep\n|turn|28\n|j| carbinkispeak\n|l| carbinkispeak\n|\n|t:|1775970430\n|switch|p1a: Starmie|Starmie-Mega, L50, shiny|47/100\n|-damage|p1a: Starmie|34/100|[from] Stealth Rock\n|cant|p2a: Clefable|slp\n|\n|-heal|p1a: Starmie|100/100|[from] move: Wish|[wisher] Umbreon\n|-heal|p2a: Clefable|76/100 slp|[from] item: Leftovers\n|upkeep\n|turn|29\n|\n|t:|1775970441\n|move|p1a: Starmie|Liquidation|p2a: Clefable\n|-damage|p2a: Clefable|53/100 slp\n|-curestatus|p2a: Clefable|slp|[msg]\n|move|p2a: Clefable|Cosmic Power|p2a: Clefable\n|-boost|p2a: Clefable|def|1\n|-boost|p2a: Clefable|spd|1\n|\n|-heal|p2a: Clefable|59/100|[from] item: Leftovers\n|upkeep\n|turn|30\n|\n|t:|1775970463\n|move|p1a: Starmie|Liquidation|p2a: Clefable\n|-damage|p2a: Clefable|38/100\n|-unboost|p2a: Clefable|def|1\n|move|p2a: Clefable|Charge Beam|p1a: Starmie\n|-supereffective|p1a: Starmie|1\n|-damage|p1a: Starmie|49/100\n|-boost|p2a: Clefable|spa|1\n|\n|-heal|p2a: Clefable|44/100|[from] item: Leftovers\n|upkeep\n|turn|31\n|\n|t:|1775970473\n|move|p1a: Starmie|Liquidation|p2a: Clefable\n|-damage|p2a: Clefable|21/100\n|move|p2a: Clefable|Moonlight|p2a: Clefable\n|-heal|p2a: Clefable|71/100\n|\n|-heal|p2a: Clefable|77/100|[from] item: Leftovers\n|upkeep\n|turn|32\n|\n|t:|1775970484\n|move|p1a: Starmie|Flip Turn|p2a: Clefable\n|-damage|p2a: Clefable|59/100\n|\n|t:|1775970489\n|switch|p1a: Umbreon|Umbreon, L50, F, shiny|58/100|[from] Flip Turn\n|-damage|p1a: Umbreon|46/100|[from] Stealth Rock\n|move|p2a: Clefable|Charge Beam|p1a: Umbreon\n|-damage|p1a: Umbreon|27/100\n|-boost|p2a: Clefable|spa|1\n|\n|-heal|p2a: Clefable|65/100|[from] item: Leftovers\n|upkeep\n|turn|33\n|\n|t:|1775970508\n|move|p1a: Umbreon|Wish|p1a: Umbreon\n|move|p2a: Clefable|Charge Beam|p1a: Umbreon\n|-damage|p1a: Umbreon|5/100\n|\n|-heal|p2a: Clefable|71/100|[from] item: Leftovers\n|upkeep\n|turn|34\n|\n|t:|1775970524\n|move|p1a: Umbreon|Protect|p1a: Umbreon\n|-singleturn|p1a: Umbreon|Protect\n|move|p2a: Clefable|Cosmic Power|p2a: Clefable\n|-boost|p2a: Clefable|def|1\n|-boost|p2a: Clefable|spd|0\n|\n|-heal|p1a: Umbreon|55/100|[from] move: Wish|[wisher] Umbreon\n|-heal|p2a: Clefable|77/100|[from] item: Leftovers\n|upkeep\n|turn|35\n|inactive|Battle timer is ON: inactive players will automatically lose when time's up. (requested by ray_game0)\n|inactive|aram1017 has 60 seconds left.\n|l|\u2606aram1017\n|inactive|aram1017 disconnected and has a minute to reconnect!\n|player|p1|\n|j|\u2606aram1017\n|inactive|aram1017 reconnected and has 50 seconds left.\n|player|p1|aram1017|266|\n|l|\u2606aram1017\n|inactive|aram1017 disconnected and has a minute to reconnect!\n|player|p1|\n|j|\u2606aram1017\n|inactive|aram1017 reconnected and has 40 seconds left.\n|player|p1|aram1017|266|\n|inactive|aram1017 has 30 seconds left.\n|inactive|aram1017 has 20 seconds left.\n|inactive|aram1017 has 15 seconds left.\n|inactive|aram1017 has 10 seconds left.\n|inactive|aram1017 has 5 seconds left.\n|\n|t:|1775970703\n|move|p1a: Umbreon|Foul Play|p2a: Clefable\n|-resisted|p2a: Clefable|1\n|-damage|p2a: Clefable|74/100\n|move|p2a: Clefable|Charge Beam|p1a: Umbreon\n|-damage|p1a: Umbreon|35/100\n|-boost|p2a: Clefable|spa|1\n|\n|-heal|p2a: Clefable|80/100|[from] item: Leftovers\n|upkeep\n|turn|36\n|inactive|aram1017 has 30 seconds left.\n|inactive|aram1017 has 20 seconds left.\n|inactive|aram1017 has 15 seconds left.\n|inactive|aram1017 has 10 seconds left.\n|inactive|aram1017 has 5 seconds left.\n|\n|t:|1775970758\n|move|p1a: Umbreon|Foul Play|p2a: Clefable\n|-resisted|p2a: Clefable|1\n|-damage|p2a: Clefable|77/100\n|move|p2a: Clefable|Charge Beam|p1a: Umbreon\n|-damage|p1a: Umbreon|12/100\n|-boost|p2a: Clefable|spa|1\n|\n|-heal|p2a: Clefable|83/100|[from] item: Leftovers\n|upkeep\n|turn|37\n|inactive|aram1017 has 30 seconds left.\n|inactive|aram1017 has 20 seconds left.\n|inactive|aram1017 has 15 seconds left.\n|inactive|aram1017 has 10 seconds left.\n|inactive|aram1017 has 5 seconds left.\n|\n|t:|1775970813\n|move|p1a: Umbreon|Foul Play|p2a: Clefable\n|-resisted|p2a: Clefable|1\n|-damage|p2a: Clefable|81/100\n|move|p2a: Clefable|Charge Beam|p1a: Umbreon\n|-damage|p1a: Umbreon|0 fnt\n|faint|p1a: Umbreon\n|\n|-heal|p2a: Clefable|87/100|[from] item: Leftovers\n|upkeep\n|inactive|aram1017 has 30 seconds left.\n|inactive|aram1017 has 20 seconds left.\n|inactive|aram1017 has 15 seconds left.\n|inactive|aram1017 has 10 seconds left.\n|inactive|aram1017 has 5 seconds left.\n|\n|t:|1775970868\n|switch|p1a: Palafin|Palafin-Hero, L50, F, shiny|100/100\n|-damage|p1a: Palafin|88/100|[from] Stealth Rock\n|turn|38\n|inactive|aram1017 has 30 seconds left.\n|inactive|aram1017 has 20 seconds left.\n|inactive|aram1017 has 15 seconds left.\n|inactive|aram1017 has 10 seconds left.\n|inactive|aram1017 has 5 seconds left.\n|\n|t:|1775970924\n|move|p1a: Palafin|Flip Turn|p2a: Clefable\n|-damage|p2a: Clefable|76/100\n|inactive|aram1017 has 30 seconds left.\n|inactive|aram1017 has 20 seconds left.\n|inactive|aram1017 has 15 seconds left.\n|inactive|aram1017 has 10 seconds left.\n|inactive|aram1017 has 5 seconds left.\n|\n|t:|1775970979\n|switch|p1a: Starmie|Starmie-Mega, L50, shiny|49/100|[from] Flip Turn\n|-damage|p1a: Starmie|37/100|[from] Stealth Rock\n|move|p2a: Clefable|Charge Beam|p1a: Starmie\n|-supereffective|p1a: Starmie|1\n|-damage|p1a: Starmie|0 fnt\n|faint|p1a: Starmie\n|\n|-heal|p2a: Clefable|82/100|[from] item: Leftovers\n|upkeep\n|inactive|aram1017 has 30 seconds left.\n|inactive|aram1017 has 20 seconds left.\n|inactive|aram1017 has 15 seconds left.\n|inactive|aram1017 has 10 seconds left.\n|inactive|aram1017 has 5 seconds left.\n|\n|t:|1775971034\n|switch|p1a: Palafin|Palafin-Hero, L50, F, shiny|88/100\n|-damage|p1a: Palafin|76/100|[from] Stealth Rock\n|turn|39\n|inactive|aram1017 has 30 seconds left.\n|inactive|aram1017 has 20 seconds left.\n|inactive|aram1017 has 15 seconds left.\n|inactive|aram1017 has 10 seconds left.\n|inactive|aram1017 has 5 seconds left.\n|\n|t:|1775971089\n|move|p1a: Palafin|Flip Turn|p2a: Clefable\n|-damage|p2a: Clefable|72/100\n|move|p2a: Clefable|Charge Beam|p1a: Palafin\n|-supereffective|p1a: Palafin|1\n|-damage|p1a: Palafin|0 fnt\n|faint|p1a: Palafin\n|\n|win|ray_game0\n",
  "uploadtime": 1775969998,
  "views": 10,
  "formatid": "gen9championsbssregma",
  "rating": null,
  "private": 0,
  "password": null
}