{
  "id": "gen9championsbssregma-2586246726",
  "format": "[Gen 9 Champions] BSS Reg M-A",
  "players": [
    "yoursodapop",
    "Bbbkty"
  ],
  "log": "|j|\u2606yoursodapop\n|j|\u2606Bbbkty\n|t:|1776416951\n|gametype|singles\n|player|p1|yoursodapop|170|1117\n|player|p2|Bbbkty|2|1037\n|gen|9\n|tier|[Gen 9 Champions] BSS Reg M-A\n|rated|\n|rule|Species Clause: Limit one of each Pok\u00e9mon\n|rule|Item Clause: Limit 1 of each item\n|clearpoke\n|poke|p1|Delphox, L50, M|\n|poke|p1|Primarina, L50, F|\n|poke|p1|Rotom-Wash, L50|\n|poke|p1|Kleavor, L50, F|\n|poke|p1|Garchomp, L50, M|\n|poke|p1|Kingambit, L50, F|\n|poke|p2|Clefable, L50, M|\n|poke|p2|Charizard, L50, M|\n|poke|p2|Mimikyu, L50, M|\n|poke|p2|Kingambit, L50, M|\n|poke|p2|Espathra, L50, F|\n|poke|p2|Glimmora, L50, M|\n|teampreview|3\n|inactive|Battle timer is ON: inactive players will automatically lose when time's up. (requested by yoursodapop)\n|\n|t:|1776416973\n|teamsize|p1|3\n|teamsize|p2|3\n|start\n|switch|p1a: \uc0ac\ub9c8\uc790\ub974|Kleavor, L50, F|100/100\n|switch|p2a: Glimmora|Glimmora, L50, M, shiny|100/100\n|turn|1\n|\n|t:|1776416982\n|move|p1a: \uc0ac\ub9c8\uc790\ub974|Stone Axe|p2a: Glimmora\n|-damage|p2a: Glimmora|48/100\n|-activate|p2a: Glimmora|ability: Toxic Debris\n|-sidestart|p1: yoursodapop|move: Toxic Spikes\n|-sidestart|p2: Bbbkty|move: Stealth Rock\n|move|p2a: Glimmora|Stealth Rock|p1a: \uc0ac\ub9c8\uc790\ub974\n|-sidestart|p1: yoursodapop|move: Stealth Rock\n|\n|upkeep\n|turn|2\n|\n|t:|1776416989\n|move|p1a: \uc0ac\ub9c8\uc790\ub974|Stone Axe|p2a: Glimmora\n|-damage|p2a: Glimmora|0 fnt\n|-activate|p2a: Glimmora|ability: Toxic Debris\n|-sidestart|p1: yoursodapop|move: Toxic Spikes\n|faint|p2a: Glimmora\n|\n|upkeep\n|\n|t:|1776416994\n|switch|p2a: Espathra|Espathra, L50, F, shiny|100/100\n|-damage|p2a: Espathra|88/100|[from] Stealth Rock\n|turn|3\n|\n|t:|1776416998\n|move|p2a: Espathra|Protect|p2a: Espathra\n|-singleturn|p2a: Espathra|Protect\n|move|p1a: \uc0ac\ub9c8\uc790\ub974|Stone Axe|p2a: Espathra\n|-activate|p2a: Espathra|move: Protect\n|\n|-ability|p2a: Espathra|Speed Boost|boost\n|-boost|p2a: Espathra|spe|1\n|upkeep\n|turn|4\n|\n|t:|1776417003\n|switch|p1a: \ub300\ub3c4\uac01\ucc38|Kingambit, L50, F|100/100\n|-damage|p1a: \ub300\ub3c4\uac01\ucc38|95/100|[from] Stealth Rock\n|move|p2a: Espathra|Baton Pass|p2a: Espathra\n|\n|t:|1776417005\n|switch|p2a: Clefable|Clefable, L50, M, shiny|100/100|[from] Baton Pass\n|-damage|p2a: Clefable|88/100|[from] Stealth Rock\n|\n|upkeep\n|turn|5\n|\n|t:|1776417009\n|detailschange|p2a: Clefable|Clefable-Mega, L50, M, shiny\n|-mega|p2a: Clefable|Clefable|Clefablite\n|move|p2a: Clefable|Cosmic Power|p2a: Clefable\n|-boost|p2a: Clefable|def|1\n|-boost|p2a: Clefable|spd|1\n|move|p1a: \ub300\ub3c4\uac01\ucc38|Swords Dance|p1a: \ub300\ub3c4\uac01\ucc38\n|-boost|p1a: \ub300\ub3c4\uac01\ucc38|atk|2\n|\n|upkeep\n|turn|6\n|\n|t:|1776417019\n|move|p2a: Clefable|Moonblast|p1a: \ub300\ub3c4\uac01\ucc38\n|-crit|p1a: \ub300\ub3c4\uac01\ucc38\n|-damage|p1a: \ub300\ub3c4\uac01\ucc38|32/100\n|move|p1a: \ub300\ub3c4\uac01\ucc38|Swords Dance|p1a: \ub300\ub3c4\uac01\ucc38\n|-boost|p1a: \ub300\ub3c4\uac01\ucc38|atk|2\n|\n|upkeep\n|turn|7\n|\n|t:|1776417025\n|move|p2a: Clefable|Moonblast|p1a: \ub300\ub3c4\uac01\ucc38\n|-damage|p1a: \ub300\ub3c4\uac01\ucc38|0 fnt\n|faint|p1a: \ub300\ub3c4\uac01\ucc38\n|-end|p1a: \ub300\ub3c4\uac01\ucc38|fallenundefined|[silent]\n|\n|upkeep\n|\n|t:|1776417028\n|switch|p1a: \uc0ac\ub9c8\uc790\ub974|Kleavor, L50, F|100/100\n|-status|p1a: \uc0ac\ub9c8\uc790\ub974|tox\n|-damage|p1a: \uc0ac\ub9c8\uc790\ub974|76/100 tox|[from] Stealth Rock\n|turn|8\n|\n|t:|1776417037\n|move|p1a: \uc0ac\ub9c8\uc790\ub974|Stone Axe|p2a: Clefable\n|-supereffective|p2a: Clefable|1\n|-damage|p2a: Clefable|38/100\n|move|p2a: Clefable|Cosmic Power|p2a: Clefable\n|-boost|p2a: Clefable|def|1\n|-boost|p2a: Clefable|spd|1\n|\n|-damage|p1a: \uc0ac\ub9c8\uc790\ub974|70/100 tox|[from] psn\n|upkeep\n|turn|9\n|\n|t:|1776417040\n|move|p1a: \uc0ac\ub9c8\uc790\ub974|Stone Axe|p2a: Clefable\n|-supereffective|p2a: Clefable|1\n|-damage|p2a: Clefable|2/100\n|move|p2a: Clefable|Moonblast|p1a: \uc0ac\ub9c8\uc790\ub974\n|-damage|p1a: \uc0ac\ub9c8\uc790\ub974|0 fnt\n|faint|p1a: \uc0ac\ub9c8\uc790\ub974\n|\n|upkeep\n|\n|t:|1776417043\n|switch|p1a: \ub204\ub9ac\ub808\ub290|Primarina, L50, F|100/100\n|-status|p1a: \ub204\ub9ac\ub808\ub290|tox\n|-damage|p1a: \ub204\ub9ac\ub808\ub290|88/100 tox|[from] Stealth Rock\n|turn|10\n|\n|t:|1776417050\n|move|p2a: Clefable|Moonlight|p2a: Clefable\n|-heal|p2a: Clefable|52/100\n|move|p1a: \ub204\ub9ac\ub808\ub290|Sparkling Aria|p2a: Clefable\n|-damage|p2a: Clefable|31/100\n|\n|-heal|p1a: \ub204\ub9ac\ub808\ub290|94/100 tox|[from] item: Leftovers\n|-damage|p1a: \ub204\ub9ac\ub808\ub290|88/100 tox|[from] psn\n|upkeep\n|turn|11\n|-message|yoursodapop forfeited.\n|\n|win|Bbbkty\n|raw|yoursodapop's rating: 1117 &rarr; <strong>1086</strong><br />(-31 for losing)\n|raw|Bbbkty's rating: 1037 &rarr; <strong>1079</strong><br />(+42 for winning)\n|l|\u2606yoursodapop\n|player|p1|\n",
  "uploadtime": 1776417056,
  "views": 2,
  "formatid": "gen9championsbssregma",
  "rating": 1079,
  "private": 0,
  "password": null
}