{
  "id": "gen9championsbssregma-2584016395",
  "format": "[Gen 9 Champions] BSS Reg M-A",
  "players": [
    "tomdog9527",
    "drakthosdk7"
  ],
  "log": "|j|\u2606tomdog9527\n|j|\u2606drakthosdk7\n|t:|1776217059\n|gametype|singles\n|player|p1|tomdog9527|169|1200\n|player|p2|drakthosdk7|red|1268\n|gen|9\n|tier|[Gen 9 Champions] BSS Reg M-A\n|rated|\n|rule|Species Clause: Limit one of each Pok\u00e9mon\n|rule|Item Clause: Limit 1 of each item\n|clearpoke\n|poke|p1|Polteageist, L50|\n|poke|p1|Meowscarada, L50, F|\n|poke|p1|Corviknight, L50, M|\n|poke|p1|Basculegion, L50, M|\n|poke|p1|Garchomp, L50, M|\n|poke|p1|Clefable, L50, M|\n|poke|p2|Mamoswine, L50, M|\n|poke|p2|Dragonite, L50, F|\n|poke|p2|Aegislash, L50, M|\n|poke|p2|Tyranitar, L50, F|\n|poke|p2|Alakazam, L50, F|\n|poke|p2|Primarina, L50, F|\n|teampreview|3\n|inactive|Battle timer is ON: inactive players will automatically lose when time's up. (requested by drakthosdk7)\n|inactive|tomdog9527 has 60 seconds left.\n|\n|t:|1776217108\n|teamsize|p1|3\n|teamsize|p2|3\n|start\n|switch|p1a: Polteageist|Polteageist, L50|100/100\n|switch|p2a: Dragonite|Dragonite, L50, F|100/100\n|turn|1\n|\n|t:|1776217116\n|move|p2a: Dragonite|Outrage|p1a: Polteageist\n|-damage|p1a: Polteageist|30/100\n|-ability|p1a: Polteageist|Weak Armor|boost\n|-unboost|p1a: Polteageist|def|1\n|-boost|p1a: Polteageist|spe|2\n|-enditem|p1a: Polteageist|White Herb\n|-clearnegativeboost|p1a: Polteageist|[silent]\n|move|p1a: Polteageist|Shell Smash|p1a: Polteageist\n|-unboost|p1a: Polteageist|def|1\n|-unboost|p1a: Polteageist|spd|1\n|-boost|p1a: Polteageist|atk|2\n|-boost|p1a: Polteageist|spa|2\n|-boost|p1a: Polteageist|spe|2\n|\n|upkeep\n|turn|2\n|\n|t:|1776217132\n|move|p1a: Polteageist|Baton Pass|p1a: Polteageist\n|\n|t:|1776217134\n|switch|p1a: Clefable|Clefable, L50, M|100/100|[from] Baton Pass\n|move|p2a: Dragonite|Outrage|p1a: Clefable|[from] lockedmove\n|-immune|p1a: Clefable\n|\n|upkeep\n|turn|3\n|\n|t:|1776217152\n|switch|p2a: Aegislash|Aegislash, L50, M|100/100\n|detailschange|p1a: Clefable|Clefable-Mega, L50, M\n|-mega|p1a: Clefable|Clefable|Clefablite\n|move|p1a: Clefable|Cosmic Power|p1a: Clefable\n|-boost|p1a: Clefable|def|1\n|-boost|p1a: Clefable|spd|1\n|\n|upkeep\n|turn|4\n|\n|t:|1776217161\n|move|p1a: Clefable|Cosmic Power|p1a: Clefable\n|-boost|p1a: Clefable|def|1\n|-boost|p1a: Clefable|spd|1\n|-formechange|p2a: Aegislash|Aegislash-Blade|\n|move|p2a: Aegislash|Iron Head|p1a: Clefable\n|-supereffective|p1a: Clefable|1\n|-damage|p1a: Clefable|59/100\n|\n|upkeep\n|turn|5\n|\n|t:|1776217171\n|switch|p2a: Mamoswine|Mamoswine, L50, M|100/100\n|move|p1a: Clefable|Cosmic Power|p1a: Clefable\n|-boost|p1a: Clefable|def|1\n|-boost|p1a: Clefable|spd|1\n|\n|upkeep\n|turn|6\n|\n|t:|1776217179\n|move|p1a: Clefable|Stored Power|p2a: Mamoswine\n|-enditem|p2a: Mamoswine|Focus Sash\n|-damage|p2a: Mamoswine|1/100\n|move|p2a: Mamoswine|Icicle Crash|p1a: Clefable\n|-supereffective|p1a: Clefable|1\n|-damage|p1a: Clefable|23/100\n|\n|upkeep\n|turn|7\n|\n|t:|1776217187\n|move|p2a: Mamoswine|Ice Shard|p1a: Clefable\n|-supereffective|p1a: Clefable|1\n|-damage|p1a: Clefable|7/100\n|move|p1a: Clefable|Moonlight|p1a: Clefable\n|-heal|p1a: Clefable|57/100\n|\n|upkeep\n|turn|8\n|\n|t:|1776217195\n|move|p1a: Clefable|Cosmic Power|p1a: Clefable\n|-boost|p1a: Clefable|def|1\n|-boost|p1a: Clefable|spd|1\n|move|p2a: Mamoswine|Endeavor|p1a: Clefable\n|-damage|p1a: Clefable|1/100\n|\n|upkeep\n|turn|9\n|\n|t:|1776217209\n|switch|p1a: Polteageist|Polteageist, L50|30/100\n|move|p2a: Mamoswine|Ice Shard|p1a: Polteageist\n|-damage|p1a: Polteageist|7/100\n|-ability|p1a: Polteageist|Weak Armor|boost\n|-unboost|p1a: Polteageist|def|1\n|-boost|p1a: Polteageist|spe|2\n|\n|upkeep\n|turn|10\n|\n|t:|1776217223\n|move|p2a: Mamoswine|Ice Shard|p1a: Polteageist\n|-damage|p1a: Polteageist|0 fnt\n|faint|p1a: Polteageist\n|\n|upkeep\n|\n|t:|1776217227\n|switch|p1a: Meowscarada|Meowscarada, L50, F|100/100\n|turn|11\n|\n|t:|1776217240\n|move|p1a: Meowscarada|Sucker Punch|p2a: Mamoswine\n|-start|p1a: Meowscarada|typechange|Dark|[from] ability: Protean\n|-damage|p2a: Mamoswine|0 fnt\n|faint|p2a: Mamoswine\n|\n|upkeep\n|\n|t:|1776217251\n|switch|p2a: Aegislash|Aegislash, L50, M|100/100\n|turn|12\n|\n|t:|1776217274\n|move|p1a: Meowscarada|Sucker Punch|p2a: Aegislash\n|-supereffective|p2a: Aegislash|1\n|-damage|p2a: Aegislash|53/100\n|-formechange|p2a: Aegislash|Aegislash-Blade|\n|move|p2a: Aegislash|Poltergeist|p1a: Meowscarada\n|-activate|p1a: Meowscarada|move: Poltergeist|Focus Sash\n|-resisted|p1a: Meowscarada|1\n|-damage|p1a: Meowscarada|46/100\n|\n|-heal|p2a: Aegislash|59/100|[from] item: Leftovers\n|upkeep\n|turn|13\n|j| p74\n|\n|t:|1776217294\n|-formechange|p2a: Aegislash|Aegislash|\n|move|p2a: Aegislash|King's Shield|p2a: Aegislash\n|-singleturn|p2a: Aegislash|Protect\n|move|p1a: Meowscarada|Sucker Punch||[still]\n|-fail|p1a: Meowscarada\n|\n|-heal|p2a: Aegislash|65/100|[from] item: Leftovers\n|upkeep\n|turn|14\n|\n|t:|1776217305\n|switch|p1a: Clefable|Clefable-Mega, L50, M|1/100\n|move|p2a: Aegislash|King's Shield||[still]\n|-fail|p2a: Aegislash\n|\n|-heal|p2a: Aegislash|71/100|[from] item: Leftovers\n|upkeep\n|turn|15\n|\n|t:|1776217313\n|-formechange|p2a: Aegislash|Aegislash-Blade|\n|move|p2a: Aegislash|Shadow Sneak|p1a: Clefable\n|-damage|p1a: Clefable|0 fnt\n|faint|p1a: Clefable\n|\n|-heal|p2a: Aegislash|77/100|[from] item: Leftovers\n|upkeep\n|\n|t:|1776217319\n|switch|p1a: Meowscarada|Meowscarada, L50, F|46/100\n|turn|16\n|\n|t:|1776217322\n|-formechange|p2a: Aegislash|Aegislash|\n|move|p2a: Aegislash|King's Shield|p2a: Aegislash\n|-singleturn|p2a: Aegislash|Protect\n|move|p1a: Meowscarada|Knock Off|p2a: Aegislash\n|-start|p1a: Meowscarada|typechange|Dark|[from] ability: Protean\n|-activate|p2a: Aegislash|move: Protect\n|-unboost|p1a: Meowscarada|atk|1\n|\n|-heal|p2a: Aegislash|83/100|[from] item: Leftovers\n|upkeep\n|turn|17\n|-message|tomdog9527 forfeited.\n|\n|win|drakthosdk7\n|raw|tomdog9527's rating: 1200 &rarr; <strong>1180</strong><br />(-20 for losing)\n|raw|drakthosdk7's rating: 1268 &rarr; <strong>1288</strong><br />(+20 for winning)\n",
  "uploadtime": 1776217332,
  "views": 2,
  "formatid": "gen9championsbssregma",
  "rating": 1180,
  "private": 0,
  "password": null
}