{
  "id": "gen9championsbssregma-2584172969",
  "format": "[Gen 9 Champions] BSS Reg M-A",
  "players": [
    "xkukox",
    "goku s0los"
  ],
  "log": "|j|\u2606xkukox\n|j|\u2606goku s0los\n|t:|1776234100\n|gametype|singles\n|player|p1|xkukox|marnie-league|1238\n|player|p2|goku s0los|101|1239\n|gen|9\n|tier|[Gen 9 Champions] BSS Reg M-A\n|rated|\n|rule|Species Clause: Limit one of each Pok\u00e9mon\n|rule|Item Clause: Limit 1 of each item\n|clearpoke\n|poke|p1|Garchomp, L50, F|\n|poke|p1|Arcanine-Hisui, L50, M|\n|poke|p1|Sneasler, L50, F|\n|poke|p1|Archaludon, L50, F|\n|poke|p1|Charizard, L50, M|\n|poke|p1|Meowscarada, L50, F|\n|poke|p2|Aggron, L50, M|\n|poke|p2|Serperior, L50, M|\n|poke|p2|Palafin, L50, M|\n|poke|p2|Gallade, L50, M|\n|poke|p2|Zoroark-Hisui, L50, F|\n|poke|p2|Arcanine-Hisui, L50, M|\n|teampreview|3\n|j| sadawedawed\n|l| sadawedawed\n|j| p74\n|\n|t:|1776234153\n|teamsize|p1|3\n|teamsize|p2|3\n|start\n|switch|p1a: Meowscarada|Meowscarada, L50, F|100/100\n|switch|p2a: Serperior|Serperior, L50, M, shiny|100/100\n|turn|1\n|\n|t:|1776234162\n|switch|p2a: Arcanine|Arcanine-Hisui, L50, M|100/100\n|move|p1a: Meowscarada|Triple Axel|p2a: Arcanine\n|-start|p1a: Meowscarada|typechange|Ice|[from] ability: Protean\n|-resisted|p2a: Arcanine|1\n|-damage|p2a: Arcanine|95/100\n|-hitcount|p2a: Arcanine|1\n|\n|upkeep\n|turn|2\n|\n|t:|1776234189\n|move|p1a: Meowscarada|U-turn|p2a: Arcanine\n|-resisted|p2a: Arcanine|1\n|-damage|p2a: Arcanine|82/100\n|\n|t:|1776234200\n|switch|p1a: Charizard|Charizard, L50, M, shiny|100/100|[from] U-turn\n|move|p2a: Arcanine|Head Smash|p1a: Charizard\n|-supereffective|p1a: Charizard|2\n|-damage|p1a: Charizard|0 fnt\n|faint|p1a: Charizard\n|\n|upkeep\n|\n|t:|1776234209\n|switch|p1a: Meowscarada|Meowscarada, L50, F|100/100\n|turn|3\n|\n|t:|1776234223\n|move|p1a: Meowscarada|Sucker Punch||[still]\n|-fail|p1a: Meowscarada\n|move|p2a: Arcanine|Agility|p2a: Arcanine\n|-boost|p2a: Arcanine|spe|2\n|\n|upkeep\n|turn|4\n|\n|t:|1776234231\n|move|p1a: Meowscarada|Sucker Punch|p2a: Arcanine\n|-start|p1a: Meowscarada|typechange|Dark|[from] ability: Protean\n|-damage|p2a: Arcanine|39/100\n|move|p2a: Arcanine|Flare Blitz|p1a: Meowscarada\n|-damage|p1a: Meowscarada|12/100\n|\n|-heal|p1a: Meowscarada|18/100|[from] item: Leftovers\n|upkeep\n|turn|5\n|\n|t:|1776234258\n|switch|p2a: The Wall|Aggron, L50, M|100/100\n|move|p1a: Meowscarada|Triple Axel|p2a: The Wall\n|-resisted|p2a: The Wall|1\n|-damage|p2a: The Wall|98/100\n|-resisted|p2a: The Wall|1\n|-damage|p2a: The Wall|94/100\n|-resisted|p2a: The Wall|1\n|-damage|p2a: The Wall|88/100\n|-hitcount|p2a: The Wall|3\n|\n|-heal|p1a: Meowscarada|24/100|[from] item: Leftovers\n|upkeep\n|turn|6\n|\n|t:|1776234276\n|detailschange|p2a: The Wall|Aggron-Mega, L50, M\n|-mega|p2a: The Wall|Aggron|Aggronite\n|move|p1a: Meowscarada|Sucker Punch||[still]\n|-fail|p1a: Meowscarada\n|move|p2a: The Wall|Iron Defense|p2a: The Wall\n|-boost|p2a: The Wall|def|2\n|\n|-heal|p1a: Meowscarada|30/100|[from] item: Leftovers\n|upkeep\n|turn|7\n|\n|t:|1776234287\n|move|p1a: Meowscarada|Sucker Punch||[still]\n|-fail|p1a: Meowscarada\n|move|p2a: The Wall|Iron Defense|p2a: The Wall\n|-boost|p2a: The Wall|def|2\n|\n|-heal|p1a: Meowscarada|36/100|[from] item: Leftovers\n|upkeep\n|turn|8\n|\n|t:|1776234293\n|move|p1a: Meowscarada|Sucker Punch||[still]\n|-fail|p1a: Meowscarada\n|move|p2a: The Wall|Iron Defense|p2a: The Wall\n|-boost|p2a: The Wall|def|2\n|\n|-heal|p1a: Meowscarada|42/100|[from] item: Leftovers\n|upkeep\n|turn|9\n|\n|t:|1776234297\n|move|p1a: Meowscarada|Sucker Punch|p2a: The Wall\n|-damage|p2a: The Wall|83/100\n|move|p2a: The Wall|Body Press|p1a: Meowscarada\n|-supereffective|p1a: Meowscarada|1\n|-damage|p1a: Meowscarada|0 fnt\n|faint|p1a: Meowscarada\n|\n|upkeep\n|\n|t:|1776234300\n|switch|p1a: Sneasler|Sneasler, L50, F, shiny|100/100\n|turn|10\n|\n|t:|1776234310\n|move|p1a: Sneasler|Fake Out|p2a: The Wall\n|-resisted|p2a: The Wall|1\n|-damage|p2a: The Wall|82/100\n|cant|p2a: The Wall|flinch\n|\n|upkeep\n|turn|11\n|\n|t:|1776234315\n|move|p1a: Sneasler|Close Combat|p2a: The Wall\n|-supereffective|p2a: The Wall|1\n|-damage|p2a: The Wall|69/100\n|-unboost|p1a: Sneasler|def|1\n|-unboost|p1a: Sneasler|spd|1\n|-enditem|p1a: Sneasler|White Herb\n|-clearnegativeboost|p1a: Sneasler|[silent]\n|move|p2a: The Wall|Body Press|p1a: Sneasler\n|-resisted|p1a: Sneasler|1\n|-damage|p1a: Sneasler|0 fnt\n|faint|p1a: Sneasler\n|\n|win|goku s0los\n|raw|xkukox's rating: 1238 &rarr; <strong>1213</strong><br />(-25 for losing)\n|raw|goku s0los's rating: 1239 &rarr; <strong>1264</strong><br />(+25 for winning)\n|l|\u2606xkukox\n|player|p1|\n|l|\u2606goku s0los\n|player|p2|\n",
  "uploadtime": 1776234328,
  "views": 10,
  "formatid": "gen9championsbssregma",
  "rating": 1213,
  "private": 0,
  "password": null
}