{
  "id": "gen9championsbssregma-2585625984",
  "format": "[Gen 9 Champions] BSS Reg M-A",
  "players": [
    "chrismjkim2",
    "21354usersonline"
  ],
  "log": "|j|\u2606chrismjkim2\n|j|\u260621354usersonline\n|t:|1776359724\n|gametype|singles\n|player|p1|chrismjkim2|skyla|1382\n|player|p2|21354usersonline|2|1312\n|gen|9\n|tier|[Gen 9 Champions] BSS Reg M-A\n|rated|\n|rule|Species Clause: Limit one of each Pok\u00e9mon\n|rule|Item Clause: Limit 1 of each item\n|clearpoke\n|poke|p1|Hippowdon, L50, F|\n|poke|p1|Rotom-Wash, L50|\n|poke|p1|Mimikyu, L50, F|\n|poke|p1|Charizard, L50, M|\n|poke|p1|Corviknight, L50, M|\n|poke|p1|Clefable, L50, M|\n|poke|p2|Ninetales-Alola, L50, F|\n|poke|p2|Feraligatr, L50, M|\n|poke|p2|Kingambit, L50, M|\n|poke|p2|Meganium, L50, M|\n|poke|p2|Garchomp, L50, F|\n|poke|p2|Rotom-Wash, L50|\n|teampreview|3\n|inactive|Battle timer is ON: inactive players will automatically lose when time's up. (requested by chrismjkim2)\n|inactive|21354usersonline has 60 seconds left.\n|inactive|21354usersonline has 30 seconds left.\n|inactive|21354usersonline has 20 seconds left.\n|inactive|21354usersonline has 15 seconds left.\n|\n|t:|1776359802\n|teamsize|p1|3\n|teamsize|p2|3\n|start\n|switch|p1a: Clefable|Clefable, L50, M|100/100\n|switch|p2a: Meganium|Meganium, L50, M|100/100\n|turn|1\n|\n|t:|1776359821\n|switch|p2a: Kingambit|Kingambit, L50, M|100/100\n|detailschange|p1a: Clefable|Clefable-Mega, L50, M\n|-mega|p1a: Clefable|Clefable|Clefablite\n|move|p1a: Clefable|Cosmic Power|p1a: Clefable\n|-boost|p1a: Clefable|def|1\n|-boost|p1a: Clefable|spd|1\n|\n|upkeep\n|turn|2\n|inactive|21354usersonline has 30 seconds left.\n|\n|t:|1776359846\n|move|p2a: Kingambit|Swords Dance|p2a: Kingambit\n|-boost|p2a: Kingambit|atk|2\n|move|p1a: Clefable|Cosmic Power|p1a: Clefable\n|-boost|p1a: Clefable|def|1\n|-boost|p1a: Clefable|spd|1\n|\n|upkeep\n|turn|3\n|\n|t:|1776359863\n|move|p2a: Kingambit|Iron Head|p1a: Clefable\n|-supereffective|p1a: Clefable|1\n|-damage|p1a: Clefable|8/100\n|move|p1a: Clefable|Moonblast|p2a: Kingambit\n|-damage|p2a: Kingambit|54/100\n|-unboost|p2a: Kingambit|spa|1\n|\n|upkeep\n|turn|4\n|\n|t:|1776359872\n|move|p2a: Kingambit|Kowtow Cleave|p1a: Clefable\n|-resisted|p1a: Clefable|1\n|-damage|p1a: Clefable|0 fnt\n|faint|p1a: Clefable\n|\n|upkeep\n|\n|t:|1776359875\n|switch|p1a: Corviknight|Corviknight, L50, M|100/100\n|-ability|p1a: Corviknight|Pressure\n|turn|5\n|inactive|21354usersonline has 30 seconds left.\n|\n|t:|1776359906\n|-end|p2a: Kingambit|fallenundefined|[silent]\n|switch|p2a: Meganium|Meganium, L50, M|100/100\n|move|p1a: Corviknight|Iron Defense|p1a: Corviknight\n|-boost|p1a: Corviknight|def|2\n|\n|upkeep\n|turn|6\n|\n|t:|1776359912\n|detailschange|p2a: Meganium|Meganium-Mega, L50, M\n|-mega|p2a: Meganium|Meganium|Meganiumite\n|move|p2a: Meganium|Weather Ball|p1a: Corviknight\n|-supereffective|p1a: Corviknight|1\n|-damage|p1a: Corviknight|0 fnt\n|faint|p1a: Corviknight\n|\n|upkeep\n|\n|t:|1776359916\n|switch|p1a: Mimikyu|Mimikyu, L50, F|100/100\n|turn|7\n|\n|t:|1776359921\n|move|p1a: Mimikyu|Swords Dance|p1a: Mimikyu\n|-boost|p1a: Mimikyu|atk|2\n|move|p2a: Meganium|Weather Ball|p1a: Mimikyu\n|-activate|p1a: Mimikyu|ability: Disguise\n|-damage|p1a: Mimikyu|100/100\n|detailschange|p1a: Mimikyu|Mimikyu-Busted, L50, F\n|-damage|p1a: Mimikyu|88/100|[from] pokemon: Mimikyu-Busted\n|\n|upkeep\n|turn|8\n|\n|t:|1776359924\n|move|p1a: Mimikyu|Shadow Claw|p2a: Meganium\n|-damage|p2a: Meganium|31/100\n|move|p2a: Meganium|Solar Beam||[still]\n|-prepare|p2a: Meganium|Solar Beam\n|-activate|p2a: Meganium|ability: Mega Sol\n|-anim|p2a: Meganium|Solar Beam|p1a: Mimikyu\n|-damage|p1a: Mimikyu|0 fnt\n|faint|p1a: Mimikyu\n|\n|win|21354usersonline\n|raw|chrismjkim2's rating: 1382 &rarr; <strong>1358</strong><br />(-24 for losing)\n|raw|21354usersonline's rating: 1312 &rarr; <strong>1336</strong><br />(+24 for winning)\n|l|\u2606chrismjkim2\n|player|p1|\n",
  "uploadtime": 1776359937,
  "views": 8,
  "formatid": "gen9championsbssregma",
  "rating": 1336,
  "private": 0,
  "password": null
}