{
  "id": "gen9championsbssregma-2586360956",
  "format": "[Gen 9 Champions] BSS Reg M-A",
  "players": [
    "Bbbkty",
    "lm original l"
  ],
  "log": "|j|\u2606Bbbkty\n|j|\u2606lm original l\n|t:|1776428749\n|gametype|singles\n|player|p1|Bbbkty|265|1125\n|player|p2|lm original l|firebreather|1119\n|gen|9\n|tier|[Gen 9 Champions] BSS Reg M-A\n|rated|\n|rule|Species Clause: Limit one of each Pok\u00e9mon\n|rule|Item Clause: Limit 1 of each item\n|clearpoke\n|poke|p1|Clefable, L50, F|\n|poke|p1|Charizard, L50, M|\n|poke|p1|Mimikyu, L50, F|\n|poke|p1|Kingambit, L50, M|\n|poke|p1|Espathra, L50, F|\n|poke|p1|Glimmora, L50, M|\n|poke|p2|Glimmora, L50, M|\n|poke|p2|Mimikyu, L50, M|\n|poke|p2|Dragapult, L50, M|\n|poke|p2|Corviknight, L50, M|\n|poke|p2|Conkeldurr, L50, M|\n|poke|p2|Feraligatr, L50, M|\n|teampreview|3\n|\n|t:|1776428759\n|teamsize|p1|3\n|teamsize|p2|3\n|start\n|switch|p1a: Glimmora|Glimmora, L50, M, shiny|100/100\n|switch|p2a: Feraligatr|Feraligatr, L50, M, shiny|100/100\n|turn|1\n|\n|t:|1776428769\n|detailschange|p2a: Feraligatr|Feraligatr-Mega, L50, M, shiny\n|-mega|p2a: Feraligatr|Feraligatr|Feraligite\n|move|p1a: Glimmora|Stealth Rock|p2a: Feraligatr\n|-sidestart|p2: lm original l|move: Stealth Rock\n|move|p2a: Feraligatr|Liquidation|p1a: Glimmora\n|-supereffective|p1a: Glimmora|1\n|-enditem|p1a: Glimmora|Focus Sash\n|-damage|p1a: Glimmora|1/100\n|-activate|p1a: Glimmora|ability: Toxic Debris\n|-sidestart|p2: lm original l|move: Toxic Spikes\n|\n|upkeep\n|turn|2\n|\n|t:|1776428779\n|move|p2a: Feraligatr|Aqua Jet|p1a: Glimmora\n|-supereffective|p1a: Glimmora|1\n|-damage|p1a: Glimmora|0 fnt\n|-activate|p1a: Glimmora|ability: Toxic Debris\n|-sidestart|p2: lm original l|move: Toxic Spikes\n|faint|p1a: Glimmora\n|\n|upkeep\n|\n|t:|1776428783\n|switch|p1a: Espathra|Espathra, L50, F, shiny|100/100\n|turn|3\n|\n|t:|1776428789\n|move|p1a: Espathra|Protect|p1a: Espathra\n|-singleturn|p1a: Espathra|Protect\n|move|p2a: Feraligatr|Double-Edge|p1a: Espathra\n|-activate|p1a: Espathra|move: Protect\n|\n|-ability|p1a: Espathra|Speed Boost|boost\n|-boost|p1a: Espathra|spe|1\n|upkeep\n|turn|4\n|\n|t:|1776428803\n|move|p1a: Espathra|Calm Mind|p1a: Espathra\n|-boost|p1a: Espathra|spa|1\n|-boost|p1a: Espathra|spd|1\n|move|p2a: Feraligatr|Double-Edge|p1a: Espathra\n|-damage|p1a: Espathra|16/100\n|-enditem|p1a: Espathra|Sitrus Berry|[eat]\n|-heal|p1a: Espathra|41/100|[from] item: Sitrus Berry\n|-damage|p2a: Feraligatr|65/100|[from] Recoil\n|\n|-ability|p1a: Espathra|Speed Boost|boost\n|-boost|p1a: Espathra|spe|1\n|upkeep\n|turn|5\n|inactive|Battle timer is ON: inactive players will automatically lose when time's up. (requested by Bbbkty)\n|\n|t:|1776428814\n|move|p1a: Espathra|Protect|p1a: Espathra\n|-singleturn|p1a: Espathra|Protect\n|move|p2a: Feraligatr|Aqua Jet|p1a: Espathra\n|-activate|p1a: Espathra|move: Protect\n|\n|-ability|p1a: Espathra|Speed Boost|boost\n|-boost|p1a: Espathra|spe|1\n|upkeep\n|turn|6\n|\n|t:|1776428825\n|move|p2a: Feraligatr|Aqua Jet|p1a: Espathra\n|-damage|p1a: Espathra|17/100\n|move|p1a: Espathra|Baton Pass|p1a: Espathra\n|\n|t:|1776428828\n|switch|p1a: Clefable|Clefable, L50, F, shiny|100/100|[from] Baton Pass\n|\n|upkeep\n|turn|7\n|\n|t:|1776428835\n|detailschange|p1a: Clefable|Clefable-Mega, L50, F, shiny\n|-mega|p1a: Clefable|Clefable|Clefablite\n|move|p1a: Clefable|Cosmic Power|p1a: Clefable\n|-boost|p1a: Clefable|def|1\n|-boost|p1a: Clefable|spd|1\n|move|p2a: Feraligatr|Liquidation|p1a: Clefable\n|-damage|p1a: Clefable|75/100\n|\n|upkeep\n|turn|8\n|inactive|Bbbkty has 30 seconds left.\n|\n|t:|1776428862\n|move|p1a: Clefable|Moonblast|p2a: Feraligatr\n|-supereffective|p2a: Feraligatr|1\n|-damage|p2a: Feraligatr|0 fnt\n|faint|p2a: Feraligatr\n|\n|upkeep\n|\n|t:|1776428867\n|switch|p2a: Marc-Sp3rm|Mimikyu, L50, M|100/100\n|-damage|p2a: Marc-Sp3rm|88/100|[from] Stealth Rock\n|-status|p2a: Marc-Sp3rm|tox\n|turn|9\n|\n|t:|1776428874\n|move|p1a: Clefable|Moonblast|p2a: Marc-Sp3rm\n|-activate|p2a: Marc-Sp3rm|ability: Disguise\n|-damage|p2a: Marc-Sp3rm|88/100 tox\n|detailschange|p2a: Marc-Sp3rm|Mimikyu-Busted, L50, M\n|-damage|p2a: Marc-Sp3rm|76/100 tox|[from] pokemon: Mimikyu-Busted\n|move|p2a: Marc-Sp3rm|Play Rough|p1a: Clefable\n|-damage|p1a: Clefable|59/100\n|\n|-heal|p2a: Marc-Sp3rm|82/100 tox|[from] item: Leftovers\n|-damage|p2a: Marc-Sp3rm|76/100 tox|[from] psn\n|upkeep\n|turn|10\n|-message|lm original l forfeited.\n|\n|win|Bbbkty\n|raw|Bbbkty's rating: 1125 &rarr; <strong>1150</strong><br />(+25 for winning)\n|raw|lm original l's rating: 1119 &rarr; <strong>1094</strong><br />(-25 for losing)\n|l|\u2606lm original l\n|player|p2|\n",
  "uploadtime": 1776428891,
  "views": 7,
  "formatid": "gen9championsbssregma",
  "rating": 1094,
  "private": 0,
  "password": null
}