{
  "id": "gen9championsbssregma-2581005605",
  "format": "[Gen 9 Champions] BSS Reg M-A",
  "players": [
    "Mikeflem12326171",
    "kurikuri_ch"
  ],
  "log": "|j|\u2606Mikeflem12326171\n|j|\u2606kurikuri_ch\n|t:|1775950989\n|gametype|singles\n|player|p1|Mikeflem12326171|colress|1116\n|player|p2|kurikuri_ch|ghetsis|1045\n|gen|9\n|tier|[Gen 9 Champions] BSS Reg M-A\n|rated|\n|rule|Species Clause: Limit one of each Pok\u00e9mon\n|rule|Item Clause: Limit 1 of each item\n|clearpoke\n|poke|p1|Lopunny, L50, F|\n|poke|p1|Garchomp, L50, F|\n|poke|p1|Primarina, L50, F|\n|poke|p1|Rotom-Wash, L50|\n|poke|p1|Delphox, L50, F|\n|poke|p1|Serperior, L50, M|\n|poke|p2|Starmie, L50|\n|poke|p2|Floette-Eternal, L50, F|\n|poke|p2|Garchomp, L50, M|\n|poke|p2|Kingambit, L50, M|\n|poke|p2|Sneasler, L50, F|\n|poke|p2|Rotom-Heat, L50|\n|teampreview|3\n|inactive|Battle timer is ON: inactive players will automatically lose when time's up. (requested by kurikuri_ch)\n|\n|t:|1775951020\n|teamsize|p1|3\n|teamsize|p2|3\n|start\n|switch|p1a: Rotom|Rotom-Wash, L50, shiny|100/100\n|switch|p2a: \u306d\u3053|Sneasler, L50, F, shiny|100/100\n|turn|1\n|\n|t:|1775951025\n|move|p2a: \u306d\u3053|Fake Out|p1a: Rotom\n|-damage|p1a: Rotom|83/100\n|cant|p1a: Rotom|flinch\n|\n|upkeep\n|turn|2\n|\n|t:|1775951030\n|move|p1a: Rotom|Trick|p2a: \u306d\u3053\n|-activate|p1a: Rotom|move: Trick|[of] p2a: \u306d\u3053\n|-item|p2a: \u306d\u3053|Choice Scarf|[from] move: Trick\n|-item|p1a: Rotom|Focus Sash|[from] move: Trick\n|move|p2a: \u306d\u3053|Toxic Spikes|p1a: Rotom\n|-sidestart|p1: Mikeflem12326171|move: Toxic Spikes\n|\n|upkeep\n|turn|3\n|\n|t:|1775951042\n|move|p2a: \u306d\u3053|Toxic Spikes|p1a: Rotom\n|-sidestart|p1: Mikeflem12326171|move: Toxic Spikes\n|move|p1a: Rotom|Volt Switch|p2a: \u306d\u3053\n|-damage|p2a: \u306d\u3053|64/100\n|\n|t:|1775951044\n|switch|p1a: Lopunny|Lopunny, L50, F, shiny|100/100|[from] Volt Switch\n|-status|p1a: Lopunny|tox\n|\n|-damage|p1a: Lopunny|95/100 tox|[from] psn\n|upkeep\n|turn|4\n|\n|t:|1775951053\n|switch|p2a: \u30d3\u30b9\u30c8\u30ed|Rotom-Heat, L50, shiny|100/100\n|detailschange|p1a: Lopunny|Lopunny-Mega, L50, F, shiny\n|-mega|p1a: Lopunny|Lopunny|Lopunnite\n|move|p1a: Lopunny|Fake Out|p2a: \u30d3\u30b9\u30c8\u30ed\n|-damage|p2a: \u30d3\u30b9\u30c8\u30ed|71/100\n|\n|-damage|p1a: Lopunny|83/100 tox|[from] psn\n|upkeep\n|turn|5\n|\n|t:|1775951065\n|move|p2a: \u30d3\u30b9\u30c8\u30ed|Volt Switch|p1a: Lopunny\n|-damage|p1a: Lopunny|38/100 tox\n|\n|t:|1775951068\n|switch|p2a: \u306d\u3053|Sneasler, L50, F, shiny|64/100|[from] Volt Switch\n|move|p1a: Lopunny|Close Combat|p2a: \u306d\u3053\n|-resisted|p2a: \u306d\u3053|1\n|-damage|p2a: \u306d\u3053|15/100\n|-unboost|p1a: Lopunny|def|1\n|-unboost|p1a: Lopunny|spd|1\n|\n|-damage|p1a: Lopunny|20/100 tox|[from] psn\n|upkeep\n|turn|6\n|\n|t:|1775951077\n|move|p2a: \u306d\u3053|Fake Out|p1a: Lopunny\n|-damage|p1a: Lopunny|0 fnt\n|faint|p1a: Lopunny\n|\n|upkeep\n|\n|t:|1775951082\n|switch|p1a: Garchomp|Garchomp, L50, F, shiny|100/100\n|-status|p1a: Garchomp|tox\n|turn|7\n|\n|t:|1775951088\n|switch|p2a: \u30d3\u30b9\u30c8\u30ed|Rotom-Heat, L50, shiny|71/100\n|move|p1a: Garchomp|Rock Tomb|p2a: \u30d3\u30b9\u30c8\u30ed\n|-supereffective|p2a: \u30d3\u30b9\u30c8\u30ed|1\n|-damage|p2a: \u30d3\u30b9\u30c8\u30ed|18/100\n|-unboost|p2a: \u30d3\u30b9\u30c8\u30ed|spe|1\n|\n|-damage|p1a: Garchomp|94/100 tox|[from] psn\n|upkeep\n|turn|8\n|\n|t:|1775951098\n|move|p1a: Garchomp|Rock Tomb|p2a: \u30d3\u30b9\u30c8\u30ed\n|-supereffective|p2a: \u30d3\u30b9\u30c8\u30ed|1\n|-damage|p2a: \u30d3\u30b9\u30c8\u30ed|0 fnt\n|faint|p2a: \u30d3\u30b9\u30c8\u30ed\n|\n|-damage|p1a: Garchomp|82/100 tox|[from] psn\n|upkeep\n|\n|t:|1775951104\n|switch|p2a: \u30a6\u30a3\u30b6\u30fc\u30ed\u30fc\u30ba|Floette-Eternal, L50, F|100/100\n|turn|9\n|\n|t:|1775951108\n|detailschange|p2a: \u30a6\u30a3\u30b6\u30fc\u30ed\u30fc\u30ba|Floette-Mega, L50, F\n|-mega|p2a: \u30a6\u30a3\u30b6\u30fc\u30ed\u30fc\u30ba|Floette|Floettite\n|-ability|p2a: \u30a6\u30a3\u30b6\u30fc\u30ed\u30fc\u30ba|Fairy Aura\n|move|p1a: Garchomp|Earthquake|p2a: \u30a6\u30a3\u30b6\u30fc\u30ed\u30fc\u30ba\n|-damage|p2a: \u30a6\u30a3\u30b6\u30fc\u30ed\u30fc\u30ba|47/100\n|move|p2a: \u30a6\u30a3\u30b6\u30fc\u30ed\u30fc\u30ba|Calm Mind|p2a: \u30a6\u30a3\u30b6\u30fc\u30ed\u30fc\u30ba\n|-boost|p2a: \u30a6\u30a3\u30b6\u30fc\u30ed\u30fc\u30ba|spa|1\n|-boost|p2a: \u30a6\u30a3\u30b6\u30fc\u30ed\u30fc\u30ba|spd|1\n|\n|-damage|p1a: Garchomp|64/100 tox|[from] psn\n|upkeep\n|turn|10\n|\n|t:|1775951118\n|move|p1a: Garchomp|Earthquake|p2a: \u30a6\u30a3\u30b6\u30fc\u30ed\u30fc\u30ba\n|-damage|p2a: \u30a6\u30a3\u30b6\u30fc\u30ed\u30fc\u30ba|0 fnt\n|faint|p2a: \u30a6\u30a3\u30b6\u30fc\u30ed\u30fc\u30ba\n|\n|-damage|p1a: Garchomp|40/100 tox|[from] psn\n|upkeep\n|c|\u2606Mikeflem12326171|GG\n|\n|t:|1775951123\n|switch|p2a: \u306d\u3053|Sneasler, L50, F, shiny|15/100\n|turn|11\n|\n|t:|1775951126\n|move|p2a: \u306d\u3053|Close Combat|p1a: Garchomp\n|-damage|p1a: Garchomp|0 fnt\n|-unboost|p2a: \u306d\u3053|def|1\n|-unboost|p2a: \u306d\u3053|spd|1\n|-damage|p2a: \u306d\u3053|3/100|[from] ability: Rough Skin|[of] p1a: Garchomp\n|faint|p1a: Garchomp\n|\n|upkeep\n|\n|t:|1775951130\n|switch|p1a: Rotom|Rotom-Wash, L50, shiny|83/100\n|turn|12\n|\n|t:|1775951134\n|move|p2a: \u306d\u3053|Close Combat|p1a: Rotom\n|-damage|p1a: Rotom|3/100\n|-unboost|p2a: \u306d\u3053|def|1\n|-unboost|p2a: \u306d\u3053|spd|1\n|move|p1a: Rotom|Thunderbolt|p2a: \u306d\u3053\n|-crit|p2a: \u306d\u3053\n|-damage|p2a: \u306d\u3053|0 fnt\n|faint|p2a: \u306d\u3053\n|\n|win|Mikeflem12326171\n|raw|Mikeflem12326171's rating: 1116 &rarr; <strong>1136</strong><br />(+20 for winning)\n|raw|kurikuri_ch's rating: 1045 &rarr; <strong>1032</strong><br />(-13 for losing)\n|l|\u2606kurikuri_ch\n|player|p2|\n",
  "uploadtime": 1775951147,
  "views": 11,
  "formatid": "gen9championsbssregma",
  "rating": 1032,
  "private": 0,
  "password": null
}