{
  "id": "gen9championsbssregma-2588989238",
  "format": "[Gen 9 Champions] BSS Reg M-A",
  "players": [
    "joguri",
    "Theboulder93"
  ],
  "log": "|j|\u2606joguri\n|j|\u2606Theboulder93\n|t:|1776691997\n|gametype|singles\n|player|p1|joguri|dawn|1086\n|player|p2|Theboulder93|170|1000\n|gen|9\n|tier|[Gen 9 Champions] BSS Reg M-A\n|rated|\n|rule|Species Clause: Limit one of each Pok\u00e9mon\n|rule|Item Clause: Limit 1 of each item\n|clearpoke\n|poke|p1|Lopunny, L50, F|\n|poke|p1|Garchomp, L50, F|\n|poke|p1|Glimmora, L50, M|\n|poke|p1|Primarina, L50, F|\n|poke|p1|Corviknight, L50, F|\n|poke|p1|Clefable, L50, M|\n|poke|p2|Toxapex, L50, F, shiny|\n|poke|p2|Salazzle, L50, F, shiny|\n|poke|p2|Sneasler, L50, F, shiny|\n|poke|p2|Venusaur, L50, F|\n|poke|p2|Slowking-Galar, L50, M, shiny|\n|poke|p2|Beedrill, L50, M, shiny|\n|teampreview|3\n|\n|t:|1776692031\n|teamsize|p1|3\n|teamsize|p2|3\n|start\n|switch|p1a: Lopunny|Lopunny, L50, F|100/100\n|switch|p2a: Edger cuuhhh|Slowking-Galar, L50, M, shiny|100/100\n|turn|1\n|inactive|Battle timer is ON: inactive players will automatically lose when time's up. (requested by joguri)\n|\n|t:|1776692061\n|move|p1a: Lopunny|Cotton Guard|p1a: Lopunny\n|-boost|p1a: Lopunny|def|3\n|move|p2a: Edger cuuhhh|Trick Room|p2a: Edger cuuhhh\n|-fieldstart|move: Trick Room|[of] p2a: Edger cuuhhh\n|\n|upkeep\n|turn|2\n|\n|t:|1776692075\n|move|p2a: Edger cuuhhh|Flamethrower|p1a: Lopunny\n|-damage|p1a: Lopunny|75/100\n|-status|p1a: Lopunny|brn\n|move|p1a: Lopunny|Cosmic Power|p1a: Lopunny\n|-boost|p1a: Lopunny|def|1\n|-boost|p1a: Lopunny|spd|1\n|\n|-damage|p1a: Lopunny|70/100 brn|[from] brn\n|upkeep\n|turn|3\n|\n|t:|1776692088\n|move|p2a: Edger cuuhhh|Ice Beam|p1a: Lopunny\n|-damage|p1a: Lopunny|50/100 brn\n|move|p1a: Lopunny|Cosmic Power|p1a: Lopunny\n|-boost|p1a: Lopunny|def|1\n|-boost|p1a: Lopunny|spd|1\n|\n|-damage|p1a: Lopunny|45/100 brn|[from] brn\n|upkeep\n|turn|4\n|\n|t:|1776692095\n|move|p2a: Edger cuuhhh|Flamethrower|p1a: Lopunny\n|-damage|p1a: Lopunny|31/100 brn\n|move|p1a: Lopunny|Baton Pass|p1a: Lopunny\n|\n|t:|1776692099\n|switch|p1a: Clefable|Clefable, L50, M|100/100|[from] Baton Pass\n|\n|upkeep\n|turn|5\n|\n|t:|1776692109\n|detailschange|p1a: Clefable|Clefable-Mega, L50, M\n|-mega|p1a: Clefable|Clefable|Clefablite\n|-prepare|p2a: Edger cuuhhh|Chilly Reception|[premajor]\n|move|p2a: Edger cuuhhh|Chilly Reception|p2a: Edger cuuhhh\n|-weather|Snowscape\n|\n|t:|1776692121\n|switch|p2a: Rehabilitated|Venusaur, L50, F|100/100|[from] Chilly Reception\n|move|p1a: Clefable|Calm Mind|p1a: Clefable\n|-boost|p1a: Clefable|spa|1\n|-boost|p1a: Clefable|spd|1\n|\n|-weather|Snowscape|[upkeep]\n|-fieldend|move: Trick Room\n|upkeep\n|turn|6\n|\n|t:|1776692131\n|move|p2a: Rehabilitated|Protect|p2a: Rehabilitated\n|-singleturn|p2a: Rehabilitated|Protect\n|move|p1a: Clefable|Stored Power|p2a: Rehabilitated\n|-activate|p2a: Rehabilitated|move: Protect\n|\n|-weather|Snowscape|[upkeep]\n|upkeep\n|turn|7\n|\n|t:|1776692138\n|detailschange|p2a: Rehabilitated|Venusaur-Mega, L50, F\n|-mega|p2a: Rehabilitated|Venusaur|Venusaurite\n|move|p2a: Rehabilitated|Weather Ball|p1a: Clefable\n|-supereffective|p1a: Clefable|1\n|-damage|p1a: Clefable|81/100\n|move|p1a: Clefable|Stored Power|p2a: Rehabilitated\n|-supereffective|p2a: Rehabilitated|1\n|-damage|p2a: Rehabilitated|0 fnt\n|faint|p2a: Rehabilitated\n|\n|-weather|Snowscape|[upkeep]\n|upkeep\n|\n|t:|1776692146\n|switch|p2a: Weedletwineedle|Beedrill, L50, M, shiny|100/100\n|turn|8\n|\n|t:|1776692150\n|move|p2a: Weedletwineedle|Poison Jab|p1a: Clefable\n|-supereffective|p1a: Clefable|1\n|-damage|p1a: Clefable|68/100\n|move|p1a: Clefable|Stored Power|p2a: Weedletwineedle\n|-supereffective|p2a: Weedletwineedle|1\n|-damage|p2a: Weedletwineedle|0 fnt\n|faint|p2a: Weedletwineedle\n|\n|-weather|Snowscape|[upkeep]\n|upkeep\n|\n|t:|1776692152\n|switch|p2a: Edger cuuhhh|Slowking-Galar, L50, M, shiny|100/100\n|turn|9\n|-message|Theboulder93 forfeited.\n|\n|win|joguri\n|raw|joguri's rating: 1086 &rarr; <strong>1107</strong><br />(+21 for winning)\n|raw|Theboulder93's rating: 1000 &rarr; <strong>1000</strong><br />(+0 for losing)\n|l|\u2606Theboulder93\n|player|p2|\n",
  "uploadtime": 1776692162,
  "views": 0,
  "formatid": "gen9championsbssregma",
  "rating": 1000,
  "private": 0,
  "password": null
}