{
  "id": "gen9championsbssregma-2588473992",
  "format": "[Gen 9 Champions] BSS Reg M-A",
  "players": [
    "ruriripoke",
    "joycastle"
  ],
  "log": "|j|\u2606ruriripoke\n|j|\u2606joycastle\n|t:|1776636721\n|gametype|singles\n|player|p1|ruriripoke|170|1357\n|player|p2|joycastle|dawn-gen4pt|1276\n|gen|9\n|tier|[Gen 9 Champions] BSS Reg M-A\n|rated|\n|rule|Species Clause: Limit one of each Pok\u00e9mon\n|rule|Item Clause: Limit 1 of each item\n|clearpoke\n|poke|p1|Hippowdon, L50, M|\n|poke|p1|Charizard, L50, F|\n|poke|p1|Primarina, L50, M|\n|poke|p1|Meowscarada, L50, M|\n|poke|p1|Scizor, L50, F|\n|poke|p1|Basculegion, L50, M|\n|poke|p2|Dragonite, L50, M, shiny|\n|poke|p2|Primarina, L50, F, shiny|\n|poke|p2|Kingambit, L50, F|\n|poke|p2|Gardevoir, L50, F, shiny|\n|poke|p2|Garchomp, L50, M, shiny|\n|poke|p2|Corviknight, L50, M, shiny|\n|teampreview|3\n|inactive|Battle timer is ON: inactive players will automatically lose when time's up. (requested by ruriripoke)\n|j| GF 66\n|inactive|joycastle has 60 seconds left.\n|\n|t:|1776636758\n|teamsize|p1|3\n|teamsize|p2|3\n|start\n|switch|p1a: Primarina|Primarina, L50, M|100/100\n|switch|p2a: Dragonite|Dragonite, L50, M, shiny|100/100\n|turn|1\n|\n|t:|1776636767\n|detailschange|p2a: Dragonite|Dragonite-Mega, L50, M, shiny\n|-mega|p2a: Dragonite|Dragonite|Dragoninite\n|move|p2a: Dragonite|Air Slash|p1a: Primarina\n|-damage|p1a: Primarina|64/100\n|move|p1a: Primarina|Moonblast|p2a: Dragonite\n|-supereffective|p2a: Dragonite|1\n|-damage|p2a: Dragonite|60/100\n|\n|-heal|p1a: Primarina|69/100|[from] item: Leftovers\n|upkeep\n|turn|2\n|\n|t:|1776636786\n|switch|p2a: Kingambit|Kingambit, L50, F|100/100\n|move|p1a: Primarina|Moonblast|p2a: Kingambit\n|-damage|p2a: Kingambit|42/100\n|-unboost|p2a: Kingambit|spa|1\n|\n|-heal|p1a: Primarina|75/100|[from] item: Leftovers\n|upkeep\n|turn|3\n|\n|t:|1776636800\n|switch|p1a: Hippowdon|Hippowdon, L50, M|100/100\n|-weather|Sandstorm|[from] ability: Sand Stream|[of] p1a: Hippowdon\n|move|p2a: Kingambit|Iron Head|p1a: Hippowdon\n|-damage|p1a: Hippowdon|75/100\n|\n|-weather|Sandstorm|[upkeep]\n|upkeep\n|turn|4\n|\n|t:|1776636809\n|-end|p2a: Kingambit|fallenundefined|[silent]\n|switch|p2a: Dragonite|Dragonite-Mega, L50, M, shiny|60/100\n|move|p1a: Hippowdon|Stealth Rock|p2a: Dragonite\n|-sidestart|p2: joycastle|move: Stealth Rock\n|\n|-weather|Sandstorm|[upkeep]\n|-damage|p2a: Dragonite|54/100|[from] Sandstorm\n|upkeep\n|turn|5\n|j| gonzalo5735\n|l| gonzalo5735\n|\n|t:|1776636825\n|move|p2a: Dragonite|Dragon Pulse|p1a: Hippowdon\n|-damage|p1a: Hippowdon|18/100\n|-enditem|p1a: Hippowdon|Sitrus Berry|[eat]\n|-heal|p1a: Hippowdon|43/100|[from] item: Sitrus Berry\n|move|p1a: Hippowdon|Yawn|p2a: Dragonite\n|-start|p2a: Dragonite|move: Yawn|[of] p1a: Hippowdon\n|\n|-weather|Sandstorm|[upkeep]\n|-damage|p2a: Dragonite|48/100|[from] Sandstorm\n|upkeep\n|turn|6\n|j| SHINIGAMI GT-R\n|\n|t:|1776636846\n|move|p2a: Dragonite|Roost|p2a: Dragonite\n|-heal|p2a: Dragonite|98/100\n|-singleturn|p2a: Dragonite|move: Roost\n|move|p1a: Hippowdon|Yawn||[still]\n|-fail|p1a: Hippowdon\n|\n|-weather|Sandstorm|[upkeep]\n|-damage|p2a: Dragonite|92/100|[from] Sandstorm\n|-end|p2a: Dragonite|move: Yawn|[silent]\n|-status|p2a: Dragonite|slp\n|upkeep\n|turn|7\n|\n|t:|1776636855\n|switch|p1a: Charizard|Charizard, L50, F|100/100\n|cant|p2a: Dragonite|slp\n|\n|-weather|none\n|upkeep\n|turn|8\n|\n|t:|1776636871\n|detailschange|p1a: Charizard|Charizard-Mega-X, L50, F\n|-mega|p1a: Charizard|Charizard|Charizardite X\n|move|p1a: Charizard|Dragon Dance|p1a: Charizard\n|-boost|p1a: Charizard|atk|1\n|-boost|p1a: Charizard|spe|1\n|-curestatus|p2a: Dragonite|slp|[msg]\n|move|p2a: Dragonite|Dragon Pulse|p1a: Charizard\n|-supereffective|p1a: Charizard|1\n|-damage|p1a: Charizard|0 fnt\n|faint|p1a: Charizard\n|\n|upkeep\n|-message|ruriripoke forfeited.\n|\n|win|joycastle\n|raw|ruriripoke's rating: 1357 &rarr; <strong>1332</strong><br />(-25 for losing)\n|raw|joycastle's rating: 1276 &rarr; <strong>1307</strong><br />(+31 for winning)\n|l|\u2606joycastle\n|player|p2|\n|l|\u2606ruriripoke\n|player|p1|\n",
  "uploadtime": 1776636887,
  "views": 11,
  "formatid": "gen9championsbssregma",
  "rating": 1307,
  "private": 0,
  "password": null
}