{
  "id": "gen9championsbssregma-2588602630",
  "format": "[Gen 9 Champions] BSS Reg M-A",
  "players": [
    "Hinya",
    "jodio09"
  ],
  "log": "|j|\u2606Hinya\n|j|\u2606jodio09\n|t:|1776649142\n|gametype|singles\n|player|p1|Hinya|arezu|1337\n|player|p2|jodio09|youngn|1224\n|gen|9\n|tier|[Gen 9 Champions] BSS Reg M-A\n|rated|\n|rule|Species Clause: Limit one of each Pok\u00e9mon\n|rule|Item Clause: Limit 1 of each item\n|clearpoke\n|poke|p1|Archaludon, L50, M|\n|poke|p1|Floette-Eternal, L50, F|\n|poke|p1|Garchomp, L50, M|\n|poke|p1|Charizard, L50, F|\n|poke|p1|Mimikyu, L50, M|\n|poke|p1|Basculegion, L50, M|\n|poke|p2|Hippowdon, L50, F|\n|poke|p2|Volcarona, L50, M|\n|poke|p2|Starmie, L50|\n|poke|p2|Beedrill, L50, M|\n|poke|p2|Goodra-Hisui, L50, M|\n|poke|p2|Samurott-Hisui, L50, M, shiny|\n|teampreview|3\n|inactive|Battle timer is ON: inactive players will automatically lose when time's up. (requested by Hinya)\n|inactive|jodio09 also wants the timer to be on.\n|inactive|jodio09 has 60 seconds left.\n|\n|t:|1776649175\n|teamsize|p1|3\n|teamsize|p2|3\n|start\n|switch|p1a: \ube0c\ub9ac\ub450\ub77c\uc2a4|Archaludon, L50, M|100/100\n|switch|p2a: Samurott|Samurott-Hisui, L50, M, shiny|100/100\n|turn|1\n|inactive|jodio09 has 30 seconds left.\n|\n|t:|1776649203\n|move|p2a: Samurott|Sacred Sword|p1a: \ube0c\ub9ac\ub450\ub77c\uc2a4\n|-supereffective|p1a: \ube0c\ub9ac\ub450\ub77c\uc2a4|1\n|-damage|p1a: \ube0c\ub9ac\ub450\ub77c\uc2a4|36/100\n|-ability|p1a: \ube0c\ub9ac\ub450\ub77c\uc2a4|Stamina|boost\n|-boost|p1a: \ube0c\ub9ac\ub450\ub77c\uc2a4|def|1\n|move|p1a: \ube0c\ub9ac\ub450\ub77c\uc2a4|Thunderbolt|p2a: Samurott\n|-supereffective|p2a: Samurott|1\n|-damage|p2a: Samurott|9/100\n|\n|upkeep\n|turn|2\n|\n|t:|1776649214\n|switch|p2a: Hippowdon|Hippowdon, L50, F|100/100\n|-weather|Sandstorm|[from] ability: Sand Stream|[of] p2a: Hippowdon\n|move|p1a: \ube0c\ub9ac\ub450\ub77c\uc2a4|Thunderbolt|p2a: Hippowdon\n|-immune|p2a: Hippowdon\n|\n|-weather|Sandstorm|[upkeep]\n|upkeep\n|turn|3\n|\n|t:|1776649227\n|move|p1a: \ube0c\ub9ac\ub450\ub77c\uc2a4|Draco Meteor|p2a: Hippowdon|[miss]\n|-miss|p1a: \ube0c\ub9ac\ub450\ub77c\uc2a4|p2a: Hippowdon\n|move|p2a: Hippowdon|Stealth Rock|p1a: \ube0c\ub9ac\ub450\ub77c\uc2a4\n|-sidestart|p1: Hinya|move: Stealth Rock\n|\n|-weather|Sandstorm|[upkeep]\n|upkeep\n|turn|4\n|\n|t:|1776649236\n|move|p1a: \ube0c\ub9ac\ub450\ub77c\uc2a4|Draco Meteor|p2a: Hippowdon|[miss]\n|-miss|p1a: \ube0c\ub9ac\ub450\ub77c\uc2a4|p2a: Hippowdon\n|move|p2a: Hippowdon|Earthquake|p1a: \ube0c\ub9ac\ub450\ub77c\uc2a4\n|-supereffective|p1a: \ube0c\ub9ac\ub450\ub77c\uc2a4|1\n|-enditem|p1a: \ube0c\ub9ac\ub450\ub77c\uc2a4|Shuca Berry|[eat]\n|-enditem|p1a: \ube0c\ub9ac\ub450\ub77c\uc2a4|Shuca Berry|[weaken]\n|-damage|p1a: \ube0c\ub9ac\ub450\ub77c\uc2a4|17/100\n|-ability|p1a: \ube0c\ub9ac\ub450\ub77c\uc2a4|Stamina|boost\n|-boost|p1a: \ube0c\ub9ac\ub450\ub77c\uc2a4|def|1\n|\n|-weather|Sandstorm|[upkeep]\n|upkeep\n|turn|5\n|inactive|jodio09 has 30 seconds left.\n|\n|t:|1776649267\n|move|p1a: \ube0c\ub9ac\ub450\ub77c\uc2a4|Draco Meteor|p2a: Hippowdon|[miss]\n|-miss|p1a: \ube0c\ub9ac\ub450\ub77c\uc2a4|p2a: Hippowdon\n|move|p2a: Hippowdon|Whirlwind|p1a: \ube0c\ub9ac\ub450\ub77c\uc2a4\n|drag|p1a: \ud50c\ub77c\uc5e3\ud14c|Floette-Eternal, L50, F|100/100\n|-damage|p1a: \ud50c\ub77c\uc5e3\ud14c|88/100|[from] Stealth Rock\n|\n|-weather|Sandstorm|[upkeep]\n|-damage|p1a: \ud50c\ub77c\uc5e3\ud14c|82/100|[from] Sandstorm\n|upkeep\n|turn|6\n|inactive|jodio09 has 30 seconds left.\n|\n|t:|1776649296\n|detailschange|p1a: \ud50c\ub77c\uc5e3\ud14c|Floette-Mega, L50, F\n|-mega|p1a: \ud50c\ub77c\uc5e3\ud14c|Floette|Floettite\n|-ability|p1a: \ud50c\ub77c\uc5e3\ud14c|Fairy Aura\n|move|p1a: \ud50c\ub77c\uc5e3\ud14c|Draining Kiss|p2a: Hippowdon\n|-damage|p2a: Hippowdon|58/100\n|-heal|p1a: \ud50c\ub77c\uc5e3\ud14c|100/100|[from] drain|[of] p2a: Hippowdon\n|move|p2a: Hippowdon|Yawn|p1a: \ud50c\ub77c\uc5e3\ud14c\n|-start|p1a: \ud50c\ub77c\uc5e3\ud14c|move: Yawn|[of] p2a: Hippowdon\n|\n|-weather|none\n|upkeep\n|turn|7\n|\n|t:|1776649309\n|switch|p1a: \ube0c\ub9ac\ub450\ub77c\uc2a4|Archaludon, L50, M|17/100\n|-damage|p1a: \ube0c\ub9ac\ub450\ub77c\uc2a4|11/100|[from] Stealth Rock\n|move|p2a: Hippowdon|Whirlwind|p1a: \ube0c\ub9ac\ub450\ub77c\uc2a4\n|drag|p1a: \ub530\ub77c\ud050|Mimikyu, L50, M|100/100\n|-damage|p1a: \ub530\ub77c\ud050|89/100|[from] Stealth Rock\n|\n|upkeep\n|turn|8\n|\n|t:|1776649318\n|move|p1a: \ub530\ub77c\ud050|Swords Dance|p1a: \ub530\ub77c\ud050\n|-boost|p1a: \ub530\ub77c\ud050|atk|2\n|move|p2a: Hippowdon|Yawn|p1a: \ub530\ub77c\ud050\n|-start|p1a: \ub530\ub77c\ud050|move: Yawn|[of] p2a: Hippowdon\n|\n|upkeep\n|turn|9\n|\n|t:|1776649327\n|move|p1a: \ub530\ub77c\ud050|Play Rough|p2a: Hippowdon|[miss]\n|-miss|p1a: \ub530\ub77c\ud050|p2a: Hippowdon\n|move|p2a: Hippowdon|Whirlwind|p1a: \ub530\ub77c\ud050\n|drag|p1a: \ud50c\ub77c\uc5e3\ud14c|Floette-Mega, L50, F|100/100\n|-damage|p1a: \ud50c\ub77c\uc5e3\ud14c|88/100|[from] Stealth Rock\n|-ability|p1a: \ud50c\ub77c\uc5e3\ud14c|Fairy Aura\n|\n|upkeep\n|turn|10\n|\n|t:|1776649337\n|move|p1a: \ud50c\ub77c\uc5e3\ud14c|Moonblast|p2a: Hippowdon\n|-damage|p2a: Hippowdon|0 fnt\n|faint|p2a: Hippowdon\n|\n|upkeep\n|\n|t:|1776649352\n|switch|p2a: Samurott|Samurott-Hisui, L50, M, shiny|9/100\n|turn|11\n|\n|t:|1776649359\n|move|p2a: Samurott|Razor Shell|p1a: \ud50c\ub77c\uc5e3\ud14c\n|-damage|p1a: \ud50c\ub77c\uc5e3\ud14c|25/100\n|-unboost|p1a: \ud50c\ub77c\uc5e3\ud14c|def|1\n|move|p1a: \ud50c\ub77c\uc5e3\ud14c|Draining Kiss|p2a: Samurott\n|-supereffective|p2a: Samurott|1\n|-damage|p2a: Samurott|0 fnt\n|-heal|p1a: \ud50c\ub77c\uc5e3\ud14c|31/100|[from] drain|[of] p2a: Samurott\n|faint|p2a: Samurott\n|\n|upkeep\n|\n|t:|1776649369\n|switch|p2a: Volcarona|Volcarona, L50, M|100/100\n|turn|12\n|\n|t:|1776649386\n|move|p2a: Volcarona|Quiver Dance|p2a: Volcarona\n|-boost|p2a: Volcarona|spa|1\n|-boost|p2a: Volcarona|spd|1\n|-boost|p2a: Volcarona|spe|1\n|move|p1a: \ud50c\ub77c\uc5e3\ud14c|Light of Ruin|p2a: Volcarona\n|-resisted|p2a: Volcarona|1\n|-damage|p2a: Volcarona|60/100\n|-damage|p1a: \ud50c\ub77c\uc5e3\ud14c|12/100|[from] Recoil\n|\n|-heal|p2a: Volcarona|67/100|[from] item: Leftovers\n|upkeep\n|turn|13\n|\n|t:|1776649404\n|move|p2a: Volcarona|Bug Buzz|p1a: \ud50c\ub77c\uc5e3\ud14c\n|-resisted|p1a: \ud50c\ub77c\uc5e3\ud14c|1\n|-damage|p1a: \ud50c\ub77c\uc5e3\ud14c|0 fnt\n|faint|p1a: \ud50c\ub77c\uc5e3\ud14c\n|\n|-heal|p2a: Volcarona|73/100|[from] item: Leftovers\n|upkeep\n|\n|t:|1776649408\n|switch|p1a: \ub530\ub77c\ud050|Mimikyu, L50, M|89/100\n|-damage|p1a: \ub530\ub77c\ud050|77/100|[from] Stealth Rock\n|turn|14\n|\n|t:|1776649414\n|move|p2a: Volcarona|Giga Drain|p1a: \ub530\ub77c\ud050\n|-activate|p1a: \ub530\ub77c\ud050|ability: Disguise\n|-damage|p1a: \ub530\ub77c\ud050|77/100\n|detailschange|p1a: \ub530\ub77c\ud050|Mimikyu-Busted, L50, M\n|-damage|p1a: \ub530\ub77c\ud050|65/100|[from] pokemon: Mimikyu-Busted\n|move|p1a: \ub530\ub77c\ud050|Swords Dance|p1a: \ub530\ub77c\ud050\n|-boost|p1a: \ub530\ub77c\ud050|atk|2\n|\n|-heal|p2a: Volcarona|79/100|[from] item: Leftovers\n|upkeep\n|turn|15\n|\n|t:|1776649429\n|move|p1a: \ub530\ub77c\ud050|Shadow Sneak|p2a: Volcarona\n|-damage|p2a: Volcarona|21/100\n|-status|p1a: \ub530\ub77c\ud050|brn|[from] ability: Flame Body|[of] p2a: Volcarona\n|-enditem|p1a: \ub530\ub77c\ud050|Lum Berry|[eat]\n|-curestatus|p1a: \ub530\ub77c\ud050|brn|[msg]\n|move|p2a: Volcarona|Fiery Dance|p1a: \ub530\ub77c\ud050\n|-damage|p1a: \ub530\ub77c\ud050|0 fnt\n|-boost|p2a: Volcarona|spa|1\n|faint|p1a: \ub530\ub77c\ud050\n|\n|-heal|p2a: Volcarona|28/100|[from] item: Leftovers\n|upkeep\n|\n|t:|1776649433\n|switch|p1a: \ube0c\ub9ac\ub450\ub77c\uc2a4|Archaludon, L50, M|11/100\n|-damage|p1a: \ube0c\ub9ac\ub450\ub77c\uc2a4|5/100|[from] Stealth Rock\n|turn|16\n|c|\u2606Hinya|Trash game\n|\n|t:|1776649446\n|move|p2a: Volcarona|Fiery Dance|p1a: \ube0c\ub9ac\ub450\ub77c\uc2a4\n|-damage|p1a: \ube0c\ub9ac\ub450\ub77c\uc2a4|0 fnt\n|faint|p1a: \ube0c\ub9ac\ub450\ub77c\uc2a4\n|\n|win|jodio09\n|raw|Hinya's rating: 1337 &rarr; <strong>1311</strong><br />(-26 for losing)\n|raw|jodio09's rating: 1224 &rarr; <strong>1257</strong><br />(+33 for winning)\n|l|\u2606jodio09\n|player|p2|\n",
  "uploadtime": 1776649457,
  "views": 7,
  "formatid": "gen9championsbssregma",
  "rating": 1257,
  "private": 0,
  "password": null
}