{
  "id": "gen9championsbssregma-2589206848",
  "format": "[Gen 9 Champions] BSS Reg M-A",
  "players": [
    "dokisimp",
    "Flycken"
  ],
  "log": "|j|\u2606dokisimp\n|j|\u2606Flycken\n|t:|1776706540\n|gametype|singles\n|player|p1|dokisimp|265|\n|player|p2|Flycken|n|\n|gen|9\n|tier|[Gen 9 Champions] BSS Reg M-A\n|rule|Species Clause: Limit one of each Pok\u00e9mon\n|rule|Item Clause: Limit 1 of each item\n|clearpoke\n|poke|p1|Delphox, L50, F|\n|poke|p1|Aegislash, L50, M|\n|poke|p1|Dragapult, L50, F|\n|poke|p1|Meowscarada, L50, F|\n|poke|p1|Rotom-Wash, L50|\n|poke|p1|Corviknight, L50, F|\n|poke|p2|Lopunny, L50, M|\n|poke|p2|Dragonite, L50, F|\n|poke|p2|Aegislash, L50, M, shiny|\n|poke|p2|Slowking-Galar, L50, F, shiny|\n|poke|p2|Skeledirge, L50, M, shiny|\n|poke|p2|Meowscarada, L50, M, shiny|\n|teampreview|3\n|\n|t:|1776706610\n|teamsize|p1|3\n|teamsize|p2|3\n|start\n|switch|p1a: Corviknight|Corviknight, L50, F|100/100\n|switch|p2a: Lopunny|Lopunny, L50, M|100/100\n|turn|1\n|\n|t:|1776706615\n|detailschange|p2a: Lopunny|Lopunny-Mega, L50, M\n|-mega|p2a: Lopunny|Lopunny|Lopunnite\n|move|p2a: Lopunny|Fake Out|p1a: Corviknight\n|-resisted|p1a: Corviknight|1\n|-damage|p1a: Corviknight|94/100\n|cant|p1a: Corviknight|flinch\n|\n|upkeep\n|turn|2\n|\n|t:|1776706631\n|switch|p2a: Aegislash|Aegislash, L50, M, shiny|100/100\n|move|p1a: Corviknight|U-turn|p2a: Aegislash\n|-resisted|p2a: Aegislash|2\n|-damage|p2a: Aegislash|98/100\n|\n|t:|1776706650\n|switch|p1a: Aegislash|Aegislash, L50, M|100/100|[from] U-turn\n|\n|-heal|p2a: Aegislash|100/100|[from] item: Leftovers\n|upkeep\n|turn|3\n|\n|t:|1776706669\n|move|p1a: Aegislash|Swords Dance|p1a: Aegislash\n|-boost|p1a: Aegislash|atk|2\n|move|p2a: Aegislash|Swords Dance|p2a: Aegislash\n|-boost|p2a: Aegislash|atk|2\n|\n|upkeep\n|turn|4\n|\n|t:|1776706681\n|move|p2a: Aegislash|King's Shield|p2a: Aegislash\n|-singleturn|p2a: Aegislash|Protect\n|move|p1a: Aegislash|Swords Dance|p1a: Aegislash\n|-boost|p1a: Aegislash|atk|2\n|\n|upkeep\n|turn|5\n|j| meteorplayz_\n|\n|t:|1776706687\n|-formechange|p1a: Aegislash|Aegislash-Blade|\n|move|p1a: Aegislash|Shadow Sneak|p2a: Aegislash\n|-supereffective|p2a: Aegislash|1\n|-damage|p2a: Aegislash|0 fnt\n|faint|p2a: Aegislash\n|\n|upkeep\n|\n|t:|1776706694\n|switch|p2a: Meowscarada|Meowscarada, L50, M, shiny|100/100\n|turn|6\n|\n|t:|1776706697\n|-formechange|p1a: Aegislash|Aegislash|\n|move|p1a: Aegislash|King's Shield|p1a: Aegislash\n|-singleturn|p1a: Aegislash|Protect\n|move|p2a: Meowscarada|Knock Off|p1a: Aegislash\n|-start|p2a: Meowscarada|typechange|Dark|[from] ability: Protean\n|-activate|p1a: Aegislash|move: Protect\n|-unboost|p2a: Meowscarada|atk|1\n|\n|upkeep\n|turn|7\n|\n|t:|1776706702\n|move|p2a: Meowscarada|Knock Off|p1a: Aegislash\n|-supereffective|p1a: Aegislash|1\n|-damage|p1a: Aegislash|46/100\n|-enditem|p1a: Aegislash|Leftovers|[from] move: Knock Off|[of] p2a: Meowscarada\n|-formechange|p1a: Aegislash|Aegislash-Blade|\n|move|p1a: Aegislash|Iron Head|p2a: Meowscarada\n|-damage|p2a: Meowscarada|0 fnt\n|faint|p2a: Meowscarada\n|\n|upkeep\n|\n|t:|1776706704\n|switch|p2a: Lopunny|Lopunny-Mega, L50, M|100/100\n|turn|8\n|\n|t:|1776706707\n|-formechange|p1a: Aegislash|Aegislash|\n|move|p1a: Aegislash|King's Shield|p1a: Aegislash\n|-singleturn|p1a: Aegislash|Protect\n|move|p2a: Lopunny|Fake Out|p1a: Aegislash\n|-activate|p1a: Aegislash|move: Protect\n|-unboost|p2a: Lopunny|atk|1\n|\n|upkeep\n|turn|9\n|\n|t:|1776706710\n|move|p2a: Lopunny|Close Combat|p1a: Aegislash\n|-supereffective|p1a: Aegislash|1\n|-damage|p1a: Aegislash|0 fnt\n|-unboost|p2a: Lopunny|def|1\n|-unboost|p2a: Lopunny|spd|1\n|faint|p1a: Aegislash\n|\n|upkeep\n|\n|t:|1776706714\n|switch|p1a: Meowscarada|Meowscarada, L50, F|100/100\n|turn|10\n|\n|t:|1776706721\n|move|p1a: Meowscarada|Flower Trick|p2a: Lopunny\n|-start|p1a: Meowscarada|typechange|Grass|[from] ability: Protean\n|-crit|p2a: Lopunny\n|-damage|p2a: Lopunny|0 fnt\n|faint|p2a: Lopunny\n|\n|win|dokisimp\n",
  "uploadtime": 1776706721,
  "views": 5,
  "formatid": "gen9championsbssregma",
  "rating": null,
  "private": 0,
  "password": null
}