{
  "id": "gen9championsbssregma-2583684309",
  "format": "[Gen 9 Champions] BSS Reg M-A",
  "players": [
    "palomanco",
    "NeonSparrow"
  ],
  "log": "|j|\u2606palomanco\n|j|\u2606NeonSparrow\n|t:|1776190873\n|gametype|singles\n|player|p1|palomanco|102|1195\n|player|p2|NeonSparrow|bellelba|1137\n|gen|9\n|tier|[Gen 9 Champions] BSS Reg M-A\n|rated|\n|rule|Species Clause: Limit one of each Pok\u00e9mon\n|rule|Item Clause: Limit 1 of each item\n|clearpoke\n|poke|p1|Garchomp, L50, M|\n|poke|p1|Vanilluxe, L50, F|\n|poke|p1|Whimsicott, L50, F|\n|poke|p1|Talonflame, L50, F|\n|poke|p1|Araquanid, L50, M|\n|poke|p1|Lopunny, L50, M|\n|poke|p2|Floette-Eternal, L50, F|\n|poke|p2|Garchomp, L50, M|\n|poke|p2|Clefable, L50, M|\n|poke|p2|Gengar, L50, F|\n|poke|p2|Dragapult, L50, F|\n|poke|p2|Kingambit, L50, F|\n|teampreview|3\n|j| The Educated Fool\n|\n|t:|1776190891\n|teamsize|p1|3\n|teamsize|p2|3\n|start\n|switch|p1a: Talonflame|Talonflame, L50, F|100/100\n|switch|p2a: Garchomp|Garchomp, L50, M|100/100\n|turn|1\n|\n|t:|1776190897\n|move|p2a: Garchomp|Stealth Rock|p1a: Talonflame\n|-sidestart|p1: palomanco|move: Stealth Rock\n|move|p1a: Talonflame|Will-O-Wisp|p2a: Garchomp\n|-status|p2a: Garchomp|brn\n|\n|-damage|p2a: Garchomp|94/100 brn|[from] brn\n|upkeep\n|turn|2\n|\n|t:|1776190902\n|move|p2a: Garchomp|Rock Slide|p1a: Talonflame\n|-supereffective|p1a: Talonflame|2\n|-damage|p1a: Talonflame|63/100\n|move|p1a: Talonflame|Defog|p2a: Garchomp\n|-unboost|p2a: Garchomp|evasion|1\n|-sideend|p1: palomanco|Stealth Rock|[from] move: Defog|[of] p1a: Talonflame\n|\n|-damage|p2a: Garchomp|88/100 brn|[from] brn\n|upkeep\n|turn|3\n|\n|t:|1776190907\n|move|p2a: Garchomp|Stealth Rock|p1a: Talonflame\n|-sidestart|p1: palomanco|move: Stealth Rock\n|move|p1a: Talonflame|Roost|p1a: Talonflame\n|-heal|p1a: Talonflame|100/100\n|-singleturn|p1a: Talonflame|move: Roost\n|\n|-damage|p2a: Garchomp|82/100 brn|[from] brn\n|upkeep\n|turn|4\n|\n|t:|1776190911\n|move|p1a: Talonflame|Defog|p2a: Garchomp\n|-unboost|p2a: Garchomp|evasion|1\n|-sideend|p1: palomanco|Stealth Rock|[from] move: Defog|[of] p1a: Talonflame\n|move|p2a: Garchomp|Dragon Tail|p1a: Talonflame|[miss]\n|-miss|p2a: Garchomp|p1a: Talonflame\n|\n|-damage|p2a: Garchomp|76/100 brn|[from] brn\n|upkeep\n|turn|5\n|\n|t:|1776190921\n|move|p2a: Garchomp|Stealth Rock|p1a: Talonflame\n|-sidestart|p1: palomanco|move: Stealth Rock\n|move|p1a: Talonflame|Flamethrower|p2a: Garchomp\n|-resisted|p2a: Garchomp|1\n|-damage|p2a: Garchomp|65/100 brn\n|\n|-damage|p2a: Garchomp|59/100 brn|[from] brn\n|upkeep\n|turn|6\n|\n|t:|1776190924\n|move|p1a: Talonflame|Defog|p2a: Garchomp\n|-unboost|p2a: Garchomp|evasion|1\n|-sideend|p1: palomanco|Stealth Rock|[from] move: Defog|[of] p1a: Talonflame\n|move|p2a: Garchomp|Dragon Tail|p1a: Talonflame\n|-damage|p1a: Talonflame|88/100\n|drag|p1a: Lopunny|Lopunny, L50, M|100/100\n|\n|-damage|p2a: Garchomp|53/100 brn|[from] brn\n|upkeep\n|turn|7\n|\n|t:|1776190927\n|detailschange|p1a: Lopunny|Lopunny-Mega, L50, M\n|-mega|p1a: Lopunny|Lopunny|Lopunnite\n|move|p1a: Lopunny|Close Combat|p2a: Garchomp\n|-damage|p2a: Garchomp|0 fnt\n|-unboost|p1a: Lopunny|def|1\n|-unboost|p1a: Lopunny|spd|1\n|-damage|p1a: Lopunny|89/100|[from] ability: Rough Skin|[of] p2a: Garchomp\n|faint|p2a: Garchomp\n|\n|upkeep\n|\n|t:|1776190934\n|switch|p2a: Gengar|Gengar, L50, F|100/100\n|turn|8\n|\n|t:|1776190951\n|detailschange|p2a: Gengar|Gengar-Mega, L50, F\n|-mega|p2a: Gengar|Gengar|Gengarite\n|move|p1a: Lopunny|U-turn|p2a: Gengar\n|-resisted|p2a: Gengar|2\n|-damage|p2a: Gengar|90/100\n|\n|t:|1776190955\n|switch|p1a: Talonflame|Talonflame, L50, F|88/100|[from] U-turn\n|move|p2a: Gengar|Sludge Wave|p1a: Talonflame\n|-damage|p1a: Talonflame|15/100\n|\n|upkeep\n|turn|9\n|\n|t:|1776190963\n|switch|p2a: Dragapult|Dragapult, L50, F|100/100\n|move|p1a: Talonflame|Will-O-Wisp|p2a: Dragapult\n|-status|p2a: Dragapult|brn\n|\n|-damage|p2a: Dragapult|94/100 brn|[from] brn\n|upkeep\n|turn|10\n|\n|t:|1776190968\n|move|p2a: Dragapult|Dragon Darts|p1a: Talonflame\n|-damage|p1a: Talonflame|4/100\n|-anim|p2a: Dragapult|Dragon Darts|p1a: Talonflame\n|-damage|p1a: Talonflame|0 fnt\n|faint|p1a: Talonflame\n|\n|-damage|p2a: Dragapult|88/100 brn|[from] brn\n|upkeep\n|\n|t:|1776190973\n|switch|p1a: Lopunny|Lopunny-Mega, L50, M|89/100\n|turn|11\n|\n|t:|1776190976\n|move|p2a: Dragapult|Will-O-Wisp|p1a: Lopunny\n|-status|p1a: Lopunny|brn\n|move|p1a: Lopunny|Close Combat|p2a: Dragapult\n|-damage|p2a: Dragapult|45/100 brn\n|-unboost|p1a: Lopunny|def|1\n|-unboost|p1a: Lopunny|spd|1\n|\n|-damage|p2a: Dragapult|39/100 brn|[from] brn\n|-damage|p1a: Lopunny|83/100 brn|[from] brn\n|upkeep\n|turn|12\n|\n|t:|1776190981\n|move|p2a: Dragapult|Dragon Darts|p1a: Lopunny\n|-damage|p1a: Lopunny|60/100 brn\n|-anim|p2a: Dragapult|Dragon Darts|p1a: Lopunny\n|-damage|p1a: Lopunny|34/100 brn\n|move|p1a: Lopunny|Close Combat|p2a: Dragapult\n|-crit|p2a: Dragapult\n|-damage|p2a: Dragapult|0 fnt\n|-unboost|p1a: Lopunny|def|1\n|-unboost|p1a: Lopunny|spd|1\n|faint|p2a: Dragapult\n|\n|-damage|p1a: Lopunny|28/100 brn|[from] brn\n|upkeep\n|\n|t:|1776190984\n|switch|p2a: Gengar|Gengar-Mega, L50, F|90/100\n|turn|13\n|\n|t:|1776190998\n|move|p1a: Lopunny|Giga Impact|p2a: Gengar\n|-damage|p2a: Gengar|26/100\n|-mustrecharge|p1a: Lopunny\n|move|p2a: Gengar|Substitute|p2a: Gengar\n|-start|p2a: Gengar|Substitute\n|-damage|p2a: Gengar|1/100\n|\n|-damage|p1a: Lopunny|22/100 brn|[from] brn\n|upkeep\n|turn|14\n|\n|t:|1776191002\n|cant|p1a: Lopunny|recharge\n|move|p2a: Gengar|Sludge Wave|p1a: Lopunny\n|-damage|p1a: Lopunny|0 fnt\n|faint|p1a: Lopunny\n|\n|upkeep\n|\n|t:|1776191004\n|switch|p1a: Araquanid|Araquanid, L50, M|100/100\n|turn|15\n|\n|t:|1776191006\n|move|p2a: Gengar|Sludge Wave|p1a: Araquanid\n|-damage|p1a: Araquanid|50/100\n|-enditem|p1a: Araquanid|Sitrus Berry|[eat]\n|-heal|p1a: Araquanid|75/100|[from] item: Sitrus Berry\n|move|p1a: Araquanid|Liquidation|p2a: Gengar\n|-end|p2a: Gengar|Substitute\n|\n|upkeep\n|turn|16\n|\n|t:|1776191012\n|move|p2a: Gengar|Sludge Wave|p1a: Araquanid\n|-damage|p1a: Araquanid|26/100\n|move|p1a: Araquanid|Liquidation|p2a: Gengar\n|-damage|p2a: Gengar|0 fnt\n|faint|p2a: Gengar\n|\n|win|palomanco\n|raw|palomanco's rating: 1195 &rarr; <strong>1216</strong><br />(+21 for winning)\n|raw|NeonSparrow's rating: 1137 &rarr; <strong>1116</strong><br />(-21 for losing)\n|l|\u2606palomanco\n|player|p1|\n|l|\u2606NeonSparrow\n|player|p2|\n",
  "uploadtime": 1776191027,
  "views": 5,
  "formatid": "gen9championsbssregma",
  "rating": 1116,
  "private": 0,
  "password": null
}