{
  "id": "gen9championsbssregma-2580885095",
  "format": "[Gen 9 Champions] BSS Reg M-A",
  "players": [
    "rhoa776",
    "a swift knock off"
  ],
  "log": "|j|\u2606rhoa776\n|j|\u2606a swift knock off\n|t:|1775940456\n|gametype|singles\n|player|p1|rhoa776|169|1127\n|player|p2|a swift knock off|guitarist|1160\n|gen|9\n|tier|[Gen 9 Champions] BSS Reg M-A\n|rated|\n|rule|Species Clause: Limit one of each Pok\u00e9mon\n|rule|Item Clause: Limit 1 of each item\n|clearpoke\n|poke|p1|Lopunny, L50, F|\n|poke|p1|Milotic, L50, F|\n|poke|p1|Hydreigon, L50, F|\n|poke|p1|Ceruledge, L50, F|\n|poke|p1|Sinistcha, L50|\n|poke|p1|Volcarona, L50, M|\n|poke|p2|Gengar, L50, F|\n|poke|p2|Greninja-*, L50, M|\n|poke|p2|Corviknight, L50, M|\n|poke|p2|Slowbro-Galar, L50, F|\n|poke|p2|Manectric, L50, F|\n|poke|p2|Garchomp, L50, F|\n|teampreview|3\n|j| sillymode\n|\n|t:|1775940494\n|teamsize|p1|3\n|teamsize|p2|3\n|start\n|switch|p1a: Lopunny|Lopunny, L50, F|100/100\n|switch|p2a: Greninja|Greninja, L50, M|100/100\n|turn|1\n|\n|t:|1775940510\n|detailschange|p1a: Lopunny|Lopunny-Mega, L50, F\n|-mega|p1a: Lopunny|Lopunny|Lopunnite\n|move|p1a: Lopunny|Fake Out|p2a: Greninja\n|-damage|p2a: Greninja|65/100\n|cant|p2a: Greninja|flinch\n|\n|upkeep\n|turn|2\n|\n|t:|1775940536\n|move|p2a: Greninja|Extrasensory|p1a: Lopunny\n|-start|p2a: Greninja|typechange|Psychic|[from] ability: Protean\n|-supereffective|p1a: Lopunny|1\n|-damage|p1a: Lopunny|2/100\n|move|p1a: Lopunny|U-turn|p2a: Greninja\n|-supereffective|p2a: Greninja|1\n|-damage|p2a: Greninja|0 fnt\n|faint|p2a: Greninja\n|\n|t:|1775940577\n|switch|p1a: Ceruledge|Ceruledge, L50, F|100/100|[from] U-turn\n|\n|upkeep\n|inactive|Battle timer is ON: inactive players will automatically lose when time's up. (requested by rhoa776)\n|\n|t:|1775940603\n|switch|p2a: Gengar|Gengar, L50, F|100/100\n|turn|3\n|\n|t:|1775940609\n|detailschange|p2a: Gengar|Gengar-Mega, L50, F\n|-mega|p2a: Gengar|Gengar|Gengarite\n|move|p2a: Gengar|Shadow Ball|p1a: Ceruledge\n|-supereffective|p1a: Ceruledge|1\n|-enditem|p1a: Ceruledge|Focus Sash\n|-damage|p1a: Ceruledge|1/100\n|move|p1a: Ceruledge|Swords Dance|p1a: Ceruledge\n|-boost|p1a: Ceruledge|atk|2\n|\n|upkeep\n|turn|4\n|\n|t:|1775940620\n|move|p1a: Ceruledge|Shadow Sneak|p2a: Gengar\n|-supereffective|p2a: Gengar|1\n|-damage|p2a: Gengar|0 fnt\n|faint|p2a: Gengar\n|\n|upkeep\n|\n|t:|1775940624\n|switch|p2a: Slowbro|Slowbro-Galar, L50, F|100/100\n|turn|5\n|-activate|p2a: Slowbro|ability: Quick Draw\n|\n|t:|1775940640\n|move|p1a: Ceruledge|Shadow Sneak|p2a: Slowbro\n|-supereffective|p2a: Slowbro|1\n|-damage|p2a: Slowbro|14/100\n|move|p2a: Slowbro|Psychic|p1a: Ceruledge\n|-damage|p1a: Ceruledge|0 fnt\n|faint|p1a: Ceruledge\n|\n|upkeep\n|\n|t:|1775940647\n|switch|p1a: Lopunny|Lopunny-Mega, L50, F|2/100\n|turn|6\n|\n|t:|1775940650\n|move|p1a: Lopunny|Fake Out|p2a: Slowbro\n|-damage|p2a: Slowbro|0 fnt\n|faint|p2a: Slowbro\n|\n|win|rhoa776\n|raw|rhoa776's rating: 1127 &rarr; <strong>1154</strong><br />(+27 for winning)\n|raw|a swift knock off's rating: 1160 &rarr; <strong>1133</strong><br />(-27 for losing)\n",
  "uploadtime": 1775940658,
  "views": 14,
  "formatid": "gen9championsbssregma",
  "rating": 1133,
  "private": 0,
  "password": null
}