{
  "id": "gen9championsbssregma-2584841212",
  "format": "[Gen 9 Champions] BSS Reg M-A",
  "players": [
    "lionyx98",
    "meatrub"
  ],
  "log": "|j|\u2606lionyx98\n|j|\u2606meatrub\n|t:|1776287819\n|gametype|singles\n|player|p1|lionyx98|norman-gen3|1000\n|player|p2|meatrub|swimmer-gen4dp|1054\n|gen|9\n|tier|[Gen 9 Champions] BSS Reg M-A\n|rated|\n|rule|Species Clause: Limit one of each Pok\u00e9mon\n|rule|Item Clause: Limit 1 of each item\n|clearpoke\n|poke|p1|Aerodactyl, L50, M|\n|poke|p1|Charizard, L50, M|\n|poke|p1|Starmie, L50|\n|poke|p1|Ditto, L50|\n|poke|p1|Aegislash, L50, M|\n|poke|p1|Dragonite, L50, M|\n|poke|p2|Feraligatr, L50, M|\n|poke|p2|Garchomp, L50, M|\n|poke|p2|Weavile, L50, M|\n|poke|p2|Serperior, L50, M|\n|poke|p2|Glimmora, L50, M|\n|poke|p2|Pinsir, L50, M|\n|teampreview|3\n|inactive|Battle timer is ON: inactive players will automatically lose when time's up. (requested by lionyx98)\n|inactive|lionyx98 has 60 seconds left.\n|\n|t:|1776287852\n|teamsize|p1|3\n|teamsize|p2|3\n|start\n|switch|p1a: Starmie|Starmie, L50|100/100\n|switch|p2a: Glimmora|Glimmora, L50, M|100/100\n|turn|1\n|\n|t:|1776287861\n|detailschange|p1a: Starmie|Starmie-Mega, L50\n|-mega|p1a: Starmie|Starmie|Starminite\n|move|p1a: Starmie|Zen Headbutt|p2a: Glimmora\n|-supereffective|p2a: Glimmora|1\n|-enditem|p2a: Glimmora|Focus Sash\n|-damage|p2a: Glimmora|1/100\n|-activate|p2a: Glimmora|ability: Toxic Debris\n|-sidestart|p1: lionyx98|move: Toxic Spikes\n|move|p2a: Glimmora|Stealth Rock|p1a: Starmie\n|-sidestart|p1: lionyx98|move: Stealth Rock\n|\n|upkeep\n|turn|2\n|\n|t:|1776287883\n|move|p1a: Starmie|Liquidation|p2a: Glimmora\n|-supereffective|p2a: Glimmora|1\n|-damage|p2a: Glimmora|0 fnt\n|-activate|p2a: Glimmora|ability: Toxic Debris\n|-sidestart|p1: lionyx98|move: Toxic Spikes\n|faint|p2a: Glimmora\n|\n|upkeep\n|\n|t:|1776287890\n|switch|p2a: Serperior|Serperior, L50, M|100/100\n|turn|3\n|\n|t:|1776287898\n|move|p1a: Starmie|Ice Spinner|p2a: Serperior\n|-supereffective|p2a: Serperior|1\n|-damage|p2a: Serperior|0 fnt\n|faint|p2a: Serperior\n|\n|upkeep\n|\n|t:|1776287903\n|switch|p2a: Feraligatr|Feraligatr, L50, M|100/100\n|turn|4\n|\n|t:|1776287908\n|detailschange|p2a: Feraligatr|Feraligatr-Mega, L50, M\n|-mega|p2a: Feraligatr|Feraligatr|Feraligite\n|move|p1a: Starmie|Zen Headbutt|p2a: Feraligatr|[miss]\n|-miss|p1a: Starmie|p2a: Feraligatr\n|move|p2a: Feraligatr|Dragon Dance|p2a: Feraligatr\n|-boost|p2a: Feraligatr|atk|1\n|-boost|p2a: Feraligatr|spe|1\n|\n|upkeep\n|turn|5\n|\n|t:|1776287922\n|move|p2a: Feraligatr|Body Slam|p1a: Starmie\n|-damage|p1a: Starmie|0 fnt\n|faint|p1a: Starmie\n|\n|upkeep\n|\n|t:|1776287928\n|switch|p1a: Ditto|Ditto, L50, shiny|100/100\n|-status|p1a: Ditto|tox\n|-damage|p1a: Ditto|88/100 tox|[from] Stealth Rock\n|-transform|p1a: Ditto|p2a: Feraligatr|[from] ability: Imposter\n|turn|6\n|\n|t:|1776287944\n|move|p1a: Ditto|Body Slam|p2a: Feraligatr\n|-supereffective|p2a: Feraligatr|1\n|-damage|p2a: Feraligatr|0 fnt\n|faint|p2a: Feraligatr\n|\n|win|lionyx98\n|raw|lionyx98's rating: 1000 &rarr; <strong>1046</strong><br />(+46 for winning)\n|raw|meatrub's rating: 1054 &rarr; <strong>1033</strong><br />(-21 for losing)\n|l|\u2606meatrub\n|player|p2|\n|c|\u2606lionyx98|gg\n",
  "uploadtime": 1776287952,
  "views": 6,
  "formatid": "gen9championsbssregma",
  "rating": 1033,
  "private": 0,
  "password": null
}