{
  "id": "gen9championsbssregma-2589551948",
  "format": "[Gen 9 Champions] BSS Reg M-A",
  "players": [
    "conrookman",
    "Gon1108"
  ],
  "log": "|j|\u2606conrookman\n|j|\u2606Gon1108\n|t:|1776733419\n|gametype|singles\n|player|p1|conrookman|170|1206\n|player|p2|Gon1108|102|1166\n|gen|9\n|tier|[Gen 9 Champions] BSS Reg M-A\n|rated|\n|rule|Species Clause: Limit one of each Pok\u00e9mon\n|rule|Item Clause: Limit 1 of each item\n|clearpoke\n|poke|p1|Gyarados, L50, M|\n|poke|p1|Scizor, L50, F|\n|poke|p1|Bellibolt, L50, F|\n|poke|p1|Dragapult, L50, F|\n|poke|p1|Clefable, L50, M|\n|poke|p1|Diggersby, L50, M|\n|poke|p2|Mimikyu, L50, F|\n|poke|p2|Delphox, L50, M|\n|poke|p2|Scizor, L50, M|\n|poke|p2|Meowscarada, L50, M|\n|poke|p2|Primarina, L50, F|\n|poke|p2|Archaludon, L50, M|\n|teampreview|3\n|\n|t:|1776733459\n|teamsize|p1|3\n|teamsize|p2|3\n|start\n|switch|p1a: Diggersby|Diggersby, L50, M|100/100\n|switch|p2a: Primarina|Primarina, L50, F|100/100\n|turn|1\n|\n|t:|1776733469\n|move|p1a: Diggersby|Earthquake|p2a: Primarina\n|-damage|p2a: Primarina|30/100\n|-enditem|p2a: Primarina|Sitrus Berry|[eat]\n|-heal|p2a: Primarina|55/100|[from] item: Sitrus Berry\n|move|p2a: Primarina|Sparkling Aria|p1a: Diggersby\n|-supereffective|p1a: Diggersby|1\n|-enditem|p1a: Diggersby|Focus Sash\n|-damage|p1a: Diggersby|1/100\n|\n|upkeep\n|turn|2\n|\n|t:|1776733472\n|move|p2a: Primarina|Aqua Jet|p1a: Diggersby\n|-supereffective|p1a: Diggersby|1\n|-damage|p1a: Diggersby|0 fnt\n|faint|p1a: Diggersby\n|\n|upkeep\n|\n|t:|1776733479\n|switch|p1a: Bellibolt|Bellibolt, L50, F|100/100\n|turn|3\n|\n|t:|1776733501\n|move|p2a: Primarina|Moonblast|p1a: Bellibolt\n|-damage|p1a: Bellibolt|51/100\n|-start|p1a: Bellibolt|Charge|Moonblast|[from] ability: Electromorphosis\n|move|p1a: Bellibolt|Parabolic Charge|p2a: Primarina\n|-supereffective|p2a: Primarina|1\n|-damage|p2a: Primarina|0 fnt\n|-heal|p1a: Bellibolt|75/100|[from] drain|[of] p2a: Primarina\n|faint|p2a: Primarina\n|-end|p1a: Bellibolt|Charge|[silent]\n|\n|-heal|p1a: Bellibolt|81/100|[from] item: Leftovers\n|upkeep\n|\n|t:|1776733507\n|switch|p2a: Scizor|Scizor, L50, M|100/100\n|turn|4\n|\n|t:|1776733511\n|detailschange|p2a: Scizor|Scizor-Mega, L50, M\n|-mega|p2a: Scizor|Scizor|Scizorite\n|move|p2a: Scizor|Swords Dance|p2a: Scizor\n|-boost|p2a: Scizor|atk|2\n|move|p1a: Bellibolt|Soak|p2a: Scizor\n|-start|p2a: Scizor|typechange|Water\n|\n|-heal|p1a: Bellibolt|87/100|[from] item: Leftovers\n|upkeep\n|turn|5\n|\n|t:|1776733518\n|move|p2a: Scizor|Close Combat|p1a: Bellibolt\n|-damage|p1a: Bellibolt|24/100\n|-unboost|p2a: Scizor|def|1\n|-unboost|p2a: Scizor|spd|1\n|-start|p1a: Bellibolt|Charge|Close Combat|[from] ability: Electromorphosis\n|move|p1a: Bellibolt|Parabolic Charge|p2a: Scizor\n|-supereffective|p2a: Scizor|1\n|-damage|p2a: Scizor|0 fnt\n|-heal|p1a: Bellibolt|65/100|[from] drain|[of] p2a: Scizor\n|faint|p2a: Scizor\n|-end|p1a: Bellibolt|Charge|[silent]\n|\n|-heal|p1a: Bellibolt|71/100|[from] item: Leftovers\n|upkeep\n|-message|Gon1108 forfeited.\n|\n|win|conrookman\n|raw|conrookman's rating: 1206 &rarr; <strong>1228</strong><br />(+22 for winning)\n|raw|Gon1108's rating: 1166 &rarr; <strong>1144</strong><br />(-22 for losing)\n|l|\u2606Gon1108\n|player|p2|\n",
  "uploadtime": 1776733547,
  "views": 1,
  "formatid": "gen9championsbssregma",
  "rating": 1144,
  "private": 0,
  "password": null
}