{
  "id": "gen9championsbssregma-2588556856",
  "format": "[Gen 9 Champions] BSS Reg M-A",
  "players": [
    "qweralt",
    "H4KUTO"
  ],
  "log": "|j|\u2606qweralt\n|j|\u2606H4KUTO\n|t:|1776644694\n|gametype|singles\n|player|p1|qweralt|boarder|1175\n|player|p2|H4KUTO|1|1113\n|gen|9\n|tier|[Gen 9 Champions] BSS Reg M-A\n|rated|\n|rule|Species Clause: Limit one of each Pok\u00e9mon\n|rule|Item Clause: Limit 1 of each item\n|clearpoke\n|poke|p1|Delphox, L50, M|\n|poke|p1|Hatterene, L50, F|\n|poke|p1|Weavile, L50, M|\n|poke|p1|Volcarona, L50, M|\n|poke|p1|Rotom-Wash, L50|\n|poke|p1|Ditto, L50, shiny|\n|poke|p2|Dragonite, L50, F|\n|poke|p2|Volcarona, L50, M|\n|poke|p2|Primarina, L50, F|\n|poke|p2|Glimmora, L50, F|\n|poke|p2|Corviknight, L50, M|\n|poke|p2|Mimikyu, L50, M|\n|teampreview|3\n|inactive|Battle timer is ON: inactive players will automatically lose when time's up. (requested by H4KUTO)\n|inactive|H4KUTO has 60 seconds left.\n|\n|t:|1776644751\n|teamsize|p1|3\n|teamsize|p2|3\n|start\n|switch|p1a: Delphox|Delphox, L50, M|100/100\n|switch|p2a: Primarina|Primarina, L50, F|100/100\n|turn|1\n|\n|t:|1776644767\n|switch|p1a: Rotom-Miss|Rotom-Wash, L50|100/100\n|move|p2a: Primarina|Sparkling Aria|p1a: Rotom-Miss\n|-resisted|p1a: Rotom-Miss|1\n|-damage|p1a: Rotom-Miss|81/100\n|\n|upkeep\n|turn|2\n|inactive|H4KUTO has 30 seconds left.\n|inactive|H4KUTO has 20 seconds left.\n|inactive|H4KUTO has 15 seconds left.\n|inactive|H4KUTO has 10 seconds left.\n|inactive|H4KUTO has 5 seconds left.\n|\n|t:|1776644818\n|move|p1a: Rotom-Miss|Will-O-Wisp|p2a: Primarina|[miss]\n|-miss|p1a: Rotom-Miss|p2a: Primarina\n|move|p2a: Primarina|Moonblast|p1a: Rotom-Miss\n|-damage|p1a: Rotom-Miss|45/100\n|\n|upkeep\n|turn|3\n|\n|t:|1776644836\n|move|p2a: Primarina|Protect|p2a: Primarina\n|-singleturn|p2a: Primarina|Protect\n|move|p1a: Rotom-Miss|Pain Split|p2a: Primarina\n|-activate|p2a: Primarina|move: Protect\n|\n|upkeep\n|turn|4\n|inactive|H4KUTO has 30 seconds left.\n|inactive|H4KUTO has 20 seconds left.\n|inactive|H4KUTO has 15 seconds left.\n|\n|t:|1776644876\n|switch|p2a: Mimikyu|Mimikyu, L50, M|100/100\n|move|p1a: Rotom-Miss|Pain Split|p2a: Mimikyu\n|-sethp|p2a: Mimikyu|77/100|[from] move: Pain Split|[silent]\n|-sethp|p1a: Rotom-Miss|64/100|[from] move: Pain Split\n|\n|upkeep\n|turn|5\n|\n|t:|1776644884\n|move|p2a: Mimikyu|Swords Dance|p2a: Mimikyu\n|-boost|p2a: Mimikyu|atk|2\n|move|p1a: Rotom-Miss|Will-O-Wisp|p2a: Mimikyu\n|-status|p2a: Mimikyu|brn\n|\n|-damage|p2a: Mimikyu|71/100 brn|[from] brn\n|upkeep\n|turn|6\n|\n|t:|1776644903\n|move|p2a: Mimikyu|Swords Dance|p2a: Mimikyu\n|-boost|p2a: Mimikyu|atk|2\n|move|p1a: Rotom-Miss|Hydro Pump|p2a: Mimikyu\n|-activate|p2a: Mimikyu|ability: Disguise\n|-damage|p2a: Mimikyu|71/100 brn\n|detailschange|p2a: Mimikyu|Mimikyu-Busted, L50, M\n|-damage|p2a: Mimikyu|59/100 brn|[from] pokemon: Mimikyu-Busted\n|\n|-damage|p2a: Mimikyu|52/100 brn|[from] brn\n|upkeep\n|turn|7\n|\n|t:|1776644915\n|move|p2a: Mimikyu|Play Rough|p1a: Rotom-Miss\n|-damage|p1a: Rotom-Miss|13/100\n|move|p1a: Rotom-Miss|Hydro Pump|p2a: Mimikyu\n|-damage|p2a: Mimikyu|1/100 brn\n|\n|-damage|p2a: Mimikyu|0 fnt|[from] brn\n|faint|p2a: Mimikyu\n|upkeep\n|\n|t:|1776644924\n|switch|p2a: Dragonite|Dragonite, L50, F|100/100\n|turn|8\n|\n|t:|1776644942\n|detailschange|p2a: Dragonite|Dragonite-Mega, L50, F\n|-mega|p2a: Dragonite|Dragonite|Dragoninite\n|move|p2a: Dragonite|Air Slash|p1a: Rotom-Miss\n|-resisted|p1a: Rotom-Miss|1\n|-damage|p1a: Rotom-Miss|0 fnt\n|faint|p1a: Rotom-Miss\n|\n|upkeep\n|\n|t:|1776644950\n|switch|p1a: Weavile|Weavile, L50, M|100/100\n|-ability|p1a: Weavile|Pressure\n|turn|9\n|\n|t:|1776644965\n|move|p1a: Weavile|Triple Axel|p2a: Dragonite\n|-supereffective|p2a: Dragonite|2\n|-damage|p2a: Dragonite|81/100\n|-supereffective|p2a: Dragonite|2\n|-damage|p2a: Dragonite|6/100\n|-supereffective|p2a: Dragonite|2\n|-damage|p2a: Dragonite|0 fnt\n|faint|p2a: Dragonite\n|-hitcount|p2: Dragonite|3\n|\n|upkeep\n|\n|t:|1776644974\n|switch|p2a: Primarina|Primarina, L50, F|100/100\n|turn|10\n|\n|t:|1776644979\n|move|p1a: Weavile|Knock Off|p2a: Primarina\n|-resisted|p2a: Primarina|1\n|-damage|p2a: Primarina|81/100\n|-enditem|p2a: Primarina|Leftovers|[from] move: Knock Off|[of] p1a: Weavile\n|move|p2a: Primarina|Moonblast|p1a: Weavile\n|-supereffective|p1a: Weavile|1\n|-crit|p1a: Weavile\n|-damage|p1a: Weavile|0 fnt\n|faint|p1a: Weavile\n|\n|upkeep\n|\n|t:|1776644985\n|switch|p1a: Delphox|Delphox, L50, M|100/100\n|turn|11\n|\n|t:|1776644993\n|detailschange|p1a: Delphox|Delphox-Mega, L50, M\n|-mega|p1a: Delphox|Delphox|Delphoxite\n|move|p1a: Delphox|Encore|p2a: Primarina\n|-start|p2a: Primarina|Encore\n|move|p2a: Primarina|Moonblast|p1a: Delphox\n|-resisted|p1a: Delphox|1\n|-damage|p1a: Delphox|80/100\n|\n|upkeep\n|turn|12\n|\n|t:|1776645001\n|move|p1a: Delphox|Psychic|p2a: Primarina\n|-damage|p2a: Primarina|36/100\n|move|p2a: Primarina|Moonblast|p1a: Delphox\n|-resisted|p1a: Delphox|1\n|-damage|p1a: Delphox|60/100\n|\n|upkeep\n|turn|13\n|\n|t:|1776645009\n|move|p1a: Delphox|Psychic|p2a: Primarina\n|-damage|p2a: Primarina|0 fnt\n|faint|p2a: Primarina\n|\n|win|qweralt\n|raw|qweralt's rating: 1175 &rarr; <strong>1196</strong><br />(+21 for winning)\n|raw|H4KUTO's rating: 1113 &rarr; <strong>1092</strong><br />(-21 for losing)\n",
  "uploadtime": 1776645012,
  "views": 1,
  "formatid": "gen9championsbssregma",
  "rating": 1092,
  "private": 0,
  "password": null
}