{
  "id": "gen9championsbssregma-2586284190",
  "format": "[Gen 9 Champions] BSS Reg M-A",
  "players": [
    "Mitarashi",
    "joguri"
  ],
  "log": "|j|\u2606Mitarashi\n|j|\u2606joguri\n|t:|1776421173\n|gametype|singles\n|player|p1|Mitarashi|170|1205\n|player|p2|joguri|dawn|1107\n|gen|9\n|tier|[Gen 9 Champions] BSS Reg M-A\n|rated|\n|rule|Species Clause: Limit one of each Pok\u00e9mon\n|rule|Item Clause: Limit 1 of each item\n|clearpoke\n|poke|p1|Tyranitar, L50, F|\n|poke|p1|Corviknight, L50, M|\n|poke|p1|Toxapex, L50, F|\n|poke|p1|Delphox, L50, F|\n|poke|p1|Dragapult, L50, F|\n|poke|p1|Garchomp, L50, F|\n|poke|p2|Clefable, L50, M|\n|poke|p2|Espathra, L50, M|\n|poke|p2|Charizard, L50, F|\n|poke|p2|Hippowdon, L50, M|\n|poke|p2|Rotom-Wash, L50|\n|poke|p2|Garchomp, L50, M|\n|teampreview|3\n|inactive|Battle timer is ON: inactive players will automatically lose when time's up. (requested by Mitarashi)\n|\n|t:|1776421238\n|teamsize|p1|3\n|teamsize|p2|3\n|start\n|switch|p1a: Tyranitar|Tyranitar, L50, F, shiny|100/100\n|switch|p2a: Garchomp|Garchomp, L50, M|100/100\n|-weather|Sandstorm|[from] ability: Sand Stream|[of] p1a: Tyranitar\n|turn|1\n|\n|t:|1776421247\n|switch|p1a: Corviknight|Corviknight, L50, M, shiny|100/100\n|move|p2a: Garchomp|Stealth Rock|p1a: Corviknight\n|-sidestart|p1: Mitarashi|move: Stealth Rock\n|\n|-weather|Sandstorm|[upkeep]\n|upkeep\n|turn|2\n|\n|t:|1776421262\n|move|p2a: Garchomp|Rock Tomb|p1a: Corviknight\n|-damage|p1a: Corviknight|87/100\n|-ability|p1a: Corviknight|Mirror Armor\n|-unboost|p2a: Garchomp|spe|1\n|move|p1a: Corviknight|Iron Defense|p1a: Corviknight\n|-boost|p1a: Corviknight|def|2\n|\n|-weather|Sandstorm|[upkeep]\n|upkeep\n|turn|3\n|inactive|joguri has 30 seconds left.\n|inactive|joguri has 20 seconds left.\n|\n|t:|1776421301\n|switch|p2a: Espathra|Espathra, L50, M|100/100\n|move|p1a: Corviknight|Body Press|p2a: Espathra\n|-resisted|p2a: Espathra|1\n|-damage|p2a: Espathra|77/100\n|\n|-weather|Sandstorm|[upkeep]\n|-damage|p2a: Espathra|71/100|[from] Sandstorm\n|-heal|p2a: Espathra|77/100|[from] item: Leftovers\n|upkeep\n|turn|4\n|\n|t:|1776421312\n|move|p2a: Espathra|Calm Mind|p2a: Espathra\n|-boost|p2a: Espathra|spa|1\n|-boost|p2a: Espathra|spd|1\n|move|p1a: Corviknight|U-turn|p2a: Espathra\n|-supereffective|p2a: Espathra|1\n|-damage|p2a: Espathra|50/100\n|\n|t:|1776421318\n|switch|p1a: Tyranitar|Tyranitar, L50, F, shiny|100/100|[from] U-turn\n|-damage|p1a: Tyranitar|88/100|[from] Stealth Rock\n|\n|-weather|Sandstorm|[upkeep]\n|-damage|p2a: Espathra|45/100|[from] Sandstorm\n|-heal|p2a: Espathra|50/100|[from] item: Leftovers\n|-ability|p2a: Espathra|Speed Boost|boost\n|-boost|p2a: Espathra|spe|1\n|upkeep\n|turn|5\n|\n|t:|1776421336\n|detailschange|p1a: Tyranitar|Tyranitar-Mega, L50, F, shiny\n|-mega|p1a: Tyranitar|Tyranitar|Tyranitarite\n|move|p2a: Espathra|Protect|p2a: Espathra\n|-singleturn|p2a: Espathra|Protect\n|move|p1a: Tyranitar|Stone Edge|p2a: Espathra\n|-activate|p2a: Espathra|move: Protect\n|\n|-weather|none\n|-heal|p2a: Espathra|56/100|[from] item: Leftovers\n|-ability|p2a: Espathra|Speed Boost|boost\n|-boost|p2a: Espathra|spe|1\n|upkeep\n|turn|6\n|\n|t:|1776421353\n|move|p2a: Espathra|Baton Pass|p2a: Espathra\n|\n|t:|1776421356\n|switch|p2a: Clefable|Clefable, L50, M|100/100|[from] Baton Pass\n|move|p1a: Tyranitar|Stone Edge|p2a: Clefable\n|-damage|p2a: Clefable|51/100\n|\n|upkeep\n|turn|7\n|\n|t:|1776421366\n|move|p2a: Clefable|Cosmic Power|p2a: Clefable\n|-boost|p2a: Clefable|def|1\n|-boost|p2a: Clefable|spd|1\n|move|p1a: Tyranitar|Stone Edge|p2a: Clefable\n|-damage|p2a: Clefable|15/100\n|\n|upkeep\n|turn|8\n|\n|t:|1776421373\n|move|p2a: Clefable|Moonlight|p2a: Clefable\n|-heal|p2a: Clefable|65/100\n|move|p1a: Tyranitar|Stone Edge|p2a: Clefable\n|-damage|p2a: Clefable|31/100\n|\n|upkeep\n|turn|9\n|\n|t:|1776421381\n|move|p2a: Clefable|Moonlight|p2a: Clefable\n|-heal|p2a: Clefable|81/100\n|move|p1a: Tyranitar|Stone Edge|p2a: Clefable\n|-damage|p2a: Clefable|43/100\n|\n|upkeep\n|turn|10\n|\n|t:|1776421389\n|move|p2a: Clefable|Moonlight|p2a: Clefable\n|-heal|p2a: Clefable|93/100\n|move|p1a: Tyranitar|Stone Edge|p2a: Clefable|[miss]\n|-miss|p1a: Tyranitar|p2a: Clefable\n|\n|upkeep\n|turn|11\n|\n|t:|1776421396\n|move|p2a: Clefable|Cosmic Power|p2a: Clefable\n|-boost|p2a: Clefable|def|1\n|-boost|p2a: Clefable|spd|1\n|move|p1a: Tyranitar|Stone Edge|p2a: Clefable\n|-damage|p2a: Clefable|68/100\n|\n|upkeep\n|turn|12\n|\n|t:|1776421403\n|move|p2a: Clefable|Cosmic Power|p2a: Clefable\n|-boost|p2a: Clefable|def|1\n|-boost|p2a: Clefable|spd|1\n|move|p1a: Tyranitar|Stone Edge|p2a: Clefable\n|-damage|p2a: Clefable|47/100\n|\n|upkeep\n|turn|13\n|-message|Mitarashi forfeited.\n|\n|win|joguri\n|raw|Mitarashi's rating: 1205 &rarr; <strong>1173</strong><br />(-32 for losing)\n|raw|joguri's rating: 1107 &rarr; <strong>1139</strong><br />(+32 for winning)\n|l|\u2606Mitarashi\n|player|p1|\n",
  "uploadtime": 1776421415,
  "views": 5,
  "formatid": "gen9championsbssregma",
  "rating": 1139,
  "private": 0,
  "password": null
}