{
  "id": "gen9championsbssregma-2583749718",
  "format": "[Gen 9 Champions] BSS Reg M-A",
  "players": [
    "NoSoyLuis33",
    "Skidude101"
  ],
  "log": "|j|\u2606NoSoyLuis33\n|j|\u2606Skidude101\n|t:|1776195121\n|gametype|singles\n|player|p1|NoSoyLuis33|wallace|1105\n|player|p2|Skidude101|101|1000\n|gen|9\n|tier|[Gen 9 Champions] BSS Reg M-A\n|rated|\n|rule|Species Clause: Limit one of each Pok\u00e9mon\n|rule|Item Clause: Limit 1 of each item\n|clearpoke\n|poke|p1|Tinkaton, L50, F|\n|poke|p1|Starmie, L50|\n|poke|p1|Pelipper, L50, M|\n|poke|p1|Kingambit, L50, M|\n|poke|p1|Gengar, L50, F|\n|poke|p1|Sneasler, L50, F|\n|poke|p2|Meganium, L50, F|\n|poke|p2|Aerodactyl, L50, M|\n|poke|p2|Kangaskhan, L50, F|\n|poke|p2|Archaludon, L50, F|\n|poke|p2|Pikachu, L50, F|\n|poke|p2|Pelipper, L50, M|\n|teampreview|3\n|inactive|Battle timer is ON: inactive players will automatically lose when time's up. (requested by NoSoyLuis33)\n|inactive|Skidude101 has 60 seconds left.\n|\n|t:|1776195169\n|teamsize|p1|3\n|teamsize|p2|3\n|start\n|switch|p1a: Daia|Tinkaton, L50, F|100/100\n|switch|p2a: Aerodactyl|Aerodactyl, L50, M|100/100\n|-ability|p2a: Aerodactyl|Unnerve\n|turn|1\n|\n|t:|1776195188\n|move|p2a: Aerodactyl|Tailwind|p2a: Aerodactyl\n|-sidestart|p2: Skidude101|move: Tailwind\n|move|p1a: Daia|Gigaton Hammer|p2a: Aerodactyl\n|-supereffective|p2a: Aerodactyl|1\n|-enditem|p2a: Aerodactyl|Focus Sash\n|-damage|p2a: Aerodactyl|1/100\n|\n|upkeep\n|turn|2\n|\n|t:|1776195203\n|switch|p2a: Meganium|Meganium, L50, F|100/100\n|move|p1a: Daia|Stealth Rock|p2a: Meganium\n|-sidestart|p2: Skidude101|move: Stealth Rock\n|\n|upkeep\n|turn|3\n|\n|t:|1776195219\n|switch|p1a: Patricio|Starmie, L50|100/100\n|detailschange|p2a: Meganium|Meganium-Mega, L50, F\n|-mega|p2a: Meganium|Meganium|Meganiumite\n|move|p2a: Meganium|Weather Ball|p1a: Patricio\n|-resisted|p1a: Patricio|1\n|-damage|p1a: Patricio|56/100\n|\n|upkeep\n|turn|4\n|\n|t:|1776195232\n|detailschange|p1a: Patricio|Starmie-Mega, L50\n|-mega|p1a: Patricio|Starmie|Starminite\n|move|p2a: Meganium|Solar Beam||[still]\n|-prepare|p2a: Meganium|Solar Beam\n|-activate|p2a: Meganium|ability: Mega Sol\n|-anim|p2a: Meganium|Solar Beam|p1a: Patricio\n|-supereffective|p1a: Patricio|1\n|-damage|p1a: Patricio|0 fnt\n|faint|p1a: Patricio\n|\n|-sideend|p2: Skidude101|move: Tailwind\n|upkeep\n|\n|t:|1776195251\n|switch|p1a: Sneasler|Sneasler, L50, F|100/100\n|turn|5\n|\n|t:|1776195260\n|move|p1a: Sneasler|Dire Claw|p2a: Meganium\n|-supereffective|p2a: Meganium|2\n|-damage|p2a: Meganium|0 fnt\n|faint|p2a: Meganium\n|\n|upkeep\n|\n|t:|1776195266\n|switch|p2a: Archaludon|Archaludon, L50, F|100/100\n|-damage|p2a: Archaludon|94/100|[from] Stealth Rock\n|turn|6\n|\n|t:|1776195278\n|move|p1a: Sneasler|Close Combat|p2a: Archaludon\n|-supereffective|p2a: Archaludon|1\n|-damage|p2a: Archaludon|0 fnt\n|-unboost|p1a: Sneasler|def|1\n|-unboost|p1a: Sneasler|spd|1\n|faint|p2a: Archaludon\n|\n|upkeep\n|-message|Skidude101 forfeited.\n|\n|win|NoSoyLuis33\n|raw|NoSoyLuis33's rating: 1105 &rarr; <strong>1123</strong><br />(+18 for winning)\n|raw|Skidude101's rating: 1000 &rarr; <strong>1000</strong><br />(+0 for losing)\n|l|\u2606Skidude101\n|player|p2|\n",
  "uploadtime": 1776195305,
  "views": 4,
  "formatid": "gen9championsbssregma",
  "rating": 1000,
  "private": 0,
  "password": null
}