{
  "id": "gen9championsbssregma-2586289745",
  "format": "[Gen 9 Champions] BSS Reg M-A",
  "players": [
    "Dwedge",
    "Bbbkty"
  ],
  "log": "|j|\u2606Dwedge\n|j|\u2606Bbbkty\n|t:|1776421775\n|gametype|singles\n|player|p1|Dwedge|waitress-gen4|1034\n|player|p2|Bbbkty|2|1065\n|gen|9\n|tier|[Gen 9 Champions] BSS Reg M-A\n|rated|\n|rule|Species Clause: Limit one of each Pok\u00e9mon\n|rule|Item Clause: Limit 1 of each item\n|clearpoke\n|poke|p1|Glimmora, L50, F|\n|poke|p1|Kleavor, L50, M|\n|poke|p1|Emboar, L50, F|\n|poke|p1|Corviknight, L50, M|\n|poke|p1|Crabominable, L50, F|\n|poke|p1|Slowking, L50, F|\n|poke|p2|Clefable, L50, F|\n|poke|p2|Charizard, L50, M|\n|poke|p2|Mimikyu, L50, F|\n|poke|p2|Kingambit, L50, M|\n|poke|p2|Espathra, L50, F|\n|poke|p2|Glimmora, L50, M|\n|teampreview|3\n|inactive|Battle timer is ON: inactive players will automatically lose when time's up. (requested by Dwedge)\n|inactive|Bbbkty has 60 seconds left.\n|inactive|Bbbkty has 30 seconds left.\n|inactive|Bbbkty has 20 seconds left.\n|inactive|Bbbkty has 15 seconds left.\n|inactive|Bbbkty has 10 seconds left.\n|inactive|Bbbkty has 5 seconds left.\n|\n|t:|1776421908\n|teamsize|p1|3\n|teamsize|p2|3\n|start\n|switch|p1a: Slowking|Slowking, L50, F|100/100\n|switch|p2a: Clefable|Clefable, L50, F, shiny|100/100\n|turn|1\n|inactive|Bbbkty has 30 seconds left.\n|inactive|Bbbkty has 20 seconds left.\n|\n|t:|1776421945\n|detailschange|p2a: Clefable|Clefable-Mega, L50, F, shiny\n|-mega|p2a: Clefable|Clefable|Clefablite\n|move|p2a: Clefable|Calm Mind|p2a: Clefable\n|-boost|p2a: Clefable|spa|1\n|-boost|p2a: Clefable|spd|1\n|move|p1a: Slowking|Trick Room|p1a: Slowking\n|-fieldstart|move: Trick Room|[of] p1a: Slowking\n|\n|upkeep\n|turn|2\n|\n|t:|1776421955\n|-prepare|p1a: Slowking|Chilly Reception|[premajor]\n|move|p1a: Slowking|Chilly Reception|p1a: Slowking\n|-weather|Snowscape\n|\n|t:|1776421958\n|switch|p1a: Crabominable|Crabominable, L50, F|100/100|[from] Chilly Reception\n|move|p2a: Clefable|Calm Mind|p2a: Clefable\n|-boost|p2a: Clefable|spa|1\n|-boost|p2a: Clefable|spd|1\n|\n|-weather|Snowscape|[upkeep]\n|upkeep\n|turn|3\n|\n|t:|1776421965\n|detailschange|p1a: Crabominable|Crabominable-Mega, L50, F\n|-mega|p1a: Crabominable|Crabominable|Crabominite\n|move|p1a: Crabominable|Ice Hammer|p2a: Clefable\n|-supereffective|p2a: Clefable|1\n|-damage|p2a: Clefable|0 fnt\n|-unboost|p1a: Crabominable|spe|1\n|faint|p2a: Clefable\n|\n|-weather|Snowscape|[upkeep]\n|upkeep\n|\n|t:|1776421974\n|switch|p2a: Mimikyu|Mimikyu, L50, F, shiny|100/100\n|turn|4\n|\n|t:|1776421978\n|move|p1a: Crabominable|Thunder Punch|p2a: Mimikyu\n|-activate|p2a: Mimikyu|ability: Disguise\n|-damage|p2a: Mimikyu|100/100\n|detailschange|p2a: Mimikyu|Mimikyu-Busted, L50, F, shiny\n|-damage|p2a: Mimikyu|88/100|[from] pokemon: Mimikyu-Busted\n|move|p2a: Mimikyu|Swords Dance|p2a: Mimikyu\n|-boost|p2a: Mimikyu|atk|2\n|\n|-weather|Snowscape|[upkeep]\n|upkeep\n|turn|5\n|\n|t:|1776421985\n|move|p1a: Crabominable|Ice Hammer|p2a: Mimikyu\n|-damage|p2a: Mimikyu|0 fnt\n|-unboost|p1a: Crabominable|spe|1\n|faint|p2a: Mimikyu\n|\n|-weather|Snowscape|[upkeep]\n|-fieldend|move: Trick Room\n|upkeep\n|\n|t:|1776421988\n|switch|p2a: Charizard|Charizard, L50, M, shiny|100/100\n|turn|6\n|\n|t:|1776421991\n|move|p2a: Charizard|Flamethrower|p1a: Crabominable\n|-supereffective|p1a: Crabominable|1\n|-damage|p1a: Crabominable|32/100\n|move|p1a: Crabominable|Thunder Punch|p2a: Charizard\n|-supereffective|p2a: Charizard|1\n|-damage|p2a: Charizard|0 fnt\n|faint|p2a: Charizard\n|\n|win|Dwedge\n|raw|Dwedge's rating: 1034 &rarr; <strong>1072</strong><br />(+38 for winning)\n|raw|Bbbkty's rating: 1065 &rarr; <strong>1043</strong><br />(-22 for losing)\n",
  "uploadtime": 1776421995,
  "views": 6,
  "formatid": "gen9championsbssregma",
  "rating": 1043,
  "private": 0,
  "password": null
}