{
  "id": "gen9championsbssregma-2587696390",
  "format": "[Gen 9 Champions] BSS Reg M-A",
  "players": [
    "ruriripoke",
    "CrispyPanda"
  ],
  "log": "|j|\u2606ruriripoke\n|j|\u2606CrispyPanda\n|t:|1776554848\n|gametype|singles\n|player|p1|ruriripoke|265|1481\n|player|p2|CrispyPanda|burglar|1351\n|gen|9\n|tier|[Gen 9 Champions] BSS Reg M-A\n|rated|\n|rule|Species Clause: Limit one of each Pok\u00e9mon\n|rule|Item Clause: Limit 1 of each item\n|clearpoke\n|poke|p1|Hippowdon, L50, M|\n|poke|p1|Charizard, L50, M|\n|poke|p1|Primarina, L50, M|\n|poke|p1|Meowscarada, L50, F|\n|poke|p1|Gengar, L50, F|\n|poke|p1|Kingambit, L50, F|\n|poke|p2|Froslass, L50, F|\n|poke|p2|Scizor, L50, M|\n|poke|p2|Primarina, L50, F|\n|poke|p2|Garchomp, L50, F|\n|poke|p2|Typhlosion-Hisui, L50, F|\n|poke|p2|Lopunny, L50, F|\n|teampreview|3\n|inactive|Battle timer is ON: inactive players will automatically lose when time's up. (requested by ruriripoke)\n|inactive|ruriripoke has 60 seconds left.\n|inactive|CrispyPanda has 60 seconds left.\n|j| ukikukiki\n|l| ukikukiki\n|inactive|CrispyPanda has 30 seconds left.\n|\n|t:|1776554916\n|teamsize|p1|3\n|teamsize|p2|3\n|start\n|switch|p1a: Meowscarada|Meowscarada, L50, F|100/100\n|switch|p2a: Lopunny|Lopunny, L50, F|100/100\n|turn|1\n|j| threeturnsleepfan\n|j| 3hearts\n|\n|t:|1776554925\n|switch|p1a: Hippowdon|Hippowdon, L50, M|100/100\n|-weather|Sandstorm|[from] ability: Sand Stream|[of] p1a: Hippowdon\n|detailschange|p2a: Lopunny|Lopunny-Mega, L50, F\n|-mega|p2a: Lopunny|Lopunny|Lopunnite\n|move|p2a: Lopunny|Fake Out|p1a: Hippowdon\n|-damage|p1a: Hippowdon|89/100\n|\n|-weather|Sandstorm|[upkeep]\n|-damage|p2a: Lopunny|95/100|[from] Sandstorm\n|upkeep\n|turn|2\n|\n|t:|1776554932\n|move|p2a: Lopunny|U-turn|p1a: Hippowdon\n|-damage|p1a: Hippowdon|75/100\n|\n|t:|1776554934\n|switch|p2a: Primarina|Primarina, L50, F|100/100|[from] U-turn\n|move|p1a: Hippowdon|Stealth Rock|p2a: Primarina\n|-sidestart|p2: CrispyPanda|move: Stealth Rock\n|\n|-weather|Sandstorm|[upkeep]\n|-damage|p2a: Primarina|95/100|[from] Sandstorm\n|upkeep\n|turn|3\n|\n|t:|1776554957\n|switch|p1a: Meowscarada|Meowscarada, L50, F|100/100\n|move|p2a: Primarina|Moonblast|p1a: Meowscarada\n|-supereffective|p1a: Meowscarada|1\n|-enditem|p1a: Meowscarada|Focus Sash\n|-damage|p1a: Meowscarada|1/100\n|\n|-weather|Sandstorm|[upkeep]\n|-damage|p1a: Meowscarada|0 fnt|[from] Sandstorm\n|-damage|p2a: Primarina|89/100|[from] Sandstorm\n|faint|p1a: Meowscarada\n|upkeep\n|\n|t:|1776554970\n|switch|p1a: Charizard|Charizard, L50, M|100/100\n|turn|4\n|inactive|CrispyPanda has 30 seconds left.\n|\n|t:|1776554998\n|detailschange|p1a: Charizard|Charizard-Mega-X, L50, M\n|-mega|p1a: Charizard|Charizard|Charizardite X\n|move|p1a: Charizard|Thunder Punch|p2a: Primarina\n|-supereffective|p2a: Primarina|1\n|-damage|p2a: Primarina|6/100\n|-enditem|p2a: Primarina|Sitrus Berry|[eat]\n|-heal|p2a: Primarina|31/100|[from] item: Sitrus Berry\n|move|p2a: Primarina|Flip Turn|p1a: Charizard\n|-damage|p1a: Charizard|74/100\n|\n|t:|1776555012\n|switch|p2a: Lopunny|Lopunny-Mega, L50, F|95/100|[from] Flip Turn\n|-damage|p2a: Lopunny|89/100|[from] Stealth Rock\n|\n|-weather|Sandstorm|[upkeep]\n|-damage|p2a: Lopunny|83/100|[from] Sandstorm\n|-damage|p1a: Charizard|68/100|[from] Sandstorm\n|upkeep\n|turn|5\n|\n|t:|1776555023\n|switch|p1a: Hippowdon|Hippowdon, L50, M|75/100\n|move|p2a: Lopunny|Fake Out|p1a: Hippowdon\n|-damage|p1a: Hippowdon|63/100\n|\n|-weather|none\n|upkeep\n|turn|6\n|\n|t:|1776555041\n|move|p2a: Lopunny|U-turn|p1a: Hippowdon\n|-damage|p1a: Hippowdon|50/100\n|-enditem|p1a: Hippowdon|Sitrus Berry|[eat]\n|-heal|p1a: Hippowdon|75/100|[from] item: Sitrus Berry\n|\n|t:|1776555047\n|switch|p2a: Scizor|Scizor, L50, M|100/100|[from] U-turn\n|-damage|p2a: Scizor|88/100|[from] Stealth Rock\n|move|p1a: Hippowdon|Yawn|p2a: Scizor\n|-start|p2a: Scizor|move: Yawn|[of] p1a: Hippowdon\n|\n|-heal|p2a: Scizor|94/100|[from] item: Leftovers\n|upkeep\n|turn|7\n|\n|t:|1776555071\n|move|p2a: Scizor|U-turn|p1a: Hippowdon\n|-damage|p1a: Hippowdon|58/100\n|\n|t:|1776555075\n|switch|p2a: Lopunny|Lopunny-Mega, L50, F|83/100|[from] U-turn\n|-damage|p2a: Lopunny|78/100|[from] Stealth Rock\n|move|p1a: Hippowdon|Earthquake|p2a: Lopunny\n|-damage|p2a: Lopunny|26/100\n|\n|upkeep\n|turn|8\n|\n|t:|1776555085\n|move|p2a: Lopunny|Fake Out|p1a: Hippowdon\n|-damage|p1a: Hippowdon|47/100\n|cant|p1a: Hippowdon|flinch\n|\n|upkeep\n|turn|9\n|\n|t:|1776555110\n|move|p2a: Lopunny|Triple Axel|p1a: Hippowdon\n|-supereffective|p1a: Hippowdon|1\n|-damage|p1a: Hippowdon|40/100\n|-supereffective|p1a: Hippowdon|1\n|-damage|p1a: Hippowdon|23/100\n|-supereffective|p1a: Hippowdon|1\n|-damage|p1a: Hippowdon|0 fnt\n|faint|p1a: Hippowdon\n|-hitcount|p1: Hippowdon|3\n|\n|upkeep\n|\n|t:|1776555112\n|switch|p1a: Charizard|Charizard-Mega-X, L50, M|68/100\n|turn|10\n|\n|t:|1776555122\n|move|p2a: Lopunny|Close Combat|p1a: Charizard\n|-damage|p1a: Charizard|4/100\n|-unboost|p2a: Lopunny|def|1\n|-unboost|p2a: Lopunny|spd|1\n|move|p1a: Charizard|Thunder Punch|p2a: Lopunny\n|-damage|p2a: Lopunny|0 fnt\n|faint|p2a: Lopunny\n|\n|upkeep\n|j| ukikukiki\n|\n|t:|1776555130\n|switch|p2a: Primarina|Primarina, L50, F|31/100\n|-damage|p2a: Primarina|19/100|[from] Stealth Rock\n|turn|11\n|\n|t:|1776555135\n|move|p2a: Primarina|Aqua Jet|p1a: Charizard\n|-damage|p1a: Charizard|0 fnt\n|faint|p1a: Charizard\n|\n|win|CrispyPanda\n|raw|ruriripoke's rating: 1481 &rarr; <strong>1454</strong><br />(-27 for losing)\n|raw|CrispyPanda's rating: 1351 &rarr; <strong>1378</strong><br />(+27 for winning)\n|l|\u2606ruriripoke\n|player|p1|\n|l| ukikukiki\n|l|\u2606CrispyPanda\n|player|p2|\n",
  "uploadtime": 1776555167,
  "views": 3,
  "formatid": "gen9championsbssregma",
  "rating": 1378,
  "private": 0,
  "password": null
}