{
  "id": "gen9championsbssregma-2587542688",
  "format": "[Gen 9 Champions] BSS Reg M-A",
  "players": [
    "MewEnRage",
    "Lord Queefus"
  ],
  "log": "|j|\u2606MewEnRage\n|j|\u2606Lord Queefus\n|t:|1776540798\n|gametype|singles\n|player|p1|MewEnRage|falkner|1175\n|player|p2|Lord Queefus|swimmer-gen4dp|1195\n|gen|9\n|tier|[Gen 9 Champions] BSS Reg M-A\n|rated|\n|rule|Species Clause: Limit one of each Pok\u00e9mon\n|rule|Item Clause: Limit 1 of each item\n|clearpoke\n|poke|p1|Pangoro, L50, F|\n|poke|p1|Garbodor, L50, F|\n|poke|p1|Chimecho, L50, F|\n|poke|p1|Samurott-Hisui, L50, F|\n|poke|p1|Hydrapple, L50, F|\n|poke|p1|Charizard, L50, F|\n|poke|p2|Beedrill, L50, F|\n|poke|p2|Rotom-Wash, L50|\n|poke|p2|Dragapult, L50, F|\n|poke|p2|Meowscarada, L50, F|\n|poke|p2|Lopunny, L50, F|\n|poke|p2|Volcarona, L50, M|\n|teampreview|3\n|c|\u2606MewEnRage|gl hf\n|inactive|Battle timer is ON: inactive players will automatically lose when time's up. (requested by MewEnRage)\n|\n|t:|1776540861\n|teamsize|p1|3\n|teamsize|p2|3\n|start\n|switch|p1a: Garbodor|Garbodor, L50, F|100/100\n|switch|p2a: Dragapult|Dragapult, L50, F|100/100\n|turn|1\n|\n|t:|1776540869\n|move|p2a: Dragapult|Will-O-Wisp|p1a: Garbodor\n|-status|p1a: Garbodor|brn\n|move|p1a: Garbodor|Toxic Spikes|p2a: Dragapult\n|-sidestart|p2: Lord Queefus|move: Toxic Spikes\n|\n|-damage|p1a: Garbodor|95/100 brn|[from] brn\n|upkeep\n|turn|2\n|\n|t:|1776540882\n|switch|p1a: Pangoro|Pangoro, L50, F|100/100\n|move|p2a: Dragapult|Hex|p1a: Pangoro\n|-resisted|p1a: Pangoro|1\n|-damage|p1a: Pangoro|80/100\n|\n|upkeep\n|turn|3\n|\n|t:|1776540889\n|move|p2a: Dragapult|Will-O-Wisp|p1a: Pangoro\n|-status|p1a: Pangoro|brn\n|move|p1a: Pangoro|Knock Off|p2a: Dragapult\n|-supereffective|p2a: Dragapult|1\n|-damage|p2a: Dragapult|19/100\n|-enditem|p2a: Dragapult|Spell Tag|[from] move: Knock Off|[of] p1a: Pangoro\n|\n|-damage|p1a: Pangoro|74/100 brn|[from] brn\n|upkeep\n|turn|4\n|\n|t:|1776540899\n|move|p2a: Dragapult|U-turn|p1a: Pangoro\n|-damage|p1a: Pangoro|52/100 brn\n|\n|t:|1776540909\n|switch|p2a: Beedrill|Beedrill, L50, F|100/100|[from] U-turn\n|-sideend|p2: Lord Queefus|move: Toxic Spikes|[of] p2a: Beedrill\n|move|p1a: Pangoro|Drain Punch|p2a: Beedrill\n|-resisted|p2a: Beedrill|2\n|-damage|p2a: Beedrill|88/100\n|-heal|p1a: Pangoro|56/100 brn|[from] drain|[of] p2a: Beedrill\n|\n|-damage|p1a: Pangoro|50/100 brn|[from] brn\n|upkeep\n|turn|5\n|\n|t:|1776540924\n|detailschange|p2a: Beedrill|Beedrill-Mega, L50, F\n|-mega|p2a: Beedrill|Beedrill|Beedrillite\n|move|p2a: Beedrill|Dual Wingbeat|p1a: Pangoro\n|-supereffective|p1a: Pangoro|1\n|-damage|p1a: Pangoro|19/100 brn\n|-supereffective|p1a: Pangoro|1\n|-damage|p1a: Pangoro|0 fnt\n|faint|p1a: Pangoro\n|-hitcount|p1: Pangoro|2\n|\n|upkeep\n|\n|t:|1776540929\n|switch|p1a: Chimecho|Chimecho, L50, F|100/100\n|turn|6\n|\n|t:|1776540937\n|detailschange|p1a: Chimecho|Chimecho-Mega, L50, F\n|-mega|p1a: Chimecho|Chimecho|Chimechite\n|move|p2a: Beedrill|Throat Chop|p1a: Chimecho\n|-supereffective|p1a: Chimecho|1\n|-damage|p1a: Chimecho|49/100\n|-start|p1a: Chimecho|Throat Chop|[silent]\n|move|p1a: Chimecho|Cosmic Power|p1a: Chimecho\n|-boost|p1a: Chimecho|def|1\n|-boost|p1a: Chimecho|spd|1\n|\n|upkeep\n|turn|7\n|\n|t:|1776540949\n|move|p2a: Beedrill|Throat Chop|p1a: Chimecho\n|-supereffective|p1a: Chimecho|1\n|-damage|p1a: Chimecho|16/100\n|move|p1a: Chimecho|Stored Power|p2a: Beedrill\n|-supereffective|p2a: Beedrill|1\n|-damage|p2a: Beedrill|0 fnt\n|faint|p2a: Beedrill\n|\n|-end|p1a: Chimecho|Throat Chop|[silent]\n|upkeep\n|\n|t:|1776540964\n|switch|p2a: Dragapult|Dragapult, L50, F|19/100\n|turn|8\n|-message|MewEnRage forfeited.\n|\n|win|Lord Queefus\n|raw|MewEnRage's rating: 1175 &rarr; <strong>1151</strong><br />(-24 for losing)\n|raw|Lord Queefus's rating: 1195 &rarr; <strong>1219</strong><br />(+24 for winning)\n|l|\u2606MewEnRage\n|player|p1|\n",
  "uploadtime": 1776540979,
  "views": 4,
  "formatid": "gen9championsbssregma",
  "rating": 1151,
  "private": 0,
  "password": null
}