{
  "id": "gen9championsbssregma-2584918779",
  "format": "[Gen 9 Champions] BSS Reg M-A",
  "players": [
    "nrgkrg",
    "bouvet island"
  ],
  "log": "|j|\u2606nrgkrg\n|j|\u2606bouvet island\n|t:|1776294471\n|gametype|singles\n|player|p1|nrgkrg|266|1323\n|player|p2|bouvet island|kimonogirl|1374\n|gen|9\n|tier|[Gen 9 Champions] BSS Reg M-A\n|rated|\n|rule|Species Clause: Limit one of each Pok\u00e9mon\n|rule|Item Clause: Limit 1 of each item\n|clearpoke\n|poke|p1|Gengar, L50, F|\n|poke|p1|Lopunny, L50, F|\n|poke|p1|Hippowdon, L50, F|\n|poke|p1|Corviknight, L50, F|\n|poke|p1|Primarina, L50, F|\n|poke|p1|Aegislash, L50, F|\n|poke|p2|Gyarados, L50, M|\n|poke|p2|Excadrill, L50, F|\n|poke|p2|Espathra, L50, M|\n|poke|p2|Kingambit, L50, F|\n|poke|p2|Hippowdon, L50, F|\n|poke|p2|Samurott-Hisui, L50, M|\n|teampreview|3\n|j| p74\n|\n|t:|1776294500\n|teamsize|p1|3\n|teamsize|p2|3\n|start\n|switch|p1a: Lopunny|Lopunny, L50, F|100/100\n|switch|p2a: Samurott|Samurott-Hisui, L50, M|100/100\n|turn|1\n|inactive|Battle timer is ON: inactive players will automatically lose when time's up. (requested by bouvet island)\n|\n|t:|1776294509\n|switch|p2a: Gyarados|Gyarados, L50, M|100/100\n|-ability|p2a: Gyarados|Intimidate|boost\n|-unboost|p1a: Lopunny|atk|1\n|detailschange|p1a: Lopunny|Lopunny-Mega, L50, F\n|-mega|p1a: Lopunny|Lopunny|Lopunnite\n|move|p1a: Lopunny|Fake Out|p2a: Gyarados\n|-damage|p2a: Gyarados|82/100\n|\n|upkeep\n|turn|2\n|\n|t:|1776294512\n|move|p1a: Lopunny|U-turn|p2a: Gyarados\n|-resisted|p2a: Gyarados|1\n|-damage|p2a: Gyarados|72/100\n|\n|t:|1776294513\n|switch|p1a: Primarina|Primarina, L50, F|100/100|[from] U-turn\n|move|p2a: Gyarados|Dragon Dance|p2a: Gyarados\n|-boost|p2a: Gyarados|atk|1\n|-boost|p2a: Gyarados|spe|1\n|\n|upkeep\n|turn|3\n|\n|t:|1776294520\n|move|p2a: Gyarados|Waterfall|p1a: Primarina\n|-resisted|p1a: Primarina|1\n|-damage|p1a: Primarina|74/100\n|cant|p1a: Primarina|flinch\n|\n|upkeep\n|turn|4\n|\n|t:|1776294523\n|move|p2a: Gyarados|Waterfall|p1a: Primarina\n|-resisted|p1a: Primarina|1\n|-damage|p1a: Primarina|45/100\n|move|p1a: Primarina|Moonblast|p2a: Gyarados\n|-damage|p2a: Gyarados|30/100\n|-unboost|p2a: Gyarados|spa|1\n|\n|upkeep\n|turn|5\n|\n|t:|1776294527\n|detailschange|p2a: Gyarados|Gyarados-Mega, L50, M\n|-mega|p2a: Gyarados|Gyarados|Gyaradosite\n|-ability|p2a: Gyarados|Mold Breaker\n|move|p2a: Gyarados|Waterfall|p1a: Primarina\n|-resisted|p1a: Primarina|1\n|-damage|p1a: Primarina|11/100\n|cant|p1a: Primarina|flinch\n|\n|upkeep\n|turn|6\n|\n|t:|1776294530\n|move|p2a: Gyarados|Waterfall|p1a: Primarina\n|-resisted|p1a: Primarina|1\n|-damage|p1a: Primarina|0 fnt\n|faint|p1a: Primarina\n|\n|upkeep\n|\n|t:|1776294532\n|switch|p1a: Lopunny|Lopunny-Mega, L50, F|100/100\n|turn|7\n|\n|t:|1776294537\n|move|p1a: Lopunny|Close Combat|p2a: Gyarados\n|-supereffective|p2a: Gyarados|1\n|-damage|p2a: Gyarados|0 fnt\n|-unboost|p1a: Lopunny|def|1\n|-unboost|p1a: Lopunny|spd|1\n|faint|p2a: Gyarados\n|\n|upkeep\n|\n|t:|1776294540\n|switch|p2a: Espathra|Espathra, L50, M|100/100\n|turn|8\n|\n|t:|1776294544\n|switch|p1a: Hippowdon|Hippowdon, L50, F|100/100\n|-weather|Sandstorm|[from] ability: Sand Stream|[of] p1a: Hippowdon\n|move|p2a: Espathra|Protect||[still]\n|-fail|p2a: Espathra\n|\n|-weather|Sandstorm|[upkeep]\n|-damage|p2a: Espathra|95/100|[from] Sandstorm\n|-heal|p2a: Espathra|100/100|[from] item: Leftovers\n|-ability|p2a: Espathra|Speed Boost|boost\n|-boost|p2a: Espathra|spe|1\n|upkeep\n|turn|9\n|j| huhyuhyuhyuh\n|\n|t:|1776294552\n|switch|p2a: Samurott|Samurott-Hisui, L50, M|100/100\n|move|p1a: Hippowdon|Stealth Rock|p2a: Samurott\n|-sidestart|p2: bouvet island|move: Stealth Rock\n|\n|-weather|Sandstorm|[upkeep]\n|-damage|p2a: Samurott|94/100|[from] Sandstorm\n|upkeep\n|turn|10\n|\n|t:|1776294558\n|move|p2a: Samurott|Razor Shell|p1a: Hippowdon\n|-supereffective|p1a: Hippowdon|1\n|-damage|p1a: Hippowdon|38/100\n|-enditem|p1a: Hippowdon|Sitrus Berry|[eat]\n|-heal|p1a: Hippowdon|63/100|[from] item: Sitrus Berry\n|move|p1a: Hippowdon|Yawn|p2a: Samurott\n|-start|p2a: Samurott|move: Yawn|[of] p1a: Hippowdon\n|\n|-weather|Sandstorm|[upkeep]\n|-damage|p2a: Samurott|88/100|[from] Sandstorm\n|upkeep\n|turn|11\n|\n|t:|1776294565\n|move|p2a: Samurott|Razor Shell|p1a: Hippowdon\n|-supereffective|p1a: Hippowdon|1\n|-damage|p1a: Hippowdon|0 fnt\n|faint|p1a: Hippowdon\n|\n|-weather|Sandstorm|[upkeep]\n|-damage|p2a: Samurott|82/100|[from] Sandstorm\n|-end|p2a: Samurott|move: Yawn|[silent]\n|-status|p2a: Samurott|slp\n|upkeep\n|\n|t:|1776294567\n|switch|p1a: Lopunny|Lopunny-Mega, L50, F|100/100\n|turn|12\n|j| ThugNasty2020\n|\n|t:|1776294572\n|move|p1a: Lopunny|Close Combat|p2a: Samurott\n|-supereffective|p2a: Samurott|1\n|-damage|p2a: Samurott|0 fnt\n|-unboost|p1a: Lopunny|def|1\n|-unboost|p1a: Lopunny|spd|1\n|faint|p2a: Samurott\n|\n|-weather|none\n|upkeep\n|\n|t:|1776294573\n|switch|p2a: Espathra|Espathra, L50, M|100/100\n|-damage|p2a: Espathra|88/100|[from] Stealth Rock\n|turn|13\n|\n|t:|1776294579\n|move|p2a: Espathra|Protect|p2a: Espathra\n|-singleturn|p2a: Espathra|Protect\n|move|p1a: Lopunny|U-turn|p2a: Espathra\n|-activate|p2a: Espathra|move: Protect\n|\n|-heal|p2a: Espathra|94/100|[from] item: Leftovers\n|-ability|p2a: Espathra|Speed Boost|boost\n|-boost|p2a: Espathra|spe|1\n|upkeep\n|turn|14\n|\n|t:|1776294581\n|move|p1a: Lopunny|U-turn|p2a: Espathra\n|-supereffective|p2a: Espathra|1\n|-damage|p2a: Espathra|46/100\n|move|p2a: Espathra|Calm Mind|p2a: Espathra\n|-boost|p2a: Espathra|spa|1\n|-boost|p2a: Espathra|spd|1\n|\n|-heal|p2a: Espathra|52/100|[from] item: Leftovers\n|-ability|p2a: Espathra|Speed Boost|boost\n|-boost|p2a: Espathra|spe|1\n|upkeep\n|turn|15\n|\n|t:|1776294585\n|move|p2a: Espathra|Protect|p2a: Espathra\n|-singleturn|p2a: Espathra|Protect\n|move|p1a: Lopunny|U-turn|p2a: Espathra\n|-activate|p2a: Espathra|move: Protect\n|\n|-heal|p2a: Espathra|58/100|[from] item: Leftovers\n|-ability|p2a: Espathra|Speed Boost|boost\n|-boost|p2a: Espathra|spe|1\n|upkeep\n|turn|16\n|\n|t:|1776294588\n|move|p2a: Espathra|Stored Power|p1a: Lopunny\n|-supereffective|p1a: Lopunny|1\n|-damage|p1a: Lopunny|0 fnt\n|faint|p1a: Lopunny\n|\n|win|bouvet island\n|raw|nrgkrg's rating: 1323 &rarr; <strong>1306</strong><br />(-17 for losing)\n|raw|bouvet island's rating: 1374 &rarr; <strong>1391</strong><br />(+17 for winning)\n|l|\u2606nrgkrg\n|player|p1|\n|c|\u2606bouvet island|Gg\n|l|\u2606bouvet island\n|player|p2|\n",
  "uploadtime": 1776294641,
  "views": 16,
  "formatid": "gen9championsbssregma",
  "rating": 1306,
  "private": 0,
  "password": null
}