{
  "id": "gen9championsbssregma-2589499932",
  "format": "[Gen 9 Champions] BSS Reg M-A",
  "players": [
    "mega.CHIVA",
    "bigdawg20"
  ],
  "log": "|j|\u2606mega.CHIVA\n|j|\u2606bigdawg20\n|t:|1776728580\n|gametype|singles\n|player|p1|mega.CHIVA|unknown|1107\n|player|p2|bigdawg20|169|1000\n|gen|9\n|tier|[Gen 9 Champions] BSS Reg M-A\n|rated|\n|rule|Species Clause: Limit one of each Pok\u00e9mon\n|rule|Item Clause: Limit 1 of each item\n|clearpoke\n|poke|p1|Corviknight, L50, M|\n|poke|p1|Garchomp, L50, M|\n|poke|p1|Hawlucha, L50, M|\n|poke|p1|Sylveon, L50, F|\n|poke|p1|Greninja, L50, M|\n|poke|p1|Blastoise, L50, M|\n|poke|p2|Araquanid, L50, F|\n|poke|p2|Hawlucha, L50, M|\n|poke|p2|Garchomp, L50, M|\n|poke|p2|Meganium, L50, M|\n|poke|p2|Rotom-Wash, L50|\n|poke|p2|Sneasler, L50, M|\n|teampreview|3\n|\n|t:|1776728630\n|teamsize|p1|3\n|teamsize|p2|3\n|start\n|switch|p1a: Sylveon|Sylveon, L50, F|100/100\n|switch|p2a: Rotom|Rotom-Wash, L50|100/100\n|turn|1\n|inactive|Battle timer is ON: inactive players will automatically lose when time's up. (requested by bigdawg20)\n|\n|t:|1776728672\n|move|p2a: Rotom|Volt Switch|p1a: Sylveon\n|-damage|p1a: Sylveon|81/100\n|\n|t:|1776728679\n|switch|p2a: Sneasler|Sneasler, L50, M|100/100|[from] Volt Switch\n|move|p1a: Sylveon|Hyper Voice|p2a: Sneasler\n|-damage|p2a: Sneasler|16/100\n|\n|upkeep\n|turn|2\n|\n|t:|1776728692\n|switch|p1a: Corviknight|Corviknight, L50, M|100/100\n|move|p2a: Sneasler|Dire Claw|p1a: Corviknight\n|-immune|p1a: Corviknight\n|\n|upkeep\n|turn|3\n|\n|t:|1776728700\n|move|p2a: Sneasler|Close Combat|p1a: Corviknight\n|-damage|p1a: Corviknight|39/100\n|-unboost|p2a: Sneasler|def|1\n|-unboost|p2a: Sneasler|spd|1\n|move|p1a: Corviknight|Body Press|p2a: Sneasler\n|-resisted|p2a: Sneasler|1\n|-damage|p2a: Sneasler|0 fnt\n|faint|p2a: Sneasler\n|\n|-heal|p1a: Corviknight|44/100|[from] item: Leftovers\n|upkeep\n|\n|t:|1776728716\n|switch|p2a: Meganium|Meganium, L50, M|100/100\n|turn|4\n|\n|t:|1776728720\n|detailschange|p2a: Meganium|Meganium-Mega, L50, M\n|-mega|p2a: Meganium|Meganium|Meganiumite\n|move|p2a: Meganium|Weather Ball|p1a: Corviknight\n|-supereffective|p1a: Corviknight|1\n|-damage|p1a: Corviknight|0 fnt\n|faint|p1a: Corviknight\n|\n|upkeep\n|\n|t:|1776728727\n|switch|p1a: Greninja|Greninja, L50, M|100/100\n|turn|5\n|\n|t:|1776728732\n|switch|p2a: Rotom|Rotom-Wash, L50|100/100\n|detailschange|p1a: Greninja|Greninja-Mega, L50, M\n|-mega|p1a: Greninja|Greninja|Greninjite\n|move|p1a: Greninja|Sludge Wave|p2a: Rotom\n|-start|p1a: Greninja|typechange|Poison|[from] ability: Protean\n|-damage|p2a: Rotom|52/100\n|\n|-heal|p2a: Rotom|58/100|[from] item: Leftovers\n|upkeep\n|turn|6\n|\n|t:|1776728742\n|switch|p1a: Sylveon|Sylveon, L50, F|81/100\n|move|p2a: Rotom|Pain Split|p1a: Sylveon\n|-sethp|p1a: Sylveon|63/100|[from] move: Pain Split|[silent]\n|-sethp|p2a: Rotom|81/100|[from] move: Pain Split\n|\n|-heal|p2a: Rotom|86/100|[from] item: Leftovers\n|upkeep\n|turn|7\n|\n|t:|1776728750\n|move|p2a: Rotom|Will-O-Wisp|p1a: Sylveon\n|-status|p1a: Sylveon|brn\n|move|p1a: Sylveon|Hyper Voice|p2a: Rotom\n|-damage|p2a: Rotom|23/100\n|\n|-heal|p2a: Rotom|29/100|[from] item: Leftovers\n|-damage|p1a: Sylveon|57/100 brn|[from] brn\n|upkeep\n|turn|8\n|\n|t:|1776728758\n|move|p2a: Rotom|Pain Split|p1a: Sylveon\n|-sethp|p1a: Sylveon|40/100 brn|[from] move: Pain Split|[silent]\n|-sethp|p2a: Rotom|51/100|[from] move: Pain Split\n|move|p1a: Sylveon|Hyper Voice|p2a: Rotom\n|-damage|p2a: Rotom|0 fnt\n|faint|p2a: Rotom\n|\n|-damage|p1a: Sylveon|34/100 brn|[from] brn\n|upkeep\n|\n|t:|1776728762\n|switch|p2a: Meganium|Meganium-Mega, L50, M|100/100\n|turn|9\n|\n|t:|1776728773\n|move|p2a: Meganium|Solar Beam||[still]\n|-prepare|p2a: Meganium|Solar Beam\n|-activate|p2a: Meganium|ability: Mega Sol\n|-anim|p2a: Meganium|Solar Beam|p1a: Sylveon\n|-damage|p1a: Sylveon|0 fnt\n|faint|p1a: Sylveon\n|\n|upkeep\n|\n|t:|1776728780\n|switch|p1a: Greninja|Greninja-Mega, L50, M|100/100\n|turn|10\n|\n|t:|1776728783\n|move|p1a: Greninja|Sludge Wave|p2a: Meganium\n|-start|p1a: Greninja|typechange|Poison|[from] ability: Protean\n|-supereffective|p2a: Meganium|2\n|-damage|p2a: Meganium|0 fnt\n|faint|p2a: Meganium\n|\n|win|mega.CHIVA\n|raw|mega.CHIVA's rating: 1107 &rarr; <strong>1125</strong><br />(+18 for winning)\n|raw|bigdawg20's rating: 1000 &rarr; <strong>1000</strong><br />(+0 for losing)\n",
  "uploadtime": 1776728796,
  "views": 1,
  "formatid": "gen9championsbssregma",
  "rating": 1000,
  "private": 0,
  "password": null
}