{
  "id": "gen9championsbssregma-2582136830",
  "format": "[Gen 9 Champions] BSS Reg M-A",
  "players": [
    "chanmin",
    "Giant Gengar"
  ],
  "log": "|j|\u2606chanmin\n|j|\u2606Giant Gengar\n|t:|1776062737\n|gametype|singles\n|player|p1|chanmin|1|1302\n|player|p2|Giant Gengar|101|1310\n|gen|9\n|tier|[Gen 9 Champions] BSS Reg M-A\n|rated|\n|rule|Species Clause: Limit one of each Pok\u00e9mon\n|rule|Item Clause: Limit 1 of each item\n|clearpoke\n|poke|p1|Tinkaton, L50, F|\n|poke|p1|Starmie, L50|\n|poke|p1|Corviknight, L50, F|\n|poke|p1|Lopunny, L50, M|\n|poke|p1|Volcarona, L50, F|\n|poke|p1|Rotom-Wash, L50|\n|poke|p2|Venusaur, L50, F|\n|poke|p2|Skarmory, L50, F|\n|poke|p2|Rotom-Heat, L50|\n|poke|p2|Meowscarada, L50, F|\n|poke|p2|Garchomp, L50, F|\n|poke|p2|Ceruledge, L50, F|\n|teampreview|3\n|\n|t:|1776062777\n|teamsize|p1|3\n|teamsize|p2|3\n|start\n|switch|p1a: Rotom|Rotom-Wash, L50|100/100\n|switch|p2a: Venusaur|Venusaur, L50, F|100/100\n|turn|1\n|\n|t:|1776062784\n|detailschange|p2a: Venusaur|Venusaur-Mega, L50, F\n|-mega|p2a: Venusaur|Venusaur|Venusaurite\n|move|p1a: Rotom|Volt Switch|p2a: Venusaur\n|-resisted|p2a: Venusaur|1\n|-damage|p2a: Venusaur|89/100\n|\n|t:|1776062789\n|switch|p1a: Corviknight|Corviknight, L50, F|100/100|[from] Volt Switch\n|-ability|p1a: Corviknight|Pressure\n|move|p2a: Venusaur|Leech Seed|p1a: Corviknight\n|-start|p1a: Corviknight|move: Leech Seed\n|\n|-damage|p1a: Corviknight|88/100|[from] Leech Seed|[of] p2a: Venusaur\n|-heal|p2a: Venusaur|100/100|[silent]\n|upkeep\n|turn|2\n|j| acyanmage\n|\n|t:|1776062804\n|move|p1a: Corviknight|U-turn|p2a: Venusaur\n|-damage|p2a: Venusaur|89/100\n|\n|t:|1776062807\n|switch|p1a: Starmie|Starmie, L50|100/100|[from] U-turn\n|move|p2a: Venusaur|Sludge Bomb|p1a: Starmie\n|-damage|p1a: Starmie|42/100\n|\n|upkeep\n|turn|3\n|\n|t:|1776062817\n|switch|p2a: Skarmory|Skarmory, L50, F|100/100\n|detailschange|p1a: Starmie|Starmie-Mega, L50\n|-mega|p1a: Starmie|Starmie|Starminite\n|move|p1a: Starmie|Zen Headbutt|p2a: Skarmory\n|-resisted|p2a: Skarmory|1\n|-damage|p2a: Skarmory|79/100\n|\n|-heal|p2a: Skarmory|85/100|[from] item: Leftovers\n|upkeep\n|turn|4\n|\n|t:|1776062827\n|switch|p1a: Rotom|Rotom-Wash, L50|100/100\n|move|p2a: Skarmory|Stealth Rock|p1a: Rotom\n|-sidestart|p1: chanmin|move: Stealth Rock\n|\n|-heal|p2a: Skarmory|91/100|[from] item: Leftovers\n|upkeep\n|turn|5\n|\n|t:|1776062841\n|switch|p2a: Venusaur|Venusaur-Mega, L50, F|89/100\n|move|p1a: Rotom|Volt Switch|p2a: Venusaur\n|-resisted|p2a: Venusaur|1\n|-damage|p2a: Venusaur|78/100\n|\n|t:|1776062847\n|switch|p1a: Starmie|Starmie-Mega, L50|42/100|[from] Volt Switch\n|-damage|p1a: Starmie|30/100|[from] Stealth Rock\n|\n|upkeep\n|turn|6\n|\n|t:|1776062857\n|switch|p2a: Skarmory|Skarmory, L50, F|91/100\n|move|p1a: Starmie|Zen Headbutt|p2a: Skarmory\n|-resisted|p2a: Skarmory|1\n|-damage|p2a: Skarmory|70/100\n|\n|-heal|p2a: Skarmory|76/100|[from] item: Leftovers\n|upkeep\n|turn|7\n|\n|t:|1776062877\n|move|p1a: Starmie|Bulk Up|p1a: Starmie\n|-boost|p1a: Starmie|atk|1\n|-boost|p1a: Starmie|def|1\n|move|p2a: Skarmory|Roost|p2a: Skarmory\n|-heal|p2a: Skarmory|100/100\n|-singleturn|p2a: Skarmory|move: Roost\n|\n|upkeep\n|turn|8\n|\n|t:|1776062885\n|move|p1a: Starmie|Liquidation|p2a: Skarmory\n|-damage|p2a: Skarmory|22/100\n|move|p2a: Skarmory|Whirlwind|p1a: Starmie\n|drag|p1a: Corviknight|Corviknight, L50, F|88/100\n|-damage|p1a: Corviknight|76/100|[from] Stealth Rock\n|-ability|p1a: Corviknight|Pressure\n|\n|-heal|p1a: Corviknight|82/100|[from] item: Leftovers\n|-heal|p2a: Skarmory|27/100|[from] item: Leftovers\n|upkeep\n|turn|9\n|\n|t:|1776062899\n|move|p1a: Corviknight|U-turn|p2a: Skarmory\n|-resisted|p2a: Skarmory|2\n|-damage|p2a: Skarmory|25/100\n|\n|t:|1776062902\n|switch|p1a: Rotom|Rotom-Wash, L50|100/100|[from] U-turn\n|-damage|p1a: Rotom|88/100|[from] Stealth Rock\n|move|p2a: Skarmory|Roost|p2a: Skarmory\n|-heal|p2a: Skarmory|75/100\n|-singleturn|p2a: Skarmory|move: Roost\n|\n|-heal|p2a: Skarmory|81/100|[from] item: Leftovers\n|upkeep\n|turn|10\n|\n|t:|1776062913\n|switch|p2a: Venusaur|Venusaur-Mega, L50, F|78/100\n|move|p1a: Rotom|Volt Switch|p2a: Venusaur\n|-resisted|p2a: Venusaur|1\n|-damage|p2a: Venusaur|66/100\n|\n|t:|1776062923\n|switch|p1a: Starmie|Starmie-Mega, L50|30/100|[from] Volt Switch\n|-damage|p1a: Starmie|18/100|[from] Stealth Rock\n|\n|upkeep\n|turn|11\n|\n|t:|1776062929\n|move|p1a: Starmie|Zen Headbutt|p2a: Venusaur\n|-supereffective|p2a: Venusaur|1\n|-damage|p2a: Venusaur|0 fnt\n|faint|p2a: Venusaur\n|\n|upkeep\n|\n|t:|1776062933\n|switch|p2a: Ceruledge|Ceruledge, L50, F|100/100\n|turn|12\n|\n|t:|1776062943\n|move|p1a: Starmie|Aqua Jet|p2a: Ceruledge\n|-supereffective|p2a: Ceruledge|1\n|-enditem|p2a: Ceruledge|Focus Sash\n|-damage|p2a: Ceruledge|1/100\n|-ability|p2a: Ceruledge|Weak Armor|boost\n|-unboost|p2a: Ceruledge|def|1\n|-boost|p2a: Ceruledge|spe|2\n|move|p2a: Ceruledge|Swords Dance|p2a: Ceruledge\n|-boost|p2a: Ceruledge|atk|2\n|\n|upkeep\n|turn|13\n|j| p74\n|\n|t:|1776062956\n|move|p2a: Ceruledge|Shadow Sneak|p1a: Starmie\n|-supereffective|p1a: Starmie|1\n|-damage|p1a: Starmie|0 fnt\n|faint|p1a: Starmie\n|\n|upkeep\n|\n|t:|1776062964\n|switch|p1a: Rotom|Rotom-Wash, L50|88/100\n|-damage|p1a: Rotom|76/100|[from] Stealth Rock\n|turn|14\n|\n|t:|1776062973\n|move|p2a: Ceruledge|Poltergeist|p1a: Rotom\n|-activate|p1a: Rotom|move: Poltergeist|Sitrus Berry\n|-damage|p1a: Rotom|0 fnt\n|faint|p1a: Rotom\n|\n|upkeep\n|-message|chanmin forfeited.\n|\n|win|Giant Gengar\n|raw|chanmin's rating: 1302 &rarr; <strong>1282</strong><br />(-20 for losing)\n|raw|Giant Gengar's rating: 1310 &rarr; <strong>1330</strong><br />(+20 for winning)\n|l|\u2606chanmin\n|player|p1|\n|l| acyanmage\n|l|\u2606Giant Gengar\n|player|p2|\n",
  "uploadtime": 1776063274,
  "views": 21,
  "formatid": "gen9championsbssregma",
  "rating": 1282,
  "private": 0,
  "password": null
}