{
  "id": "gen9championsbssregma-2583280271",
  "format": "[Gen 9 Champions] BSS Reg M-A",
  "players": [
    "popopolopopo13",
    "fletchyfletchy"
  ],
  "log": "|j|\u2606popopolopopo13\n|j|\u2606fletchyfletchy\n|t:|1776162667\n|gametype|singles\n|player|p1|popopolopopo13|2|1109\n|player|p2|fletchyfletchy|liko|1048\n|gen|9\n|tier|[Gen 9 Champions] BSS Reg M-A\n|rated|\n|rule|Species Clause: Limit one of each Pok\u00e9mon\n|rule|Item Clause: Limit 1 of each item\n|clearpoke\n|poke|p1|Dragonite, L50, M|\n|poke|p1|Pelipper, L50, F|\n|poke|p1|Lucario, L50, F|\n|poke|p1|Mamoswine, L50, F|\n|poke|p1|Ditto, L50|\n|poke|p1|Jolteon, L50, M|\n|poke|p2|Lucario, L50, M|\n|poke|p2|Basculegion, L50, M|\n|poke|p2|Meowscarada, L50, F|\n|poke|p2|Aegislash, L50, M|\n|poke|p2|Charizard, L50, F|\n|poke|p2|Ninetales-Alola, L50, F|\n|teampreview|3\n|\n|t:|1776162691\n|teamsize|p1|3\n|teamsize|p2|3\n|start\n|switch|p1a: Pelipper|Pelipper, L50, F|100/100\n|switch|p2a: Charizard|Charizard, L50, F|100/100\n|-weather|RainDance|[from] ability: Drizzle|[of] p1a: Pelipper\n|turn|1\n|\n|t:|1776162704\n|detailschange|p2a: Charizard|Charizard-Mega-X, L50, F\n|-mega|p2a: Charizard|Charizard|Charizardite X\n|move|p2a: Charizard|Dragon Dance|p2a: Charizard\n|-boost|p2a: Charizard|atk|1\n|-boost|p2a: Charizard|spe|1\n|move|p1a: Pelipper|Tailwind|p1a: Pelipper\n|-sidestart|p1: popopolopopo13|move: Tailwind\n|\n|-weather|RainDance|[upkeep]\n|upkeep\n|turn|2\n|inactive|Battle timer is ON: inactive players will automatically lose when time's up. (requested by fletchyfletchy)\n|\n|t:|1776162730\n|switch|p2a: Aegislash|Aegislash, L50, M|100/100\n|move|p1a: Pelipper|U-turn|p2a: Aegislash\n|-resisted|p2a: Aegislash|2\n|-damage|p2a: Aegislash|99/100\n|\n|t:|1776162740\n|switch|p1a: Dragonite|Dragonite, L50, M|100/100|[from] U-turn\n|\n|-weather|RainDance|[upkeep]\n|-heal|p2a: Aegislash|100/100|[from] item: Leftovers\n|upkeep\n|turn|3\n|inactive|fletchyfletchy has 30 seconds left.\n|inactive|fletchyfletchy has 20 seconds left.\n|inactive|fletchyfletchy has 15 seconds left.\n|\n|t:|1776162785\n|detailschange|p1a: Dragonite|Dragonite-Mega, L50, M\n|-mega|p1a: Dragonite|Dragonite|Dragoninite\n|move|p1a: Dragonite|Hurricane|p2a: Aegislash\n|-resisted|p2a: Aegislash|1\n|-damage|p2a: Aegislash|75/100\n|-formechange|p2a: Aegislash|Aegislash-Blade|\n|move|p2a: Aegislash|Shadow Ball|p1a: Dragonite\n|-damage|p1a: Dragonite|85/100\n|\n|-weather|RainDance|[upkeep]\n|-heal|p2a: Aegislash|81/100|[from] item: Leftovers\n|upkeep\n|turn|4\n|\n|t:|1776162798\n|-formechange|p2a: Aegislash|Aegislash|\n|move|p2a: Aegislash|King's Shield|p2a: Aegislash\n|-singleturn|p2a: Aegislash|Protect\n|move|p1a: Dragonite|Thunder|p2a: Aegislash\n|-activate|p2a: Aegislash|move: Protect\n|\n|-weather|RainDance|[upkeep]\n|-heal|p2a: Aegislash|87/100|[from] item: Leftovers\n|-sideend|p1: popopolopopo13|move: Tailwind\n|upkeep\n|turn|5\n|inactive|popopolopopo13 has 30 seconds left.\n|inactive|fletchyfletchy has 30 seconds left.\n|inactive|popopolopopo13 has 20 seconds left.\n|inactive|fletchyfletchy has 20 seconds left.\n|\n|t:|1776162835\n|move|p1a: Dragonite|Tailwind|p1a: Dragonite\n|-sidestart|p1: popopolopopo13|move: Tailwind\n|-formechange|p2a: Aegislash|Aegislash-Blade|\n|move|p2a: Aegislash|Shadow Ball|p1a: Dragonite\n|-damage|p1a: Dragonite|55/100\n|\n|-weather|none\n|-heal|p2a: Aegislash|93/100|[from] item: Leftovers\n|upkeep\n|turn|6\n|inactive|popopolopopo13 has 30 seconds left.\n|\n|t:|1776162863\n|switch|p1a: Pelipper|Pelipper, L50, F|100/100\n|-weather|RainDance|[from] ability: Drizzle|[of] p1a: Pelipper\n|-formechange|p2a: Aegislash|Aegislash|\n|move|p2a: Aegislash|King's Shield||[still]\n|-fail|p2a: Aegislash\n|\n|-weather|RainDance|[upkeep]\n|-heal|p2a: Aegislash|99/100|[from] item: Leftovers\n|upkeep\n|turn|7\n|\n|t:|1776162885\n|move|p1a: Pelipper|Knock Off|p2a: Aegislash\n|-supereffective|p2a: Aegislash|1\n|-damage|p2a: Aegislash|80/100\n|-enditem|p2a: Aegislash|Leftovers|[from] move: Knock Off|[of] p1a: Pelipper\n|-formechange|p2a: Aegislash|Aegislash-Blade|\n|move|p2a: Aegislash|Shadow Ball|p1a: Pelipper\n|-damage|p1a: Pelipper|69/100\n|\n|-weather|RainDance|[upkeep]\n|-heal|p1a: Pelipper|75/100|[from] item: Leftovers\n|upkeep\n|turn|8\n|inactive|fletchyfletchy has 30 seconds left.\n|\n|t:|1776162921\n|switch|p2a: Charizard|Charizard-Mega-X, L50, F|100/100\n|move|p1a: Pelipper|Weather Ball|p2a: Charizard\n|-damage|p2a: Charizard|40/100\n|\n|-weather|RainDance|[upkeep]\n|-heal|p1a: Pelipper|81/100|[from] item: Leftovers\n|-sideend|p1: popopolopopo13|move: Tailwind\n|upkeep\n|turn|9\n|\n|t:|1776162931\n|move|p2a: Charizard|Dragon Claw|p1a: Pelipper\n|-damage|p1a: Pelipper|15/100\n|move|p1a: Pelipper|Weather Ball|p2a: Charizard\n|-damage|p2a: Charizard|0 fnt\n|faint|p2a: Charizard\n|\n|-weather|RainDance|[upkeep]\n|-heal|p1a: Pelipper|21/100|[from] item: Leftovers\n|upkeep\n|\n|t:|1776162937\n|switch|p2a: Lucario|Lucario, L50, M|100/100\n|turn|10\n|\n|t:|1776162946\n|move|p2a: Lucario|Dark Pulse|p1a: Pelipper\n|-damage|p1a: Pelipper|0 fnt\n|faint|p1a: Pelipper\n|\n|-weather|none\n|upkeep\n|\n|t:|1776162954\n|switch|p1a: Dragonite|Dragonite-Mega, L50, M|55/100\n|turn|11\n|\n|t:|1776162968\n|move|p1a: Dragonite|Hurricane|p2a: Lucario\n|-damage|p2a: Lucario|0 fnt\n|faint|p2a: Lucario\n|\n|upkeep\n|\n|t:|1776162970\n|switch|p2a: Aegislash|Aegislash, L50, M|80/100\n|turn|12\n|\n|t:|1776162982\n|move|p1a: Dragonite|Draco Meteor|p2a: Aegislash\n|-resisted|p2a: Aegislash|1\n|-damage|p2a: Aegislash|50/100\n|-unboost|p1a: Dragonite|spa|2\n|-formechange|p2a: Aegislash|Aegislash-Blade|\n|move|p2a: Aegislash|Shadow Ball|p1a: Dragonite\n|-damage|p1a: Dragonite|25/100\n|\n|upkeep\n|turn|13\n|\n|t:|1776162997\n|switch|p1a: Mamoswine|Mamoswine, L50, F|100/100\n|move|p2a: Aegislash|Shadow Ball|p1a: Mamoswine\n|-damage|p1a: Mamoswine|57/100\n|\n|upkeep\n|turn|14\n|\n|t:|1776163014\n|-formechange|p2a: Aegislash|Aegislash|\n|move|p2a: Aegislash|King's Shield|p2a: Aegislash\n|-singleturn|p2a: Aegislash|Protect\n|move|p1a: Mamoswine|Earthquake|p2a: Aegislash\n|-activate|p2a: Aegislash|move: Protect\n|\n|upkeep\n|turn|15\n|\n|t:|1776163023\n|move|p1a: Mamoswine|Earthquake|p2a: Aegislash\n|-supereffective|p2a: Aegislash|1\n|-damage|p2a: Aegislash|0 fnt\n|faint|p2a: Aegislash\n|\n|win|popopolopopo13\n|raw|popopolopopo13's rating: 1109 &rarr; <strong>1130</strong><br />(+21 for winning)\n|raw|fletchyfletchy's rating: 1048 &rarr; <strong>1034</strong><br />(-14 for losing)\n",
  "uploadtime": 1776163024,
  "views": 2,
  "formatid": "gen9championsbssregma",
  "rating": 1034,
  "private": 0,
  "password": null
}