{
  "id": "gen9championsbssregma-2586950773",
  "format": "[Gen 9 Champions] BSS Reg M-A",
  "players": [
    "Silentsummer",
    "LOL.XD.9"
  ],
  "log": "|j|\u2606Silentsummer\n|j|\u2606LOL.XD.9\n|t:|1776474879\n|gametype|singles\n|player|p1|Silentsummer|266|1157\n|player|p2|LOL.XD.9|red|1245\n|gen|9\n|tier|[Gen 9 Champions] BSS Reg M-A\n|rated|\n|rule|Species Clause: Limit one of each Pok\u00e9mon\n|rule|Item Clause: Limit 1 of each item\n|clearpoke\n|poke|p1|Archaludon, L50, F|\n|poke|p1|Ninetales-Alola, L50, M|\n|poke|p1|Blastoise, L50, M|\n|poke|p1|Scizor, L50, M|\n|poke|p1|Garchomp, L50, F|\n|poke|p1|Toxapex, L50, M|\n|poke|p2|Corviknight, L50, M|\n|poke|p2|Feraligatr, L50, M|\n|poke|p2|Hawlucha, L50, M|\n|poke|p2|Sylveon, L50, F|\n|poke|p2|Greninja-*, L50, M|\n|poke|p2|Blastoise, L50, M|\n|teampreview|3\n|inactive|Battle timer is ON: inactive players will automatically lose when time's up. (requested by Silentsummer)\n|inactive|Silentsummer has 60 seconds left.\n|\n|t:|1776474912\n|teamsize|p1|3\n|teamsize|p2|3\n|start\n|switch|p1a: Archaludon|Archaludon, L50, F|100/100\n|switch|p2a: Sylveon|Sylveon, L50, F|100/100\n|turn|1\n|\n|t:|1776474932\n|move|p1a: Archaludon|Stealth Rock|p2a: Sylveon\n|-sidestart|p2: LOL.XD.9|move: Stealth Rock\n|move|p2a: Sylveon|Mystical Fire|p1a: Archaludon\n|-damage|p1a: Archaludon|77/100\n|-unboost|p1a: Archaludon|spa|1\n|-ability|p1a: Archaludon|Stamina|boost\n|-boost|p1a: Archaludon|def|1\n|\n|upkeep\n|turn|2\n|\n|t:|1776474945\n|move|p1a: Archaludon|Flash Cannon|p2a: Sylveon\n|-supereffective|p2a: Sylveon|1\n|-damage|p2a: Sylveon|70/100\n|move|p2a: Sylveon|Hyper Voice|p1a: Archaludon\n|-damage|p1a: Archaludon|18/100\n|-ability|p1a: Archaludon|Stamina|boost\n|-boost|p1a: Archaludon|def|1\n|-enditem|p1a: Archaludon|Sitrus Berry|[eat]\n|-heal|p1a: Archaludon|43/100|[from] item: Sitrus Berry\n|\n|upkeep\n|turn|3\n|\n|t:|1776474954\n|move|p1a: Archaludon|Flash Cannon|p2a: Sylveon\n|-supereffective|p2a: Sylveon|1\n|-damage|p2a: Sylveon|36/100\n|move|p2a: Sylveon|Hyper Voice|p1a: Archaludon\n|-damage|p1a: Archaludon|0 fnt\n|faint|p1a: Archaludon\n|\n|upkeep\n|\n|t:|1776474960\n|switch|p1a: Ninetales|Ninetales-Alola, L50, M|100/100\n|-weather|Snowscape|[from] ability: Snow Warning|[of] p1a: Ninetales\n|turn|4\n|\n|t:|1776474965\n|move|p1a: Ninetales|Blizzard|p2a: Sylveon\n|-damage|p2a: Sylveon|12/100\n|-status|p2a: Sylveon|frz\n|cant|p2a: Sylveon|frz\n|\n|-weather|Snowscape|[upkeep]\n|upkeep\n|turn|5\n|\n|t:|1776474972\n|move|p1a: Ninetales|Aurora Veil|p1a: Ninetales\n|-sidestart|p1: Silentsummer|move: Aurora Veil\n|cant|p2a: Sylveon|frz\n|\n|-weather|Snowscape|[upkeep]\n|upkeep\n|turn|6\n|\n|t:|1776474976\n|switch|p1a: Scizor|Scizor, L50, M|100/100\n|-curestatus|p2a: Sylveon|frz|[msg]\n|move|p2a: Sylveon|Mystical Fire|p1a: Scizor\n|-supereffective|p1a: Scizor|2\n|-crit|p1a: Scizor\n|-damage|p1a: Scizor|0 fnt\n|faint|p1a: Scizor\n|\n|-weather|Snowscape|[upkeep]\n|upkeep\n|\n|t:|1776474982\n|switch|p1a: Ninetales|Ninetales-Alola, L50, M|100/100\n|turn|7\n|\n|t:|1776474985\n|move|p1a: Ninetales|Blizzard|p2a: Sylveon\n|-damage|p2a: Sylveon|0 fnt\n|faint|p2a: Sylveon\n|\n|-weather|Snowscape|[upkeep]\n|upkeep\n|\n|t:|1776474993\n|switch|p2a: Hawlucha|Hawlucha, L50, M|100/100\n|-damage|p2a: Hawlucha|88/100|[from] Stealth Rock\n|turn|8\n|\n|t:|1776474998\n|move|p1a: Ninetales|Blizzard|p2a: Hawlucha\n|-supereffective|p2a: Hawlucha|1\n|-damage|p2a: Hawlucha|0 fnt\n|faint|p2a: Hawlucha\n|\n|-weather|none\n|upkeep\n|\n|t:|1776475003\n|switch|p2a: Blastoise|Blastoise, L50, M|100/100\n|-damage|p2a: Blastoise|88/100|[from] Stealth Rock\n|turn|9\n|\n|t:|1776475008\n|detailschange|p2a: Blastoise|Blastoise-Mega, L50, M\n|-mega|p2a: Blastoise|Blastoise|Blastoisinite\n|move|p1a: Ninetales|Freeze-Dry|p2a: Blastoise\n|-supereffective|p2a: Blastoise|1\n|-damage|p2a: Blastoise|53/100\n|move|p2a: Blastoise|Flash Cannon|p1a: Ninetales\n|-supereffective|p1a: Ninetales|2\n|-damage|p1a: Ninetales|40/100\n|\n|-sideend|p1: Silentsummer|move: Aurora Veil\n|upkeep\n|turn|10\n|\n|t:|1776475017\n|move|p1a: Ninetales|Freeze-Dry|p2a: Blastoise\n|-supereffective|p2a: Blastoise|1\n|-damage|p2a: Blastoise|19/100\n|move|p2a: Blastoise|Flash Cannon|p1a: Ninetales\n|-supereffective|p1a: Ninetales|2\n|-damage|p1a: Ninetales|0 fnt\n|faint|p1a: Ninetales\n|\n|win|LOL.XD.9\n|raw|Silentsummer's rating: 1157 &rarr; <strong>1138</strong><br />(-19 for losing)\n|raw|LOL.XD.9's rating: 1245 &rarr; <strong>1264</strong><br />(+19 for winning)\n|l|\u2606Silentsummer\n|player|p1|\n",
  "uploadtime": 1776475024,
  "views": 7,
  "formatid": "gen9championsbssregma",
  "rating": 1138,
  "private": 0,
  "password": null
}