{
  "id": "gen9championsbssregma-2586497783",
  "format": "[Gen 9 Champions] BSS Reg M-A",
  "players": [
    "pkmnallrounder",
    "bryannoah2309"
  ],
  "log": "|j|\u2606pkmnallrounder\n|j|\u2606bryannoah2309\n|t:|1776438792\n|gametype|singles\n|player|p1|pkmnallrounder|266|1211\n|player|p2|bryannoah2309|silver|1263\n|gen|9\n|tier|[Gen 9 Champions] BSS Reg M-A\n|rated|\n|rule|Species Clause: Limit one of each Pok\u00e9mon\n|rule|Item Clause: Limit 1 of each item\n|clearpoke\n|poke|p1|Emboar, L50, M|\n|poke|p1|Primarina, L50, M|\n|poke|p1|Meowscarada, L50, M|\n|poke|p1|Ninetales-Alola, L50, M|\n|poke|p1|Glaceon, L50, F|\n|poke|p1|Skarmory, L50, F|\n|poke|p2|Greninja-*, L50, M|\n|poke|p2|Gengar, L50, M|\n|poke|p2|Garchomp, L50, M|\n|poke|p2|Hatterene, L50, F|\n|poke|p2|Scizor, L50, M|\n|poke|p2|Charizard, L50, M|\n|teampreview|3\n|inactive|Battle timer is ON: inactive players will automatically lose when time's up. (requested by bryannoah2309)\n|\n|t:|1776438836\n|teamsize|p1|3\n|teamsize|p2|3\n|start\n|switch|p1a: Ninetales|Ninetales-Alola, L50, M|100/100\n|switch|p2a: Scizor|Scizor, L50, M|100/100\n|-weather|Snowscape|[from] ability: Snow Warning|[of] p1a: Ninetales\n|turn|1\n|\n|t:|1776438844\n|move|p2a: Scizor|Bullet Punch|p1a: Ninetales\n|-supereffective|p1a: Ninetales|2\n|-enditem|p1a: Ninetales|Focus Sash\n|-damage|p1a: Ninetales|1/100\n|move|p1a: Ninetales|Aurora Veil|p1a: Ninetales\n|-sidestart|p1: pkmnallrounder|move: Aurora Veil\n|\n|-weather|Snowscape|[upkeep]\n|upkeep\n|turn|2\n|\n|t:|1776438865\n|switch|p1a: Emboar|Emboar, L50, M|100/100\n|move|p2a: Scizor|Bullet Punch|p1a: Emboar\n|-resisted|p1a: Emboar|1\n|-damage|p1a: Emboar|90/100\n|\n|-weather|Snowscape|[upkeep]\n|upkeep\n|turn|3\n|\n|t:|1776438877\n|detailschange|p1a: Emboar|Emboar-Mega, L50, M\n|-mega|p1a: Emboar|Emboar|Emboarite\n|-ability|p1a: Emboar|Mold Breaker\n|move|p2a: Scizor|U-turn|p1a: Emboar\n|-resisted|p1a: Emboar|2\n|-crit|p1a: Emboar\n|-damage|p1a: Emboar|74/100\n|\n|t:|1776438891\n|switch|p2a: Gengar|Gengar, L50, M|100/100|[from] U-turn\n|move|p1a: Emboar|Bulk Up|p1a: Emboar\n|-boost|p1a: Emboar|atk|1\n|-boost|p1a: Emboar|def|1\n|\n|-weather|Snowscape|[upkeep]\n|upkeep\n|turn|4\n|\n|t:|1776438903\n|move|p2a: Gengar|Shadow Ball|p1a: Emboar\n|-damage|p1a: Emboar|57/100\n|move|p1a: Emboar|Earthquake|p2a: Gengar\n|-supereffective|p2a: Gengar|1\n|-enditem|p2a: Gengar|Focus Sash\n|-damage|p2a: Gengar|1/100\n|\n|-weather|Snowscape|[upkeep]\n|upkeep\n|turn|5\n|\n|t:|1776438912\n|move|p2a: Gengar|Destiny Bond|p2a: Gengar\n|-singlemove|p2a: Gengar|Destiny Bond\n|move|p1a: Emboar|Earthquake|p2a: Gengar\n|-supereffective|p2a: Gengar|1\n|-damage|p2a: Gengar|0 fnt\n|faint|p2a: Gengar\n|-activate|p2a: Gengar|move: Destiny Bond\n|faint|p1a: Emboar\n|\n|-weather|none\n|-sideend|p1: pkmnallrounder|move: Aurora Veil\n|upkeep\n|\n|t:|1776438925\n|switch|p2a: Charizard|Charizard, L50, M, shiny|100/100\n|switch|p1a: Ninetales|Ninetales-Alola, L50, M|1/100\n|-weather|Snowscape|[from] ability: Snow Warning|[of] p1a: Ninetales\n|turn|6\n|\n|t:|1776438932\n|detailschange|p2a: Charizard|Charizard-Mega-Y, L50, M, shiny\n|-mega|p2a: Charizard|Charizard|Charizardite Y\n|-weather|SunnyDay|[from] ability: Drought|[of] p2a: Charizard\n|move|p1a: Ninetales|Blizzard|p2a: Charizard\n|-damage|p2a: Charizard|61/100\n|move|p2a: Charizard|Flame Charge|p1a: Ninetales\n|-supereffective|p1a: Ninetales|1\n|-damage|p1a: Ninetales|0 fnt\n|-boost|p2a: Charizard|spe|1\n|faint|p1a: Ninetales\n|\n|-weather|SunnyDay|[upkeep]\n|upkeep\n|\n|t:|1776438937\n|switch|p1a: Meowscarada|Meowscarada, L50, M|100/100\n|turn|7\n|-message|pkmnallrounder forfeited.\n|\n|win|bryannoah2309\n|raw|pkmnallrounder's rating: 1211 &rarr; <strong>1190</strong><br />(-21 for losing)\n|raw|bryannoah2309's rating: 1263 &rarr; <strong>1284</strong><br />(+21 for winning)\n|l|\u2606pkmnallrounder\n|player|p1|\n",
  "uploadtime": 1776438954,
  "views": 16,
  "formatid": "gen9championsbssregma",
  "rating": 1190,
  "private": 0,
  "password": null
}