{
  "id": "gen9championsbssregma-2587718110",
  "format": "[Gen 9 Champions] BSS Reg M-A",
  "players": [
    "zozotown",
    "Fulgurotek"
  ],
  "log": "|j|\u203dzozotown\n|j|\u2606Fulgurotek\n|t:|1776556991\n|gametype|singles\n|player|p1|zozotown|102|1413\n|player|p2|Fulgurotek|101|1393\n|gen|9\n|tier|[Gen 9 Champions] BSS Reg M-A\n|rated|\n|rule|Species Clause: Limit one of each Pok\u00e9mon\n|rule|Item Clause: Limit 1 of each item\n|clearpoke\n|poke|p1|Glimmora, L50, F|\n|poke|p1|Clefable, L50, M|\n|poke|p1|Kingambit, L50, M|\n|poke|p1|Incineroar, L50, F|\n|poke|p1|Zoroark-Hisui, L50, M|\n|poke|p1|Scovillain, L50, F|\n|poke|p2|Banette, L50, F|\n|poke|p2|Gyarados, L50, M|\n|poke|p2|Glimmora, L50, M|\n|poke|p2|Hatterene, L50, F|\n|poke|p2|Zoroark-Hisui, L50, F|\n|poke|p2|Garchomp, L50, F|\n|teampreview|3\n|inactive|Battle timer is ON: inactive players will automatically lose when time's up. (requested by zozotown)\n|j| p74\n|\n|t:|1776557010\n|teamsize|p1|3\n|teamsize|p2|3\n|start\n|switch|p1a: Glimmora|Glimmora, L50, F|100/100\n|switch|p2a: Glimmora|Glimmora, L50, M|100/100\n|turn|1\n|\n|t:|1776557013\n|move|p1a: Glimmora|Mud Shot|p2a: Glimmora\n|-supereffective|p2a: Glimmora|2\n|-enditem|p2a: Glimmora|Focus Sash\n|-damage|p2a: Glimmora|1/100\n|-unboost|p2a: Glimmora|spe|1\n|move|p2a: Glimmora|Mud Shot|p1a: Glimmora\n|-supereffective|p1a: Glimmora|2\n|-enditem|p1a: Glimmora|Focus Sash\n|-damage|p1a: Glimmora|1/100\n|-unboost|p1a: Glimmora|spe|1\n|\n|upkeep\n|turn|2\n|\n|t:|1776557018\n|move|p2a: Glimmora|Mortal Spin|p1a: Glimmora\n|-resisted|p1a: Glimmora|2\n|-damage|p1a: Glimmora|0 fnt\n|-activate|p1a: Glimmora|ability: Toxic Debris\n|-sidestart|p2: Fulgurotek|move: Toxic Spikes\n|-sideend|p2: Fulgurotek|Toxic Spikes|[from] move: Mortal Spin|[of] p2a: Glimmora\n|faint|p1a: Glimmora\n|\n|upkeep\n|\n|t:|1776557020\n|switch|p1a: Clefable|Clefable, L50, M|100/100\n|turn|3\n|\n|t:|1776557041\n|detailschange|p1a: Clefable|Clefable-Mega, L50, M\n|-mega|p1a: Clefable|Clefable|Clefablite\n|move|p1a: Clefable|Moonblast|p2a: Glimmora\n|-resisted|p2a: Glimmora|1\n|-damage|p2a: Glimmora|0 fnt\n|faint|p2a: Glimmora\n|\n|upkeep\n|\n|t:|1776557053\n|switch|p2a: Gyarados|Gyarados, L50, M|100/100\n|-ability|p2a: Gyarados|Intimidate|boost\n|-unboost|p1a: Clefable|atk|1\n|turn|4\n|\n|t:|1776557057\n|move|p2a: Gyarados|Dragon Dance|p2a: Gyarados\n|-boost|p2a: Gyarados|atk|1\n|-boost|p2a: Gyarados|spe|1\n|move|p1a: Clefable|Calm Mind|p1a: Clefable\n|-boost|p1a: Clefable|spa|1\n|-boost|p1a: Clefable|spd|1\n|\n|upkeep\n|turn|5\n|\n|t:|1776557066\n|detailschange|p2a: Gyarados|Gyarados-Mega, L50, M\n|-mega|p2a: Gyarados|Gyarados|Gyaradosite\n|-ability|p2a: Gyarados|Mold Breaker\n|move|p2a: Gyarados|Ice Fang|p1a: Clefable\n|-supereffective|p1a: Clefable|1\n|-damage|p1a: Clefable|46/100\n|move|p1a: Clefable|Moonblast|p2a: Gyarados\n|-supereffective|p2a: Gyarados|1\n|-damage|p2a: Gyarados|0 fnt\n|faint|p2a: Gyarados\n|\n|upkeep\n|\n|t:|1776557075\n|switch|p2a: Garchomp|Garchomp, L50, F|100/100\n|turn|6\n|\n|t:|1776557078\n|move|p2a: Garchomp|Stone Edge|p1a: Clefable|[miss]\n|-miss|p2a: Garchomp|p1a: Clefable\n|move|p1a: Clefable|Moonlight|p1a: Clefable\n|-heal|p1a: Clefable|96/100\n|\n|upkeep\n|turn|7\n|\n|t:|1776557083\n|move|p2a: Garchomp|Stone Edge|p1a: Clefable\n|-supereffective|p1a: Clefable|1\n|-damage|p1a: Clefable|44/100\n|move|p1a: Clefable|Moonblast|p2a: Garchomp\n|-supereffective|p2a: Garchomp|1\n|-damage|p2a: Garchomp|0 fnt\n|faint|p2a: Garchomp\n|\n|win|zozotown\n|raw|zozotown's rating: 1413 &rarr; <strong>1432</strong><br />(+19 for winning)\n|raw|Fulgurotek's rating: 1393 &rarr; <strong>1374</strong><br />(-19 for losing)\n|l|\u2606Fulgurotek\n|player|p2|\n|l|\u203dzozotown\n|player|p1|\n",
  "uploadtime": 1776557268,
  "views": 1,
  "formatid": "gen9championsbssregma",
  "rating": 1374,
  "private": 0,
  "password": null
}