{
  "id": "gen9championsbssregma-2584734197",
  "format": "[Gen 9 Champions] BSS Reg M-A",
  "players": [
    "dialestdial",
    "DiceyRice"
  ],
  "log": "|j|\u2606dialestdial\n|j|\u2606DiceyRice\n|t:|1776279895\n|gametype|singles\n|player|p1|dialestdial|plasmagruntf|1140\n|player|p2|DiceyRice|miku-ghost|1130\n|gen|9\n|tier|[Gen 9 Champions] BSS Reg M-A\n|rated|\n|rule|Species Clause: Limit one of each Pok\u00e9mon\n|rule|Item Clause: Limit 1 of each item\n|clearpoke\n|poke|p1|Floette-Eternal, L50, F|\n|poke|p1|Sneasler, L50, M|\n|poke|p1|Charizard, L50, M|\n|poke|p1|Meowscarada, L50, F|\n|poke|p1|Basculegion, L50, M|\n|poke|p1|Clefable, L50, F|\n|poke|p2|Clefable, L50, F|\n|poke|p2|Espathra, L50, F|\n|poke|p2|Incineroar, L50, M|\n|poke|p2|Aegislash, L50, F|\n|poke|p2|Hydreigon, L50, F|\n|poke|p2|Floette-Eternal, L50, F|\n|teampreview|3\n|inactive|Battle timer is ON: inactive players will automatically lose when time's up. (requested by dialestdial)\n|inactive|dialestdial has 60 seconds left.\n|\n|t:|1776279931\n|teamsize|p1|3\n|teamsize|p2|3\n|start\n|switch|p1a: Charizard|Charizard, L50, M|100/100\n|switch|p2a: Hydreigon|Hydreigon, L50, F|100/100\n|turn|1\n|\n|t:|1776279943\n|detailschange|p1a: Charizard|Charizard-Mega-Y, L50, M\n|-mega|p1a: Charizard|Charizard|Charizardite Y\n|-weather|SunnyDay|[from] ability: Drought|[of] p1a: Charizard\n|move|p2a: Hydreigon|Dark Pulse|p1a: Charizard\n|-damage|p1a: Charizard|57/100\n|move|p1a: Charizard|Flame Charge|p2a: Hydreigon\n|-resisted|p2a: Hydreigon|1\n|-damage|p2a: Hydreigon|86/100\n|-boost|p1a: Charizard|spe|1\n|\n|-weather|SunnyDay|[upkeep]\n|upkeep\n|turn|2\n|\n|t:|1776279959\n|move|p2a: Hydreigon|Dark Pulse|p1a: Charizard\n|-damage|p1a: Charizard|12/100\n|move|p1a: Charizard|Weather Ball|p2a: Hydreigon\n|-resisted|p2a: Hydreigon|1\n|-damage|p2a: Hydreigon|30/100\n|\n|-weather|SunnyDay|[upkeep]\n|upkeep\n|turn|3\n|\n|t:|1776279980\n|switch|p1a: Clefable|Clefable, L50, F|100/100\n|move|p2a: Hydreigon|Dark Pulse|p1a: Clefable\n|-resisted|p1a: Clefable|1\n|-damage|p1a: Clefable|84/100\n|\n|-weather|SunnyDay|[upkeep]\n|upkeep\n|turn|4\n|\n|t:|1776279985\n|switch|p2a: Aegislash|Aegislash, L50, F|100/100\n|move|p1a: Clefable|Cosmic Power|p1a: Clefable\n|-boost|p1a: Clefable|def|1\n|-boost|p1a: Clefable|spd|1\n|\n|-weather|SunnyDay|[upkeep]\n|upkeep\n|turn|5\n|\n|t:|1776280001\n|-formechange|p2a: Aegislash|Aegislash-Blade|\n|move|p2a: Aegislash|Poltergeist|p1a: Clefable\n|-activate|p1a: Clefable|move: Poltergeist|Clefablite\n|-damage|p1a: Clefable|38/100\n|move|p1a: Clefable|Moonlight|p1a: Clefable\n|-heal|p1a: Clefable|100/100\n|\n|-weather|none\n|upkeep\n|turn|6\n|\n|t:|1776280010\n|move|p2a: Aegislash|Poltergeist|p1a: Clefable|[miss]\n|-miss|p2a: Aegislash|p1a: Clefable\n|move|p1a: Clefable|Cosmic Power|p1a: Clefable\n|-boost|p1a: Clefable|def|1\n|-boost|p1a: Clefable|spd|1\n|\n|upkeep\n|turn|7\n|\n|t:|1776280021\n|move|p2a: Aegislash|Poltergeist|p1a: Clefable\n|-activate|p1a: Clefable|move: Poltergeist|Clefablite\n|-damage|p1a: Clefable|65/100\n|move|p1a: Clefable|Cosmic Power|p1a: Clefable\n|-boost|p1a: Clefable|def|1\n|-boost|p1a: Clefable|spd|1\n|\n|upkeep\n|turn|8\n|\n|t:|1776280032\n|move|p2a: Aegislash|Poltergeist|p1a: Clefable\n|-activate|p1a: Clefable|move: Poltergeist|Clefablite\n|-damage|p1a: Clefable|33/100\n|move|p1a: Clefable|Moonlight|p1a: Clefable\n|-heal|p1a: Clefable|83/100\n|\n|upkeep\n|turn|9\n|\n|t:|1776280044\n|move|p2a: Aegislash|Poltergeist|p1a: Clefable\n|-activate|p1a: Clefable|move: Poltergeist|Clefablite\n|-damage|p1a: Clefable|50/100\n|move|p1a: Clefable|Cosmic Power|p1a: Clefable\n|-boost|p1a: Clefable|def|1\n|-boost|p1a: Clefable|spd|1\n|\n|upkeep\n|turn|10\n|\n|t:|1776280049\n|move|p2a: Aegislash|Poltergeist|p1a: Clefable\n|-activate|p1a: Clefable|move: Poltergeist|Clefablite\n|-damage|p1a: Clefable|24/100\n|move|p1a: Clefable|Moonlight|p1a: Clefable\n|-heal|p1a: Clefable|74/100\n|\n|upkeep\n|turn|11\n|\n|t:|1776280067\n|move|p2a: Aegislash|Poltergeist|p1a: Clefable\n|-activate|p1a: Clefable|move: Poltergeist|Clefablite\n|-damage|p1a: Clefable|48/100\n|move|p1a: Clefable|Draining Kiss|p2a: Aegislash\n|-resisted|p2a: Aegislash|1\n|-damage|p2a: Aegislash|85/100\n|-heal|p1a: Clefable|59/100|[from] drain|[of] p2a: Aegislash\n|\n|upkeep\n|turn|12\n|\n|t:|1776280074\n|move|p2a: Aegislash|Poltergeist|p1a: Clefable|[miss]\n|-miss|p2a: Aegislash|p1a: Clefable\n|move|p1a: Clefable|Moonlight|p1a: Clefable\n|-heal|p1a: Clefable|100/100\n|\n|upkeep\n|turn|13\n|\n|t:|1776280079\n|move|p2a: Aegislash|Shadow Sneak|p1a: Clefable\n|-damage|p1a: Clefable|92/100\n|move|p1a: Clefable|Cosmic Power|p1a: Clefable\n|-boost|p1a: Clefable|def|1\n|-boost|p1a: Clefable|spd|1\n|\n|upkeep\n|turn|14\n|\n|t:|1776280086\n|move|p2a: Aegislash|Sacred Sword|p1a: Clefable\n|-resisted|p1a: Clefable|1\n|-damage|p1a: Clefable|75/100\n|move|p1a: Clefable|Cosmic Power|p1a: Clefable\n|-boost|p1a: Clefable|def|1\n|-boost|p1a: Clefable|spd|1\n|\n|upkeep\n|turn|15\n|\n|t:|1776280092\n|move|p2a: Aegislash|Sacred Sword|p1a: Clefable\n|-resisted|p1a: Clefable|1\n|-damage|p1a: Clefable|59/100\n|move|p1a: Clefable|Calm Mind|p1a: Clefable\n|-boost|p1a: Clefable|spa|1\n|-boost|p1a: Clefable|spd|0\n|\n|upkeep\n|turn|16\n|\n|t:|1776280095\n|-formechange|p2a: Aegislash|Aegislash|\n|move|p2a: Aegislash|King's Shield|p2a: Aegislash\n|-singleturn|p2a: Aegislash|Protect\n|move|p1a: Clefable|Calm Mind|p1a: Clefable\n|-boost|p1a: Clefable|spa|1\n|-boost|p1a: Clefable|spd|0\n|\n|upkeep\n|turn|17\n|\n|t:|1776280105\n|-formechange|p2a: Aegislash|Aegislash-Blade|\n|move|p2a: Aegislash|Sacred Sword|p1a: Clefable\n|-resisted|p1a: Clefable|1\n|-damage|p1a: Clefable|43/100\n|move|p1a: Clefable|Calm Mind|p1a: Clefable\n|-boost|p1a: Clefable|spa|1\n|-boost|p1a: Clefable|spd|0\n|\n|upkeep\n|turn|18\n|\n|t:|1776280110\n|move|p2a: Aegislash|Sacred Sword|p1a: Clefable\n|-resisted|p1a: Clefable|1\n|-crit|p1a: Clefable\n|-damage|p1a: Clefable|17/100\n|move|p1a: Clefable|Moonlight|p1a: Clefable\n|-heal|p1a: Clefable|67/100\n|\n|upkeep\n|turn|19\n|\n|t:|1776280118\n|move|p2a: Aegislash|Sacred Sword|p1a: Clefable\n|-resisted|p1a: Clefable|1\n|-damage|p1a: Clefable|50/100\n|move|p1a: Clefable|Calm Mind|p1a: Clefable\n|-boost|p1a: Clefable|spa|1\n|-boost|p1a: Clefable|spd|0\n|\n|upkeep\n|turn|20\n|\n|t:|1776280124\n|move|p2a: Aegislash|Sacred Sword|p1a: Clefable\n|-resisted|p1a: Clefable|1\n|-damage|p1a: Clefable|33/100\n|move|p1a: Clefable|Moonlight|p1a: Clefable\n|-heal|p1a: Clefable|83/100\n|\n|upkeep\n|turn|21\n|\n|t:|1776280128\n|move|p2a: Aegislash|Sacred Sword|p1a: Clefable\n|-resisted|p1a: Clefable|1\n|-damage|p1a: Clefable|67/100\n|move|p1a: Clefable|Calm Mind|p1a: Clefable\n|-boost|p1a: Clefable|spa|1\n|-boost|p1a: Clefable|spd|0\n|\n|upkeep\n|turn|22\n|\n|t:|1776280133\n|move|p2a: Aegislash|Sacred Sword|p1a: Clefable\n|-resisted|p1a: Clefable|1\n|-damage|p1a: Clefable|51/100\n|move|p1a: Clefable|Calm Mind|p1a: Clefable\n|-boost|p1a: Clefable|spa|1\n|-boost|p1a: Clefable|spd|0\n|\n|upkeep\n|turn|23\n|\n|t:|1776280139\n|move|p2a: Aegislash|Sacred Sword|p1a: Clefable\n|-resisted|p1a: Clefable|1\n|-crit|p1a: Clefable\n|-damage|p1a: Clefable|24/100\n|move|p1a: Clefable|Moonlight|p1a: Clefable\n|-heal|p1a: Clefable|74/100\n|\n|upkeep\n|turn|24\n|\n|t:|1776280146\n|move|p2a: Aegislash|Sacred Sword|p1a: Clefable\n|-resisted|p1a: Clefable|1\n|-damage|p1a: Clefable|58/100\n|move|p1a: Clefable|Draining Kiss|p2a: Aegislash\n|-resisted|p2a: Aegislash|1\n|-damage|p2a: Aegislash|24/100\n|-heal|p1a: Clefable|100/100|[from] drain|[of] p2a: Aegislash\n|\n|upkeep\n|turn|25\n|\n|t:|1776280152\n|-formechange|p2a: Aegislash|Aegislash|\n|move|p2a: Aegislash|King's Shield|p2a: Aegislash\n|-singleturn|p2a: Aegislash|Protect\n|move|p1a: Clefable|Draining Kiss|p2a: Aegislash\n|-activate|p2a: Aegislash|move: Protect\n|-unboost|p1a: Clefable|atk|1\n|\n|upkeep\n|turn|26\n|\n|t:|1776280156\n|-formechange|p2a: Aegislash|Aegislash-Blade|\n|move|p2a: Aegislash|Sacred Sword|p1a: Clefable\n|-resisted|p1a: Clefable|1\n|-damage|p1a: Clefable|85/100\n|move|p1a: Clefable|Draining Kiss|p2a: Aegislash\n|-resisted|p2a: Aegislash|1\n|-crit|p2a: Aegislash\n|-damage|p2a: Aegislash|0 fnt\n|-heal|p1a: Clefable|100/100|[from] drain|[of] p2a: Aegislash\n|faint|p2a: Aegislash\n|\n|upkeep\n|\n|t:|1776280158\n|switch|p2a: Floette|Floette-Eternal, L50, F|100/100\n|turn|27\n|\n|t:|1776280161\n|move|p2a: Floette|Calm Mind|p2a: Floette\n|-boost|p2a: Floette|spa|1\n|-boost|p2a: Floette|spd|1\n|move|p1a: Clefable|Draining Kiss|p2a: Floette\n|-crit|p2a: Floette\n|-damage|p2a: Floette|21/100\n|\n|upkeep\n|turn|28\n|\n|t:|1776280167\n|move|p2a: Floette|Synthesis|p2a: Floette\n|-heal|p2a: Floette|71/100\n|move|p1a: Clefable|Draining Kiss|p2a: Floette\n|-damage|p2a: Floette|21/100\n|\n|upkeep\n|turn|29\n|\n|t:|1776280172\n|move|p2a: Floette|Synthesis|p2a: Floette\n|-heal|p2a: Floette|71/100\n|move|p1a: Clefable|Draining Kiss|p2a: Floette\n|-damage|p2a: Floette|14/100\n|\n|upkeep\n|turn|30\n|\n|t:|1776280179\n|move|p2a: Floette|Synthesis|p2a: Floette\n|-heal|p2a: Floette|64/100\n|move|p1a: Clefable|Draining Kiss|p2a: Floette\n|-damage|p2a: Floette|9/100\n|\n|upkeep\n|turn|31\n|\n|t:|1776280182\n|move|p2a: Floette|Synthesis|p2a: Floette\n|-heal|p2a: Floette|59/100\n|move|p1a: Clefable|Draining Kiss|p2a: Floette\n|-damage|p2a: Floette|3/100\n|\n|upkeep\n|turn|32\n|\n|t:|1776280184\n|move|p2a: Floette|Synthesis|p2a: Floette\n|-heal|p2a: Floette|52/100\n|move|p1a: Clefable|Draining Kiss|p2a: Floette\n|-damage|p2a: Floette|0 fnt\n|faint|p2a: Floette\n|\n|upkeep\n|\n|t:|1776280188\n|switch|p2a: Hydreigon|Hydreigon, L50, F|30/100\n|turn|33\n|\n|t:|1776280191\n|move|p2a: Hydreigon|Dark Pulse|p1a: Clefable\n|-resisted|p1a: Clefable|1\n|-damage|p1a: Clefable|96/100\n|move|p1a: Clefable|Draining Kiss|p2a: Hydreigon\n|-supereffective|p2a: Hydreigon|2\n|-damage|p2a: Hydreigon|0 fnt\n|-heal|p1a: Clefable|100/100|[from] drain|[of] p2a: Hydreigon\n|faint|p2a: Hydreigon\n|\n|win|dialestdial\n|raw|dialestdial's rating: 1140 &rarr; <strong>1167</strong><br />(+27 for winning)\n|raw|DiceyRice's rating: 1167 &rarr; <strong>1140</strong><br />(-27 for losing)\n|l|\u2606DiceyRice\n|player|p2|\n|c|\u2606dialestdial|GG\n",
  "uploadtime": 1776280205,
  "views": 9,
  "formatid": "gen9championsbssregma",
  "rating": 1140,
  "private": 0,
  "password": null
}