{
  "id": "gen9championsbssregma-2583080124",
  "format": "[Gen 9 Champions] BSS Reg M-A",
  "players": [
    "ogh122",
    "LFG LTC VGC YIPPIE"
  ],
  "log": "|j|\u2606ogh122\n|j|\u2606LFG LTC VGC YIPPIE\n|t:|1776139730\n|gametype|singles\n|player|p1|ogh122|102|1040\n|player|p2|LFG LTC VGC YIPPIE|schoolkid-gen4dp|1000\n|gen|9\n|tier|[Gen 9 Champions] BSS Reg M-A\n|rated|\n|rule|Species Clause: Limit one of each Pok\u00e9mon\n|rule|Item Clause: Limit 1 of each item\n|clearpoke\n|poke|p1|Aggron, L50, F|\n|poke|p1|Clefable, L50, M|\n|poke|p1|Skeledirge, L50, M|\n|poke|p1|Palafin, L50, M|\n|poke|p1|Espathra, L50, M|\n|poke|p1|Glimmora, L50, M|\n|poke|p2|Greninja-*, L50, M|\n|poke|p2|Mr. Rime, L50, M|\n|poke|p2|Emboar, L50, M|\n|poke|p2|Hawlucha, L50, F|\n|poke|p2|Charizard, L50, F|\n|poke|p2|Chimecho, L50, M|\n|teampreview|3\n|\n|t:|1776139744\n|teamsize|p1|3\n|teamsize|p2|3\n|start\n|switch|p1a: Glimmora|Glimmora, L50, M|100/100\n|switch|p2a: \u26a0\ufe0fTURN OFF TIMER\u26a0\ufe0f|Hawlucha, L50, F|100/100\n|turn|1\n|inactive|Battle timer is ON: inactive players will automatically lose when time's up. (requested by ogh122)\n|inactiveoff|Battle timer is now OFF.\n|\n|t:|1776139777\n|detailschange|p2a: \u26a0\ufe0fTURN OFF TIMER\u26a0\ufe0f|Hawlucha-Mega, L50, F\n|-mega|p2a: \u26a0\ufe0fTURN OFF TIMER\u26a0\ufe0f|Hawlucha|Hawluchanite\n|move|p2a: \u26a0\ufe0fTURN OFF TIMER\u26a0\ufe0f|Mean Look|p1a: Glimmora\n|-activate|p1a: Glimmora|trapped\n|move|p1a: Glimmora|Spikes|p2a: \u26a0\ufe0fTURN OFF TIMER\u26a0\ufe0f\n|-sidestart|p2: LFG LTC VGC YIPPIE|Spikes\n|\n|upkeep\n|turn|2\n|\n|t:|1776139784\n|move|p2a: \u26a0\ufe0fTURN OFF TIMER\u26a0\ufe0f|Encore|p1a: Glimmora\n|-start|p1a: Glimmora|Encore\n|move|p1a: Glimmora|Spikes|p2a: \u26a0\ufe0fTURN OFF TIMER\u26a0\ufe0f\n|-sidestart|p2: LFG LTC VGC YIPPIE|Spikes\n|\n|upkeep\n|turn|3\n|\n|t:|1776139788\n|move|p2a: \u26a0\ufe0fTURN OFF TIMER\u26a0\ufe0f|Agility|p2a: \u26a0\ufe0fTURN OFF TIMER\u26a0\ufe0f\n|-boost|p2a: \u26a0\ufe0fTURN OFF TIMER\u26a0\ufe0f|spe|2\n|move|p1a: Glimmora|Spikes|p2a: \u26a0\ufe0fTURN OFF TIMER\u26a0\ufe0f\n|-sidestart|p2: LFG LTC VGC YIPPIE|Spikes\n|\n|upkeep\n|turn|4\n|\n|t:|1776139794\n|move|p2a: \u26a0\ufe0fTURN OFF TIMER\u26a0\ufe0f|Agility|p2a: \u26a0\ufe0fTURN OFF TIMER\u26a0\ufe0f\n|-boost|p2a: \u26a0\ufe0fTURN OFF TIMER\u26a0\ufe0f|spe|2\n|move|p1a: Glimmora|Spikes||[still]\n|-fail|p1a: Glimmora\n|\n|-end|p1a: Glimmora|Encore\n|upkeep\n|turn|5\n|\n|t:|1776139802\n|move|p2a: \u26a0\ufe0fTURN OFF TIMER\u26a0\ufe0f|Encore|p1a: Glimmora\n|-start|p1a: Glimmora|Encore\n|move|p1a: Glimmora|Spikes||[still]\n|-fail|p1a: Glimmora\n|\n|upkeep\n|turn|6\n|\n|t:|1776139812\n|move|p2a: \u26a0\ufe0fTURN OFF TIMER\u26a0\ufe0f|Baton Pass|p2a: \u26a0\ufe0fTURN OFF TIMER\u26a0\ufe0f\n|\n|t:|1776139813\n|switch|p2a: Sisyphus|Chimecho, L50, M, shiny|100/100|[from] Baton Pass\n|move|p1a: Glimmora|Spikes||[still]\n|-fail|p1a: Glimmora\n|\n|upkeep\n|turn|7\n|\n|t:|1776139819\n|move|p2a: Sisyphus|Cosmic Power|p2a: Sisyphus\n|-boost|p2a: Sisyphus|def|1\n|-boost|p2a: Sisyphus|spd|1\n|move|p1a: Glimmora|Spikes||[still]\n|-fail|p1a: Glimmora\n|\n|-end|p1a: Glimmora|Encore\n|upkeep\n|turn|8\n|\n|t:|1776139829\n|move|p1a: Glimmora|Spiky Shield|p1a: Glimmora\n|-singleturn|p1a: Glimmora|move: Protect\n|move|p2a: Sisyphus|Cosmic Power|p2a: Sisyphus\n|-boost|p2a: Sisyphus|def|1\n|-boost|p2a: Sisyphus|spd|1\n|\n|upkeep\n|turn|9\n|\n|t:|1776139837\n|switch|p1a: Aggron|Aggron, L50, F|100/100\n|move|p2a: Sisyphus|Cosmic Power|p2a: Sisyphus\n|-boost|p2a: Sisyphus|def|1\n|-boost|p2a: Sisyphus|spd|1\n|\n|upkeep\n|turn|10\n|-message|LFG LTC VGC YIPPIE forfeited.\n|\n|win|ogh122\n|raw|ogh122's rating: 1040 &rarr; <strong>1070</strong><br />(+30 for winning)\n|raw|LFG LTC VGC YIPPIE's rating: 1000 &rarr; <strong>1000</strong><br />(+0 for losing)\n|l|\u2606ogh122\n|player|p1|\n",
  "uploadtime": 1776139947,
  "views": 5,
  "formatid": "gen9championsbssregma",
  "rating": 1000,
  "private": 0,
  "password": null
}