{
  "id": "gen9championsbssregma-2585409772",
  "format": "[Gen 9 Champions] BSS Reg M-A",
  "players": [
    "drakogold",
    "BBBkty"
  ],
  "log": "|j|\u2606drakogold\n|j|\u2606BBBkty\n|t:|1776345273\n|gametype|singles\n|player|p1|drakogold|170|1163\n|player|p2|BBBkty|265|1036\n|gen|9\n|tier|[Gen 9 Champions] BSS Reg M-A\n|rated|\n|rule|Species Clause: Limit one of each Pok\u00e9mon\n|rule|Item Clause: Limit 1 of each item\n|clearpoke\n|poke|p1|Starmie, L50|\n|poke|p1|Arcanine-Hisui, L50, M|\n|poke|p1|Meowscarada, L50, F|\n|poke|p1|Bellibolt, L50, F|\n|poke|p1|Corviknight, L50, M|\n|poke|p1|Delphox, L50, F|\n|poke|p2|Dragapult, L50, M|\n|poke|p2|Alakazam, L50, F|\n|poke|p2|Azumarill, L50, M|\n|poke|p2|Clefable, L50, M|\n|poke|p2|Espathra, L50, F|\n|poke|p2|Glimmora, L50, M|\n|teampreview|3\n|inactive|Battle timer is ON: inactive players will automatically lose when time's up. (requested by drakogold)\n|\n|t:|1776345293\n|teamsize|p1|3\n|teamsize|p2|3\n|start\n|switch|p1a: Arcanine|Arcanine-Hisui, L50, M|100/100\n|switch|p2a: Glimmora|Glimmora, L50, M|100/100\n|-ability|p1a: Arcanine|Intimidate|boost\n|-unboost|p2a: Glimmora|atk|1\n|turn|1\n|\n|t:|1776345304\n|move|p1a: Arcanine|Head Smash|p2a: Glimmora\n|-damage|p2a: Glimmora|27/100\n|-activate|p2a: Glimmora|ability: Toxic Debris\n|-sidestart|p1: drakogold|move: Toxic Spikes\n|-damage|p1a: Arcanine|68/100|[from] Recoil\n|move|p2a: Glimmora|Stealth Rock|p1a: Arcanine\n|-sidestart|p1: drakogold|move: Stealth Rock\n|\n|upkeep\n|turn|2\n|\n|t:|1776345310\n|move|p1a: Arcanine|Head Smash|p2a: Glimmora\n|-damage|p2a: Glimmora|0 fnt\n|-activate|p2a: Glimmora|ability: Toxic Debris\n|-sidestart|p1: drakogold|move: Toxic Spikes\n|faint|p2a: Glimmora\n|-damage|p1a: Arcanine|55/100|[from] Recoil\n|\n|upkeep\n|\n|t:|1776345315\n|switch|p2a: Espathra|Espathra, L50, F, shiny|100/100\n|turn|3\n|\n|t:|1776345317\n|move|p2a: Espathra|Protect|p2a: Espathra\n|-singleturn|p2a: Espathra|Protect\n|move|p1a: Arcanine|Head Smash|p2a: Espathra\n|-activate|p2a: Espathra|move: Protect\n|\n|-ability|p2a: Espathra|Speed Boost|boost\n|-boost|p2a: Espathra|spe|1\n|upkeep\n|turn|4\n|\n|t:|1776345323\n|move|p1a: Arcanine|Head Smash|p2a: Espathra\n|-damage|p2a: Espathra|15/100\n|-enditem|p2a: Espathra|Sitrus Berry|[eat]\n|-heal|p2a: Espathra|40/100|[from] item: Sitrus Berry\n|-damage|p1a: Arcanine|12/100|[from] Recoil\n|move|p2a: Espathra|Calm Mind|p2a: Espathra\n|-boost|p2a: Espathra|spa|1\n|-boost|p2a: Espathra|spd|1\n|\n|-ability|p2a: Espathra|Speed Boost|boost\n|-boost|p2a: Espathra|spe|1\n|upkeep\n|turn|5\n|\n|t:|1776345330\n|move|p2a: Espathra|Protect|p2a: Espathra\n|-singleturn|p2a: Espathra|Protect\n|move|p1a: Arcanine|Head Smash|p2a: Espathra\n|-activate|p2a: Espathra|move: Protect\n|\n|-ability|p2a: Espathra|Speed Boost|boost\n|-boost|p2a: Espathra|spe|1\n|upkeep\n|turn|6\n|\n|t:|1776345334\n|move|p2a: Espathra|Baton Pass|p2a: Espathra\n|\n|t:|1776345337\n|switch|p2a: Clefable|Clefable, L50, M, shiny|100/100|[from] Baton Pass\n|move|p1a: Arcanine|Head Smash|p2a: Clefable\n|-damage|p2a: Clefable|17/100\n|-damage|p1a: Arcanine|0 fnt|[from] Recoil\n|faint|p1a: Arcanine\n|\n|upkeep\n|\n|t:|1776345344\n|switch|p1a: Bellibolt|Bellibolt, L50, F|100/100\n|-status|p1a: Bellibolt|tox\n|-damage|p1a: Bellibolt|88/100 tox|[from] Stealth Rock\n|turn|7\n|\n|t:|1776345353\n|detailschange|p2a: Clefable|Clefable-Mega, L50, M, shiny\n|-mega|p2a: Clefable|Clefable|Clefablite\n|move|p2a: Clefable|Moonlight|p2a: Clefable\n|-heal|p2a: Clefable|67/100\n|move|p1a: Bellibolt|Discharge|p2a: Clefable\n|-supereffective|p2a: Clefable|1\n|-damage|p2a: Clefable|28/100\n|\n|-damage|p1a: Bellibolt|82/100 tox|[from] psn\n|upkeep\n|turn|8\n|\n|t:|1776345361\n|move|p2a: Clefable|Moonlight|p2a: Clefable\n|-heal|p2a: Clefable|78/100\n|move|p1a: Bellibolt|Discharge|p2a: Clefable\n|-supereffective|p2a: Clefable|1\n|-damage|p2a: Clefable|40/100\n|\n|-damage|p1a: Bellibolt|70/100 tox|[from] psn\n|upkeep\n|turn|9\n|\n|t:|1776345365\n|move|p2a: Clefable|Moonlight|p2a: Clefable\n|-heal|p2a: Clefable|90/100\n|move|p1a: Bellibolt|Discharge|p2a: Clefable\n|-supereffective|p2a: Clefable|1\n|-damage|p2a: Clefable|57/100\n|\n|-damage|p1a: Bellibolt|52/100 tox|[from] psn\n|upkeep\n|turn|10\n|\n|t:|1776345374\n|move|p2a: Clefable|Cosmic Power|p2a: Clefable\n|-boost|p2a: Clefable|def|1\n|-boost|p2a: Clefable|spd|1\n|move|p1a: Bellibolt|Discharge|p2a: Clefable\n|-supereffective|p2a: Clefable|1\n|-damage|p2a: Clefable|28/100\n|\n|-damage|p1a: Bellibolt|28/100 tox|[from] psn\n|upkeep\n|-enditem|p1a: Bellibolt|Sitrus Berry|[eat]\n|-heal|p1a: Bellibolt|53/100 tox|[from] item: Sitrus Berry\n|turn|11\n|\n|t:|1776345377\n|move|p2a: Clefable|Moonlight|p2a: Clefable\n|-heal|p2a: Clefable|78/100\n|move|p1a: Bellibolt|Discharge|p2a: Clefable\n|-supereffective|p2a: Clefable|1\n|-damage|p2a: Clefable|53/100\n|-status|p2a: Clefable|par\n|\n|-damage|p1a: Bellibolt|23/100 tox|[from] psn\n|upkeep\n|turn|12\n|\n|t:|1776345384\n|move|p2a: Clefable|Moonlight|p2a: Clefable\n|-heal|p2a: Clefable|100/100 par\n|move|p1a: Bellibolt|Volt Switch|p2a: Clefable\n|-supereffective|p2a: Clefable|1\n|-damage|p2a: Clefable|78/100 par\n|\n|t:|1776345386\n|switch|p1a: Starmie|Starmie, L50|100/100|[from] Volt Switch\n|-status|p1a: Starmie|tox\n|-damage|p1a: Starmie|88/100 tox|[from] Stealth Rock\n|\n|-damage|p1a: Starmie|82/100 tox|[from] psn\n|upkeep\n|turn|13\n|\n|t:|1776345391\n|detailschange|p1a: Starmie|Starmie-Mega, L50\n|-mega|p1a: Starmie|Starmie|Starminite\n|move|p1a: Starmie|Ice Spinner|p2a: Clefable\n|-supereffective|p2a: Clefable|1\n|-damage|p2a: Clefable|27/100 par\n|move|p2a: Clefable|Moonblast|p1a: Starmie\n|-damage|p1a: Starmie|5/100 tox\n|\n|-damage|p1a: Starmie|0 fnt|[from] psn\n|faint|p1a: Starmie\n|upkeep\n|\n|t:|1776345398\n|switch|p1a: Bellibolt|Bellibolt, L50, F|23/100 tox\n|-damage|p1a: Bellibolt|10/100 tox|[from] Stealth Rock\n|turn|14\n|\n|t:|1776345403\n|move|p2a: Clefable|Moonlight|p2a: Clefable\n|-heal|p2a: Clefable|77/100 par\n|move|p1a: Bellibolt|Slack Off|p1a: Bellibolt\n|-heal|p1a: Bellibolt|60/100 tox\n|\n|-damage|p1a: Bellibolt|54/100 tox|[from] psn\n|upkeep\n|turn|15\n|\n|t:|1776345407\n|move|p2a: Clefable|Moonlight|p2a: Clefable\n|-heal|p2a: Clefable|100/100 par\n|move|p1a: Bellibolt|Discharge|p2a: Clefable\n|-supereffective|p2a: Clefable|1\n|-damage|p2a: Clefable|73/100 par\n|\n|-damage|p1a: Bellibolt|42/100 tox|[from] psn\n|upkeep\n|turn|16\n|-message|drakogold forfeited.\n|\n|win|BBBkty\n|raw|drakogold's rating: 1163 &rarr; <strong>1128</strong><br />(-35 for losing)\n|raw|BBBkty's rating: 1024 &rarr; <strong>1074</strong><br />(+50 for winning)\n|l|\u2606drakogold\n|player|p1|\n",
  "uploadtime": 1776345414,
  "views": 7,
  "formatid": "gen9championsbssregma",
  "rating": 1074,
  "private": 0,
  "password": null
}