{
  "id": "gen9championsbssregma-2585295537",
  "format": "[Gen 9 Champions] BSS Reg M-A",
  "players": [
    "karbain",
    "fletchyfletchy"
  ],
  "log": "|j|\u2606karbain\n|j|\u2606fletchyfletchy\n|t:|1776334905\n|gametype|singles\n|player|p1|karbain|169|1154\n|player|p2|fletchyfletchy|liko|1150\n|gen|9\n|tier|[Gen 9 Champions] BSS Reg M-A\n|rated|\n|rule|Species Clause: Limit one of each Pok\u00e9mon\n|rule|Item Clause: Limit 1 of each item\n|clearpoke\n|poke|p1|Charizard, L50, F|\n|poke|p1|Gengar, L50, M|\n|poke|p1|Mimikyu, L50, M|\n|poke|p1|Greninja-*, L50, F|\n|poke|p1|Gyarados, L50, F|\n|poke|p1|Garchomp, L50, F|\n|poke|p2|Lopunny, L50, F|\n|poke|p2|Rotom-Wash, L50|\n|poke|p2|Meowscarada, L50, F|\n|poke|p2|Aegislash, L50, F|\n|poke|p2|Ninetales-Alola, L50, M|\n|poke|p2|Gengar, L50, F|\n|teampreview|3\n|inactive|Battle timer is ON: inactive players will automatically lose when time's up. (requested by fletchyfletchy)\n|\n|t:|1776334938\n|teamsize|p1|3\n|teamsize|p2|3\n|start\n|switch|p1a: Gengar|Gengar, L50, M|100/100\n|switch|p2a: Lopunny|Lopunny, L50, F|100/100\n|turn|1\n|\n|t:|1776334951\n|switch|p1a: Gyarados|Gyarados, L50, F|100/100\n|-ability|p1a: Gyarados|Intimidate|boost\n|-unboost|p2a: Lopunny|atk|1\n|detailschange|p2a: Lopunny|Lopunny-Mega, L50, F\n|-mega|p2a: Lopunny|Lopunny|Lopunnite\n|move|p2a: Lopunny|Fake Out|p1a: Gyarados\n|-damage|p1a: Gyarados|81/100\n|\n|-heal|p1a: Gyarados|87/100|[from] item: Leftovers\n|upkeep\n|turn|2\n|\n|t:|1776334966\n|switch|p2a: Rotom|Rotom-Wash, L50|100/100\n|move|p1a: Gyarados|Waterfall|p2a: Rotom\n|-resisted|p2a: Rotom|1\n|-damage|p2a: Rotom|74/100\n|\n|-heal|p1a: Gyarados|93/100|[from] item: Leftovers\n|upkeep\n|turn|3\n|\n|t:|1776334975\n|switch|p1a: Garchomp|Garchomp, L50, F|100/100\n|move|p2a: Rotom|Will-O-Wisp|p1a: Garchomp\n|-status|p1a: Garchomp|brn\n|\n|-damage|p1a: Garchomp|95/100 brn|[from] brn\n|upkeep\n|turn|4\n|\n|t:|1776334985\n|switch|p2a: Lopunny|Lopunny-Mega, L50, F|100/100\n|move|p1a: Garchomp|Outrage|p2a: Lopunny\n|-damage|p2a: Lopunny|58/100\n|\n|-damage|p1a: Garchomp|89/100 brn|[from] brn\n|upkeep\n|turn|5\n|\n|t:|1776334992\n|move|p1a: Garchomp|Outrage|p2a: Lopunny|[from] lockedmove\n|-damage|p2a: Lopunny|16/100\n|-start|p1a: Garchomp|confusion|[fatigue]\n|move|p2a: Lopunny|Triple Axel|p1a: Garchomp\n|-supereffective|p1a: Garchomp|2\n|-damage|p1a: Garchomp|56/100 brn\n|-damage|p2a: Lopunny|4/100|[from] ability: Rough Skin|[of] p1a: Garchomp\n|-supereffective|p1a: Garchomp|2\n|-damage|p1a: Garchomp|0 fnt\n|-damage|p2a: Lopunny|0 fnt|[from] ability: Rough Skin|[of] p1a: Garchomp\n|faint|p1a: Garchomp\n|faint|p2a: Lopunny\n|-hitcount|p1: Garchomp|2\n|\n|upkeep\n|\n|t:|1776335005\n|switch|p2a: Aegislash|Aegislash, L50, F|100/100\n|switch|p1a: Gengar|Gengar, L50, M|100/100\n|turn|6\n|\n|t:|1776335020\n|detailschange|p1a: Gengar|Gengar-Mega, L50, M\n|-mega|p1a: Gengar|Gengar|Gengarite\n|move|p1a: Gengar|Substitute|p1a: Gengar\n|-start|p1a: Gengar|Substitute\n|-damage|p1a: Gengar|76/100\n|move|p2a: Aegislash|Swords Dance|p2a: Aegislash\n|-boost|p2a: Aegislash|atk|2\n|\n|upkeep\n|turn|7\n|\n|t:|1776335027\n|-formechange|p2a: Aegislash|Aegislash-Blade|\n|move|p2a: Aegislash|Shadow Sneak|p1a: Gengar\n|-supereffective|p1a: Gengar|1\n|-end|p1a: Gengar|Substitute\n|move|p1a: Gengar|Shadow Ball|p2a: Aegislash\n|-supereffective|p2a: Aegislash|1\n|-damage|p2a: Aegislash|0 fnt\n|faint|p2a: Aegislash\n|\n|upkeep\n|\n|t:|1776335032\n|switch|p2a: Rotom|Rotom-Wash, L50|74/100\n|turn|8\n|\n|t:|1776335042\n|move|p1a: Gengar|Sludge Wave|p2a: Rotom\n|-damage|p2a: Rotom|3/100\n|-enditem|p2a: Rotom|Sitrus Berry|[eat]\n|-heal|p2a: Rotom|27/100|[from] item: Sitrus Berry\n|move|p2a: Rotom|Shadow Ball|p1a: Gengar\n|-supereffective|p1a: Gengar|1\n|-damage|p1a: Gengar|27/100\n|-unboost|p1a: Gengar|spd|1\n|\n|upkeep\n|turn|9\n|\n|t:|1776335051\n|move|p1a: Gengar|Sludge Wave|p2a: Rotom\n|-damage|p2a: Rotom|0 fnt\n|faint|p2a: Rotom\n|\n|win|karbain\n|raw|karbain's rating: 1154 &rarr; <strong>1179</strong><br />(+25 for winning)\n|raw|fletchyfletchy's rating: 1150 &rarr; <strong>1125</strong><br />(-25 for losing)\n",
  "uploadtime": 1776335051,
  "views": 18,
  "formatid": "gen9championsbssregma",
  "rating": 1125,
  "private": 0,
  "password": null
}