{
  "id": "gen9championsbssregma-2582148487",
  "format": "[Gen 9 Champions] BSS Reg M-A",
  "players": [
    "Giant Gengar",
    "carbonlifeformmeme"
  ],
  "log": "|j|\u2606Giant Gengar\n|j|\u2606carbonlifeformmeme\n|t:|1776064238\n|gametype|singles\n|player|p1|Giant Gengar|101|1303\n|player|p2|carbonlifeformmeme|170|1234\n|gen|9\n|tier|[Gen 9 Champions] BSS Reg M-A\n|rated|\n|rule|Species Clause: Limit one of each Pok\u00e9mon\n|rule|Item Clause: Limit 1 of each item\n|clearpoke\n|poke|p1|Venusaur, L50, F|\n|poke|p1|Skarmory, L50, F|\n|poke|p1|Rotom-Heat, L50|\n|poke|p1|Meowscarada, L50, F|\n|poke|p1|Garchomp, L50, F|\n|poke|p1|Ceruledge, L50, M|\n|poke|p2|Meowscarada, L50, M|\n|poke|p2|Froslass, L50, F|\n|poke|p2|Sneasler, L50, M|\n|poke|p2|Orthworm, L50, F|\n|poke|p2|Rotom-Heat, L50|\n|poke|p2|Glimmora, L50, M|\n|teampreview|3\n|\n|t:|1776064289\n|teamsize|p1|3\n|teamsize|p2|3\n|start\n|switch|p1a: Ceruledge|Ceruledge, L50, M|100/100\n|switch|p2a: Glimmora|Glimmora, L50, M|100/100\n|turn|1\n|\n|t:|1776064300\n|move|p2a: Glimmora|Power Gem|p1a: Ceruledge\n|-supereffective|p1a: Ceruledge|1\n|-damage|p1a: Ceruledge|8/100\n|move|p1a: Ceruledge|Poltergeist|p2a: Glimmora\n|-activate|p2a: Glimmora|move: Poltergeist|Focus Sash\n|-damage|p2a: Glimmora|25/100\n|-activate|p2a: Glimmora|ability: Toxic Debris\n|-sidestart|p1: Giant Gengar|move: Toxic Spikes\n|\n|upkeep\n|turn|2\n|\n|t:|1776064309\n|move|p1a: Ceruledge|Shadow Sneak|p2a: Glimmora\n|-damage|p2a: Glimmora|0 fnt\n|-activate|p2a: Glimmora|ability: Toxic Debris\n|-sidestart|p1: Giant Gengar|move: Toxic Spikes\n|faint|p2a: Glimmora\n|\n|upkeep\n|\n|t:|1776064315\n|switch|p2a: Orthworm|Orthworm, L50, F|100/100\n|turn|3\n|\n|t:|1776064322\n|move|p1a: Ceruledge|Bitter Blade|p2a: Orthworm\n|-supereffective|p2a: Orthworm|1\n|-damage|p2a: Orthworm|27/100\n|-heal|p1a: Ceruledge|50/100|[from] drain|[of] p2a: Orthworm\n|-enditem|p2a: Orthworm|Sitrus Berry|[eat]\n|-heal|p2a: Orthworm|52/100|[from] item: Sitrus Berry\n|move|p2a: Orthworm|Shed Tail|p2a: Orthworm\n|-start|p2a: Orthworm|Substitute|[from] move: Shed Tail\n|-damage|p2a: Orthworm|2/100\n|\n|t:|1776064330\n|switch|p2a: Froslass|Froslass, L50, F|100/100|[from] Shed Tail\n|\n|upkeep\n|turn|4\n|\n|t:|1776064338\n|detailschange|p2a: Froslass|Froslass-Mega, L50, F\n|-mega|p2a: Froslass|Froslass|Froslassite\n|-weather|Snowscape|[from] ability: Snow Warning|[of] p2a: Froslass\n|move|p1a: Ceruledge|Shadow Sneak|p2a: Froslass\n|-supereffective|p2a: Froslass|1\n|-end|p2a: Froslass|Substitute\n|move|p2a: Froslass|Shadow Ball|p1a: Ceruledge\n|-supereffective|p1a: Ceruledge|1\n|-damage|p1a: Ceruledge|0 fnt\n|faint|p1a: Ceruledge\n|\n|-weather|Snowscape|[upkeep]\n|upkeep\n|\n|t:|1776064343\n|switch|p1a: Venusaur|Venusaur, L50, F|100/100\n|-sideend|p1: Giant Gengar|move: Toxic Spikes|[of] p1a: Venusaur\n|turn|5\n|\n|t:|1776064351\n|detailschange|p1a: Venusaur|Venusaur-Mega, L50, F\n|-mega|p1a: Venusaur|Venusaur|Venusaurite\n|move|p2a: Froslass|Nasty Plot|p2a: Froslass\n|-boost|p2a: Froslass|spa|2\n|move|p1a: Venusaur|Leech Seed|p2a: Froslass\n|-start|p2a: Froslass|move: Leech Seed\n|\n|-weather|Snowscape|[upkeep]\n|-damage|p2a: Froslass|88/100|[from] Leech Seed|[of] p1a: Venusaur\n|upkeep\n|turn|6\n|j| p74\n|\n|t:|1776064389\n|switch|p1a: Skarmory|Skarmory, L50, F|100/100\n|move|p2a: Froslass|Blizzard|p1a: Skarmory\n|-ability|p1a: Skarmory|Sturdy\n|-damage|p1a: Skarmory|1/100\n|\n|-weather|Snowscape|[upkeep]\n|-heal|p1a: Skarmory|7/100|[from] item: Leftovers\n|-damage|p2a: Froslass|76/100|[from] Leech Seed|[of] p1a: Skarmory\n|-heal|p1a: Skarmory|17/100|[silent]\n|upkeep\n|turn|7\n|\n|t:|1776064399\n|move|p2a: Froslass|Blizzard|p1a: Skarmory\n|-damage|p1a: Skarmory|0 fnt\n|faint|p1a: Skarmory\n|\n|-weather|Snowscape|[upkeep]\n|upkeep\n|\n|t:|1776064402\n|switch|p1a: Venusaur|Venusaur-Mega, L50, F|100/100\n|turn|8\n|\n|t:|1776064407\n|move|p2a: Froslass|Blizzard|p1a: Venusaur\n|-supereffective|p1a: Venusaur|1\n|-damage|p1a: Venusaur|21/100\n|move|p1a: Venusaur|Synthesis|p1a: Venusaur\n|-heal|p1a: Venusaur|46/100\n|\n|-weather|none\n|-damage|p2a: Froslass|64/100|[from] Leech Seed|[of] p1a: Venusaur\n|-heal|p1a: Venusaur|56/100|[silent]\n|upkeep\n|turn|9\n|\n|t:|1776064416\n|move|p2a: Froslass|Shadow Ball|p1a: Venusaur\n|-damage|p1a: Venusaur|0 fnt\n|faint|p1a: Venusaur\n|\n|win|carbonlifeformmeme\n|raw|Giant Gengar's rating: 1303 &rarr; <strong>1279</strong><br />(-24 for losing)\n|raw|carbonlifeformmeme's rating: 1234 &rarr; <strong>1264</strong><br />(+30 for winning)\n",
  "uploadtime": 1776064420,
  "views": 13,
  "formatid": "gen9championsbssregma",
  "rating": 1264,
  "private": 0,
  "password": null
}