{
  "id": "gen9championsbssregma-2581225320",
  "format": "[Gen 9 Champions] BSS Reg M-A",
  "players": [
    "KyungHeeUniversity",
    "ljh4874484"
  ],
  "log": "|j|\u2606KyungHeeUniversity\n|j|\u2606ljh4874484\n|t:|1775973030\n|gametype|singles\n|player|p1|KyungHeeUniversity|cynthia-gen4|1079\n|player|p2|ljh4874484|misty|1125\n|gen|9\n|tier|[Gen 9 Champions] BSS Reg M-A\n|rated|\n|rule|Species Clause: Limit one of each Pok\u00e9mon\n|rule|Item Clause: Limit 1 of each item\n|clearpoke\n|poke|p1|Garchomp, L50, M|\n|poke|p1|Torterra, L50, M|\n|poke|p1|Alakazam, L50, M|\n|poke|p1|Gyarados, L50, M|\n|poke|p1|Mimikyu, L50, M|\n|poke|p1|Salazzle, L50, F|\n|poke|p2|Infernape, L50, M|\n|poke|p2|Garchomp, L50, M|\n|poke|p2|Corviknight, L50, M|\n|poke|p2|Primarina, L50, F|\n|poke|p2|Lopunny, L50, F|\n|poke|p2|Delphox, L50, F|\n|teampreview|3\n|\n|t:|1775973074\n|teamsize|p1|3\n|teamsize|p2|3\n|start\n|switch|p1a: \ud6c4\uc9c4|Alakazam, L50, M|100/100\n|switch|p2a: Lopunny|Lopunny, L50, F, shiny|100/100\n|turn|1\n|\n|t:|1775973079\n|detailschange|p2a: Lopunny|Lopunny-Mega, L50, F, shiny\n|-mega|p2a: Lopunny|Lopunny|Lopunnite\n|move|p2a: Lopunny|Fake Out|p1a: \ud6c4\uc9c4\n|-damage|p1a: \ud6c4\uc9c4|49/100\n|move|p1a: \ud6c4\uc9c4|Psychic|p2a: Lopunny\n|-supereffective|p2a: Lopunny|1\n|-damage|p2a: Lopunny|0 fnt\n|faint|p2a: Lopunny\n|\n|upkeep\n|\n|t:|1775973087\n|switch|p2a: Garchomp|Garchomp, L50, M|100/100\n|turn|2\n|\n|t:|1775973091\n|switch|p1a: \ub3c4\uc2a4\ub9c8\uc2a4|Gyarados, L50, M|100/100\n|-ability|p1a: \ub3c4\uc2a4\ub9c8\uc2a4|Intimidate|boost\n|-unboost|p2a: Garchomp|atk|1\n|move|p2a: Garchomp|Earthquake|p1a: \ub3c4\uc2a4\ub9c8\uc2a4\n|-immune|p1a: \ub3c4\uc2a4\ub9c8\uc2a4\n|\n|upkeep\n|turn|3\n|\n|t:|1775973094\n|switch|p2a: Corviknight|Corviknight, L50, M, shiny|100/100\n|move|p1a: \ub3c4\uc2a4\ub9c8\uc2a4|Dragon Dance|p1a: \ub3c4\uc2a4\ub9c8\uc2a4\n|-boost|p1a: \ub3c4\uc2a4\ub9c8\uc2a4|atk|1\n|-boost|p1a: \ub3c4\uc2a4\ub9c8\uc2a4|spe|1\n|\n|upkeep\n|turn|4\n|\n|t:|1775973098\n|move|p1a: \ub3c4\uc2a4\ub9c8\uc2a4|Taunt|p2a: Corviknight\n|-start|p2a: Corviknight|move: Taunt\n|cant|p2a: Corviknight|move: Taunt|Iron Defense\n|\n|upkeep\n|turn|5\n|\n|t:|1775973101\n|move|p1a: \ub3c4\uc2a4\ub9c8\uc2a4|Dragon Dance|p1a: \ub3c4\uc2a4\ub9c8\uc2a4\n|-boost|p1a: \ub3c4\uc2a4\ub9c8\uc2a4|atk|1\n|-boost|p1a: \ub3c4\uc2a4\ub9c8\uc2a4|spe|1\n|move|p2a: Corviknight|Body Press|p1a: \ub3c4\uc2a4\ub9c8\uc2a4\n|-resisted|p1a: \ub3c4\uc2a4\ub9c8\uc2a4|1\n|-damage|p1a: \ub3c4\uc2a4\ub9c8\uc2a4|84/100\n|\n|upkeep\n|turn|6\n|\n|t:|1775973107\n|switch|p2a: Garchomp|Garchomp, L50, M|100/100\n|move|p1a: \ub3c4\uc2a4\ub9c8\uc2a4|Waterfall|p2a: Garchomp\n|-damage|p2a: Garchomp|13/100\n|-damage|p1a: \ub3c4\uc2a4\ub9c8\uc2a4|71/100|[from] ability: Rough Skin|[of] p2a: Garchomp\n|\n|upkeep\n|turn|7\n|-message|ljh4874484 forfeited.\n|\n|win|KyungHeeUniversity\n|raw|KyungHeeUniversity's rating: 1079 &rarr; <strong>1111</strong><br />(+32 for winning)\n|raw|ljh4874484's rating: 1125 &rarr; <strong>1097</strong><br />(-28 for losing)\n|l|\u2606ljh4874484\n|player|p2|\n",
  "uploadtime": 1775973114,
  "views": 12,
  "formatid": "gen9championsbssregma",
  "rating": 1097,
  "private": 0,
  "password": null
}