{
  "id": "gen9championsbssregma-2584298830",
  "format": "[Gen 9 Champions] BSS Reg M-A",
  "players": [
    "fletchyfletchy",
    "Fulgurotek"
  ],
  "log": "|j|\u2606fletchyfletchy\n|j|\u2606Fulgurotek\n|t:|1776248609\n|gametype|singles\n|player|p1|fletchyfletchy|liko|1170\n|player|p2|Fulgurotek|265|1233\n|gen|9\n|tier|[Gen 9 Champions] BSS Reg M-A\n|rated|\n|rule|Species Clause: Limit one of each Pok\u00e9mon\n|rule|Item Clause: Limit 1 of each item\n|clearpoke\n|poke|p1|Lopunny, L50, M|\n|poke|p1|Basculegion, L50, M|\n|poke|p1|Meowscarada, L50, M|\n|poke|p1|Aegislash, L50, M|\n|poke|p1|Charizard, L50, M|\n|poke|p1|Ninetales-Alola, L50, M|\n|poke|p2|Charizard, L50, F|\n|poke|p2|Garchomp, L50, M|\n|poke|p2|Aegislash, L50, M|\n|poke|p2|Rotom-Wash, L50|\n|poke|p2|Glimmora, L50, M|\n|poke|p2|Floette-Eternal, L50, F|\n|teampreview|3\n|\n|t:|1776248643\n|teamsize|p1|3\n|teamsize|p2|3\n|start\n|switch|p1a: Ninetales|Ninetales-Alola, L50, M|100/100\n|switch|p2a: Glimmora|Glimmora, L50, M|100/100\n|-weather|Snowscape|[from] ability: Snow Warning|[of] p1a: Ninetales\n|turn|1\n|\n|t:|1776248652\n|move|p1a: Ninetales|Aurora Veil|p1a: Ninetales\n|-sidestart|p1: fletchyfletchy|move: Aurora Veil\n|move|p2a: Glimmora|Mud Shot|p1a: Ninetales\n|-damage|p1a: Ninetales|90/100\n|-unboost|p1a: Ninetales|spe|1\n|\n|-weather|Snowscape|[upkeep]\n|upkeep\n|turn|2\n|\n|t:|1776248660\n|switch|p1a: Charizard|Charizard, L50, M|100/100\n|move|p2a: Glimmora|Stealth Rock|p1a: Charizard\n|-sidestart|p1: fletchyfletchy|move: Stealth Rock\n|\n|-weather|Snowscape|[upkeep]\n|upkeep\n|turn|3\n|\n|t:|1776248671\n|detailschange|p1a: Charizard|Charizard-Mega-Y, L50, M\n|-mega|p1a: Charizard|Charizard|Charizardite Y\n|-weather|SunnyDay|[from] ability: Drought|[of] p1a: Charizard\n|move|p1a: Charizard|Solar Beam||[still]\n|-prepare|p1a: Charizard|Solar Beam\n|-anim|p1a: Charizard|Solar Beam|p2a: Glimmora\n|-damage|p2a: Glimmora|40/100\n|move|p2a: Glimmora|Mortal Spin|p1a: Charizard\n|-damage|p1a: Charizard|95/100\n|-status|p1a: Charizard|psn\n|\n|-weather|SunnyDay|[upkeep]\n|-damage|p1a: Charizard|83/100 psn|[from] psn\n|upkeep\n|turn|4\n|\n|t:|1776248688\n|move|p1a: Charizard|Flamethrower|p2a: Glimmora\n|-resisted|p2a: Glimmora|1\n|-damage|p2a: Glimmora|0 fnt\n|faint|p2a: Glimmora\n|\n|-weather|SunnyDay|[upkeep]\n|-damage|p1a: Charizard|71/100 psn|[from] psn\n|upkeep\n|\n|t:|1776248691\n|switch|p2a: Charizard|Charizard, L50, F|100/100\n|turn|5\n|\n|t:|1776248711\n|detailschange|p2a: Charizard|Charizard-Mega-X, L50, F\n|-mega|p2a: Charizard|Charizard|Charizardite X\n|move|p1a: Charizard|Air Slash|p2a: Charizard\n|-damage|p2a: Charizard|42/100\n|cant|p2a: Charizard|flinch\n|\n|-weather|SunnyDay|[upkeep]\n|-damage|p1a: Charizard|59/100 psn|[from] psn\n|-sideend|p1: fletchyfletchy|move: Aurora Veil\n|upkeep\n|turn|6\n|\n|t:|1776248722\n|move|p2a: Charizard|Dragon Dance|p2a: Charizard\n|-boost|p2a: Charizard|atk|1\n|-boost|p2a: Charizard|spe|1\n|move|p1a: Charizard|Dragon Pulse|p2a: Charizard\n|-supereffective|p2a: Charizard|1\n|-damage|p2a: Charizard|0 fnt\n|faint|p2a: Charizard\n|\n|-weather|SunnyDay|[upkeep]\n|-damage|p1a: Charizard|46/100 psn|[from] psn\n|upkeep\n|\n|t:|1776248727\n|switch|p2a: Rotom|Rotom-Wash, L50|100/100\n|turn|7\n|\n|t:|1776248735\n|move|p1a: Charizard|Solar Beam||[still]\n|-prepare|p1a: Charizard|Solar Beam\n|-anim|p1a: Charizard|Solar Beam|p2a: Rotom\n|-supereffective|p2a: Rotom|1\n|-damage|p2a: Rotom|15/100\n|-enditem|p2a: Rotom|Sitrus Berry|[eat]\n|-heal|p2a: Rotom|40/100|[from] item: Sitrus Berry\n|move|p2a: Rotom|Thunderbolt|p1a: Charizard\n|-supereffective|p1a: Charizard|1\n|-damage|p1a: Charizard|0 fnt\n|faint|p1a: Charizard\n|\n|-weather|none\n|upkeep\n|\n|t:|1776248745\n|switch|p1a: Aegislash|Aegislash, L50, M|100/100\n|-damage|p1a: Aegislash|95/100|[from] Stealth Rock\n|turn|8\n|\n|t:|1776248750\n|move|p2a: Rotom|Hydro Pump|p1a: Aegislash|[miss]\n|-miss|p2a: Rotom|p1a: Aegislash\n|move|p1a: Aegislash|Swords Dance|p1a: Aegislash\n|-boost|p1a: Aegislash|atk|2\n|\n|-heal|p1a: Aegislash|100/100|[from] item: Leftovers\n|upkeep\n|turn|9\n|\n|t:|1776248756\n|move|p2a: Rotom|Will-O-Wisp|p1a: Aegislash|[miss]\n|-miss|p2a: Rotom|p1a: Aegislash\n|-formechange|p1a: Aegislash|Aegislash-Blade|\n|move|p1a: Aegislash|Iron Head|p2a: Rotom\n|-resisted|p2a: Rotom|2\n|-damage|p2a: Rotom|21/100\n|\n|upkeep\n|turn|10\n|-message|Fulgurotek forfeited.\n|\n|win|fletchyfletchy\n|raw|fletchyfletchy's rating: 1170 &rarr; <strong>1199</strong><br />(+29 for winning)\n|raw|Fulgurotek's rating: 1233 &rarr; <strong>1204</strong><br />(-29 for losing)\n",
  "uploadtime": 1776248757,
  "views": 3,
  "formatid": "gen9championsbssregma",
  "rating": 1199,
  "private": 0,
  "password": null
}