{
  "id": "gen9championsbssregma-2584056308",
  "format": "[Gen 9 Champions] BSS Reg M-A",
  "players": [
    "rbm5942",
    "wounddia"
  ],
  "log": "|j|\u2606rbm5942\n|j|\u2606wounddia\n|t:|1776220780\n|gametype|singles\n|player|p1|rbm5942|1|1282\n|player|p2|wounddia|elesa|1275\n|gen|9\n|tier|[Gen 9 Champions] BSS Reg M-A\n|rated|\n|rule|Species Clause: Limit one of each Pok\u00e9mon\n|rule|Item Clause: Limit 1 of each item\n|clearpoke\n|poke|p1|Sneasler, L50, F|\n|poke|p1|Gengar, L50, M|\n|poke|p1|Corviknight, L50, F|\n|poke|p1|Primarina, L50, F|\n|poke|p1|Hippowdon, L50, M|\n|poke|p1|Hydreigon, L50, F|\n|poke|p2|Charizard, L50, M|\n|poke|p2|Froslass, L50, F|\n|poke|p2|Garchomp, L50, F|\n|poke|p2|Glimmora, L50, M|\n|poke|p2|Corviknight, L50, F|\n|poke|p2|Sneasler, L50, M|\n|teampreview|3\n|inactive|Battle timer is ON: inactive players will automatically lose when time's up. (requested by wounddia)\n|\n|t:|1776220818\n|teamsize|p1|3\n|teamsize|p2|3\n|start\n|switch|p1a: Hippowdon|Hippowdon, L50, M|100/100\n|switch|p2a: Froslass|Froslass, L50, F|100/100\n|-weather|Sandstorm|[from] ability: Sand Stream|[of] p1a: Hippowdon\n|turn|1\n|j| p74\n|\n|t:|1776220826\n|switch|p1a: Primarina|Primarina, L50, F|100/100\n|move|p2a: Froslass|Taunt|p1a: Primarina\n|-start|p1a: Primarina|move: Taunt\n|\n|-weather|Sandstorm|[upkeep]\n|-damage|p2a: Froslass|94/100|[from] Sandstorm\n|-damage|p1a: Primarina|95/100|[from] Sandstorm\n|upkeep\n|turn|2\n|\n|t:|1776220831\n|move|p2a: Froslass|Will-O-Wisp|p1a: Primarina\n|-status|p1a: Primarina|brn\n|move|p1a: Primarina|Flip Turn|p2a: Froslass\n|-damage|p2a: Froslass|86/100\n|\n|t:|1776220833\n|switch|p1a: Hydreigon|Hydreigon, L50, F|100/100|[from] Flip Turn\n|\n|-weather|Sandstorm|[upkeep]\n|-damage|p1a: Hydreigon|95/100|[from] Sandstorm\n|-damage|p2a: Froslass|80/100|[from] Sandstorm\n|upkeep\n|turn|3\n|\n|t:|1776220841\n|move|p1a: Hydreigon|Dark Pulse|p2a: Froslass\n|-supereffective|p2a: Froslass|1\n|-enditem|p2a: Froslass|Colbur Berry|[eat]\n|-enditem|p2a: Froslass|Colbur Berry|[weaken]\n|-damage|p2a: Froslass|26/100\n|-start|p1a: Hydreigon|Disable|Dark Pulse|[from] ability: Cursed Body|[of] p2a: Froslass\n|move|p2a: Froslass|Will-O-Wisp|p1a: Hydreigon|[miss]\n|-miss|p2a: Froslass|p1a: Hydreigon\n|\n|-weather|Sandstorm|[upkeep]\n|-damage|p1a: Hydreigon|89/100|[from] Sandstorm\n|-damage|p2a: Froslass|20/100|[from] Sandstorm\n|upkeep\n|turn|4\n|\n|t:|1776220857\n|switch|p1a: Primarina|Primarina, L50, F|95/100 brn\n|move|p2a: Froslass|Will-O-Wisp|p1a: Primarina\n|-fail|p1a: Primarina|brn\n|\n|-weather|Sandstorm|[upkeep]\n|-damage|p2a: Froslass|14/100|[from] Sandstorm\n|-damage|p1a: Primarina|89/100 brn|[from] Sandstorm\n|-damage|p1a: Primarina|83/100 brn|[from] brn\n|upkeep\n|turn|5\n|\n|t:|1776220861\n|move|p2a: Froslass|Hex|p1a: Primarina\n|-damage|p1a: Primarina|50/100 brn\n|-enditem|p1a: Primarina|Sitrus Berry|[eat]\n|-heal|p1a: Primarina|75/100 brn|[from] item: Sitrus Berry\n|move|p1a: Primarina|Flip Turn|p2a: Froslass\n|-damage|p2a: Froslass|6/100\n|\n|t:|1776220864\n|switch|p1a: Hippowdon|Hippowdon, L50, M|100/100|[from] Flip Turn\n|\n|-weather|none\n|upkeep\n|turn|6\n|\n|t:|1776220867\n|switch|p1a: Primarina|Primarina, L50, F|75/100 brn\n|move|p2a: Froslass|Taunt|p1a: Primarina\n|-start|p1a: Primarina|move: Taunt\n|\n|-damage|p1a: Primarina|69/100 brn|[from] brn\n|upkeep\n|turn|7\n|\n|t:|1776220878\n|switch|p1a: Hippowdon|Hippowdon, L50, M|100/100\n|-weather|Sandstorm|[from] ability: Sand Stream|[of] p1a: Hippowdon\n|move|p2a: Froslass|Hex|p1a: Hippowdon\n|-damage|p1a: Hippowdon|80/100\n|\n|-weather|Sandstorm|[upkeep]\n|-damage|p2a: Froslass|0 fnt|[from] Sandstorm\n|faint|p2a: Froslass\n|upkeep\n|\n|t:|1776220884\n|switch|p2a: Charizard|Charizard, L50, M|100/100\n|turn|8\n|\n|t:|1776220897\n|detailschange|p2a: Charizard|Charizard-Mega-X, L50, M\n|-mega|p2a: Charizard|Charizard|Charizardite X\n|move|p2a: Charizard|Swords Dance|p2a: Charizard\n|-boost|p2a: Charizard|atk|2\n|move|p1a: Hippowdon|Stone Edge|p2a: Charizard\n|-supereffective|p2a: Charizard|1\n|-damage|p2a: Charizard|55/100\n|\n|-weather|Sandstorm|[upkeep]\n|-damage|p2a: Charizard|49/100|[from] Sandstorm\n|upkeep\n|turn|9\n|\n|t:|1776220904\n|move|p2a: Charizard|Flare Blitz|p1a: Hippowdon\n|-damage|p1a: Hippowdon|0 fnt\n|faint|p1a: Hippowdon\n|-damage|p2a: Charizard|17/100|[from] Recoil\n|\n|-weather|Sandstorm|[upkeep]\n|-damage|p2a: Charizard|11/100|[from] Sandstorm\n|upkeep\n|\n|t:|1776220907\n|switch|p1a: Hydreigon|Hydreigon, L50, F|89/100\n|turn|10\n|\n|t:|1776220909\n|move|p1a: Hydreigon|Dark Pulse|p2a: Charizard\n|-damage|p2a: Charizard|0 fnt\n|faint|p2a: Charizard\n|\n|-weather|Sandstorm|[upkeep]\n|-damage|p1a: Hydreigon|83/100|[from] Sandstorm\n|upkeep\n|\n|t:|1776220911\n|switch|p2a: Garchomp|Garchomp, L50, F|100/100\n|turn|11\n|\n|t:|1776220914\n|switch|p1a: Primarina|Primarina, L50, F|69/100 brn\n|move|p2a: Garchomp|Outrage|p1a: Primarina\n|-immune|p1a: Primarina\n|\n|-weather|none\n|-damage|p1a: Primarina|63/100 brn|[from] brn\n|upkeep\n|turn|12\n|\n|t:|1776220926\n|move|p2a: Garchomp|Poison Jab|p1a: Primarina\n|-supereffective|p1a: Primarina|1\n|-damage|p1a: Primarina|0 fnt\n|faint|p1a: Primarina\n|\n|upkeep\n|\n|t:|1776220929\n|switch|p1a: Hydreigon|Hydreigon, L50, F|83/100\n|turn|13\n|\n|t:|1776220930\n|move|p1a: Hydreigon|Draco Meteor|p2a: Garchomp\n|-supereffective|p2a: Garchomp|1\n|-enditem|p2a: Garchomp|Focus Sash\n|-damage|p2a: Garchomp|1/100\n|-unboost|p1a: Hydreigon|spa|2\n|move|p2a: Garchomp|Outrage|p1a: Hydreigon\n|-supereffective|p1a: Hydreigon|1\n|-damage|p1a: Hydreigon|0 fnt\n|faint|p1a: Hydreigon\n|\n|win|wounddia\n|raw|rbm5942's rating: 1282 &rarr; <strong>1256</strong><br />(-26 for losing)\n|raw|wounddia's rating: 1275 &rarr; <strong>1301</strong><br />(+26 for winning)\n|l|\u2606rbm5942\n|player|p1|\n",
  "uploadtime": 1776220954,
  "views": 1,
  "formatid": "gen9championsbssregma",
  "rating": 1256,
  "private": 0,
  "password": null
}