{
  "id": "gen9championsbssregma-2585373702",
  "format": "[Gen 9 Champions] BSS Reg M-A",
  "players": [
    "dlfrl12341",
    "BBBBbkty"
  ],
  "log": "|j|\u2606dlfrl12341\n|j|\u2606BBBBbkty\n|t:|1776342381\n|gametype|singles\n|player|p1|dlfrl12341|clerkf|1070\n|player|p2|BBBBbkty|101|1000\n|gen|9\n|tier|[Gen 9 Champions] BSS Reg M-A\n|rated|\n|rule|Species Clause: Limit one of each Pok\u00e9mon\n|rule|Item Clause: Limit 1 of each item\n|clearpoke\n|poke|p1|Garchomp, L50, M|\n|poke|p1|Basculegion, L50, M|\n|poke|p1|Archaludon, L50, M|\n|poke|p1|Mimikyu, L50, F|\n|poke|p1|Charizard, L50, M|\n|poke|p1|Rotom-Wash, L50|\n|poke|p2|Dragapult, L50, F|\n|poke|p2|Alakazam, L50, M|\n|poke|p2|Azumarill, L50, F|\n|poke|p2|Aerodactyl, L50, M|\n|poke|p2|Floette-Eternal, L50, F|\n|poke|p2|Abomasnow, L50, F|\n|teampreview|3\n|inactive|Battle timer is ON: inactive players will automatically lose when time's up. (requested by BBBBbkty)\n|\n|t:|1776342418\n|teamsize|p1|3\n|teamsize|p2|3\n|start\n|switch|p1a: Archaludon|Archaludon, L50, M, shiny|100/100\n|switch|p2a: Dragapult|Dragapult, L50, F, shiny|100/100\n|turn|1\n|\n|t:|1776342426\n|move|p2a: Dragapult|Dragon Dance|p2a: Dragapult\n|-boost|p2a: Dragapult|atk|1\n|-boost|p2a: Dragapult|spe|1\n|move|p1a: Archaludon|Stealth Rock|p2a: Dragapult\n|-sidestart|p2: BBBBbkty|move: Stealth Rock\n|\n|upkeep\n|turn|2\n|\n|t:|1776342433\n|move|p2a: Dragapult|Dragon Dance|p2a: Dragapult\n|-boost|p2a: Dragapult|atk|1\n|-boost|p2a: Dragapult|spe|1\n|move|p1a: Archaludon|Roar|p2a: Dragapult\n|drag|p2a: Azumarill|Azumarill, L50, F|100/100\n|-damage|p2a: Azumarill|88/100|[from] Stealth Rock\n|\n|upkeep\n|turn|3\n|\n|t:|1776342443\n|move|p2a: Azumarill|Belly Drum|p2a: Azumarill\n|-damage|p2a: Azumarill|38/100\n|-setboost|p2a: Azumarill|atk|6|[from] move: Belly Drum\n|move|p1a: Archaludon|Roar|p2a: Azumarill\n|drag|p2a: Alakazam|Alakazam, L50, M, shiny|100/100\n|-damage|p2a: Alakazam|88/100|[from] Stealth Rock\n|\n|upkeep\n|turn|4\n|\n|t:|1776342455\n|detailschange|p2a: Alakazam|Alakazam-Mega, L50, M, shiny\n|-mega|p2a: Alakazam|Alakazam|Alakazite\n|-ability|p2a: Alakazam|Stamina|Trace|[from] ability: Trace|[of] p1a: Archaludon\n|move|p2a: Alakazam|Dazzling Gleam|p1a: Archaludon\n|-damage|p1a: Archaludon|48/100\n|-ability|p1a: Archaludon|Stamina|boost\n|-boost|p1a: Archaludon|def|1\n|-enditem|p1a: Archaludon|Sitrus Berry|[eat]\n|-heal|p1a: Archaludon|73/100|[from] item: Sitrus Berry\n|move|p1a: Archaludon|Mirror Coat|p2a: Alakazam\n|-damage|p2a: Alakazam|0 fnt\n|faint|p2a: Alakazam\n|\n|upkeep\n|\n|t:|1776342461\n|switch|p2a: Dragapult|Dragapult, L50, F, shiny|100/100\n|-damage|p2a: Dragapult|88/100|[from] Stealth Rock\n|turn|5\n|\n|t:|1776342477\n|move|p2a: Dragapult|Phantom Force||[still]\n|-prepare|p2a: Dragapult|Phantom Force\n|move|p1a: Archaludon|Roar|p2a: Dragapult|[miss]\n|-miss|p1a: Archaludon|p2a: Dragapult\n|\n|upkeep\n|turn|6\n|\n|t:|1776342496\n|move|p2a: Dragapult|Phantom Force|p1a: Archaludon|[from] lockedmove\n|-damage|p1a: Archaludon|46/100\n|-ability|p1a: Archaludon|Stamina|boost\n|-boost|p1a: Archaludon|def|1\n|move|p1a: Archaludon|Mirror Coat||[still]\n|-fail|p1a: Archaludon\n|\n|upkeep\n|turn|7\n|\n|t:|1776342506\n|move|p2a: Dragapult|Dragon Darts|p1a: Archaludon\n|-damage|p1a: Archaludon|36/100\n|-ability|p1a: Archaludon|Stamina|boost\n|-boost|p1a: Archaludon|def|1\n|-anim|p2a: Dragapult|Dragon Darts|p1a: Archaludon\n|-damage|p1a: Archaludon|27/100\n|-ability|p1a: Archaludon|Stamina|boost\n|-boost|p1a: Archaludon|def|1\n|move|p1a: Archaludon|Roar|p2a: Dragapult\n|drag|p2a: Azumarill|Azumarill, L50, F|38/100\n|-damage|p2a: Azumarill|26/100|[from] Stealth Rock\n|\n|upkeep\n|turn|8\n|\n|t:|1776342519\n|move|p2a: Azumarill|Brick Break|p1a: Archaludon\n|-supereffective|p1a: Archaludon|1\n|-damage|p1a: Archaludon|15/100\n|-ability|p1a: Archaludon|Stamina|boost\n|-boost|p1a: Archaludon|def|1\n|move|p1a: Archaludon|Roar|p2a: Azumarill\n|drag|p2a: Dragapult|Dragapult, L50, F, shiny|88/100\n|-damage|p2a: Dragapult|76/100|[from] Stealth Rock\n|\n|upkeep\n|turn|9\n|\n|t:|1776342532\n|move|p2a: Dragapult|Dragon Dance|p2a: Dragapult\n|-boost|p2a: Dragapult|atk|1\n|-boost|p2a: Dragapult|spe|1\n|move|p1a: Archaludon|Mirror Coat||[still]\n|-fail|p1a: Archaludon\n|\n|upkeep\n|turn|10\n|\n|t:|1776342541\n|move|p2a: Dragapult|Dragon Dance|p2a: Dragapult\n|-boost|p2a: Dragapult|atk|1\n|-boost|p2a: Dragapult|spe|1\n|move|p1a: Archaludon|Roar|p2a: Dragapult\n|drag|p2a: Azumarill|Azumarill, L50, F|26/100\n|-damage|p2a: Azumarill|14/100|[from] Stealth Rock\n|\n|upkeep\n|turn|11\n|\n|t:|1776342552\n|move|p2a: Azumarill|Aqua Jet|p1a: Archaludon\n|-resisted|p1a: Archaludon|1\n|-damage|p1a: Archaludon|14/100\n|-ability|p1a: Archaludon|Stamina|boost\n|-boost|p1a: Archaludon|def|1\n|move|p1a: Archaludon|Mirror Coat||[still]\n|-fail|p1a: Archaludon\n|\n|upkeep\n|turn|12\n|\n|t:|1776342563\n|move|p2a: Azumarill|Belly Drum||[still]\n|-fail|p2a: Azumarill\n|move|p1a: Archaludon|Roar|p2a: Azumarill\n|drag|p2a: Dragapult|Dragapult, L50, F, shiny|76/100\n|-damage|p2a: Dragapult|64/100|[from] Stealth Rock\n|\n|upkeep\n|turn|13\n|\n|t:|1776342572\n|switch|p2a: Azumarill|Azumarill, L50, F|14/100\n|-damage|p2a: Azumarill|2/100|[from] Stealth Rock\n|move|p1a: Archaludon|Roar|p2a: Azumarill\n|drag|p2a: Dragapult|Dragapult, L50, F, shiny|64/100\n|-damage|p2a: Dragapult|52/100|[from] Stealth Rock\n|\n|upkeep\n|turn|14\n|\n|t:|1776342583\n|switch|p2a: Azumarill|Azumarill, L50, F|2/100\n|-damage|p2a: Azumarill|0 fnt|[from] Stealth Rock\n|faint|p2a: Azumarill\n|move|p1a: Archaludon|Mirror Coat|p2: Azumarill|[notarget]\n|-fail|p1a: Archaludon\n|\n|upkeep\n|\n|t:|1776342587\n|switch|p2a: Dragapult|Dragapult, L50, F, shiny|52/100\n|-damage|p2a: Dragapult|40/100|[from] Stealth Rock\n|turn|15\n|\n|t:|1776342594\n|move|p2a: Dragapult|Dragon Dance|p2a: Dragapult\n|-boost|p2a: Dragapult|atk|1\n|-boost|p2a: Dragapult|spe|1\n|move|p1a: Archaludon|Mirror Coat||[still]\n|-fail|p1a: Archaludon\n|\n|upkeep\n|turn|16\n|\n|t:|1776342611\n|switch|p1a: Garchomp|Garchomp, L50, M, shiny|100/100\n|move|p2a: Dragapult|Dragon Dance|p2a: Dragapult\n|-boost|p2a: Dragapult|atk|1\n|-boost|p2a: Dragapult|spe|1\n|\n|upkeep\n|turn|17\n|\n|t:|1776342619\n|move|p2a: Dragapult|Dragon Darts|p1a: Garchomp\n|-supereffective|p1a: Garchomp|1\n|-damage|p1a: Garchomp|6/100\n|-anim|p2a: Dragapult|Dragon Darts|p1a: Garchomp\n|-supereffective|p1a: Garchomp|1\n|-damage|p1a: Garchomp|0 fnt\n|faint|p1a: Garchomp\n|\n|upkeep\n|\n|t:|1776342626\n|switch|p1a: Basculegion|Basculegion, L50, M, shiny|100/100\n|turn|18\n|\n|t:|1776342631\n|move|p2a: Dragapult|Phantom Force||[still]\n|-prepare|p2a: Dragapult|Phantom Force\n|move|p1a: Basculegion|Last Respects|p2a: Dragapult|[miss]\n|-miss|p1a: Basculegion|p2a: Dragapult\n|\n|upkeep\n|turn|19\n|\n|t:|1776342637\n|move|p2a: Dragapult|Phantom Force|p1a: Basculegion|[from] lockedmove\n|-supereffective|p1a: Basculegion|1\n|-damage|p1a: Basculegion|0 fnt\n|faint|p1a: Basculegion\n|\n|upkeep\n|-message|dlfrl12341 forfeited.\n|\n|win|BBBBbkty\n|raw|dlfrl12341's rating: 1070 &rarr; <strong>1045</strong><br />(-25 for losing)\n|raw|BBBBbkty's rating: 1000 &rarr; <strong>1048</strong><br />(+48 for winning)\n|l|\u2606dlfrl12341\n|player|p1|\n",
  "uploadtime": 1776342644,
  "views": 10,
  "formatid": "gen9championsbssregma",
  "rating": 1045,
  "private": 0,
  "password": null
}