{
  "id": "gen9championsbssregma-2586066932",
  "format": "[Gen 9 Champions] BSS Reg M-A",
  "players": [
    "17kidz",
    "Exsalcis"
  ],
  "log": "|j|\u203d17kidz\n|j|\u2606Exsalcis\n|t:|1776395470\n|gametype|singles\n|player|p1|17kidz|170|1099\n|player|p2|Exsalcis|hilbert|1063\n|gen|9\n|tier|[Gen 9 Champions] BSS Reg M-A\n|rated|\n|rule|Species Clause: Limit one of each Pok\u00e9mon\n|rule|Item Clause: Limit 1 of each item\n|clearpoke\n|poke|p1|Milotic, L50, M|\n|poke|p1|Espathra, L50, M|\n|poke|p1|Clefable, L50, F|\n|poke|p1|Floette-Eternal, L50, F|\n|poke|p1|Greninja-*, L50, F|\n|poke|p1|Kingambit, L50, M|\n|poke|p2|Mimikyu, L50, F|\n|poke|p2|Golurk, L50|\n|poke|p2|Basculegion, L50, M|\n|poke|p2|Sableye, L50, F|\n|poke|p2|Froslass, L50, F|\n|poke|p2|Chandelure, L50, M|\n|teampreview|3\n|inactive|Battle timer is ON: inactive players will automatically lose when time's up. (requested by Exsalcis)\n|\n|t:|1776395525\n|teamsize|p1|3\n|teamsize|p2|3\n|start\n|switch|p1a: Espathra|Espathra, L50, M|100/100\n|switch|p2a: Mimikyu|Mimikyu, L50, F, shiny|100/100\n|turn|1\n|\n|t:|1776395544\n|move|p1a: Espathra|Lumina Crash|p2a: Mimikyu\n|-activate|p2a: Mimikyu|ability: Disguise\n|-damage|p2a: Mimikyu|100/100\n|-unboost|p2a: Mimikyu|spd|2\n|detailschange|p2a: Mimikyu|Mimikyu-Busted, L50, F, shiny\n|-damage|p2a: Mimikyu|88/100|[from] pokemon: Mimikyu-Busted\n|move|p2a: Mimikyu|Thunder Wave|p1a: Espathra\n|-status|p1a: Espathra|par\n|\n|-ability|p1a: Espathra|Speed Boost|boost\n|-boost|p1a: Espathra|spe|1\n|upkeep\n|turn|2\n|\n|t:|1776395555\n|move|p1a: Espathra|Protect|p1a: Espathra\n|-singleturn|p1a: Espathra|Protect\n|move|p2a: Mimikyu|Trick Room|p2a: Mimikyu\n|-fieldstart|move: Trick Room|[of] p2a: Mimikyu\n|\n|-ability|p1a: Espathra|Speed Boost|boost\n|-boost|p1a: Espathra|spe|1\n|upkeep\n|turn|3\n|\n|t:|1776395560\n|move|p2a: Mimikyu|Hex|p1a: Espathra\n|-supereffective|p1a: Espathra|1\n|-damage|p1a: Espathra|0 fnt\n|faint|p1a: Espathra\n|\n|upkeep\n|\n|t:|1776395564\n|switch|p1a: Kingambit|Kingambit, L50, M|100/100\n|-activate|p1a: Kingambit|ability: Supreme Overlord\n|-start|p1a: Kingambit|fallen1|[silent]\n|turn|4\n|\n|t:|1776395570\n|move|p1a: Kingambit|Iron Head|p2a: Mimikyu\n|-supereffective|p2a: Mimikyu|1\n|-damage|p2a: Mimikyu|0 fnt\n|faint|p2a: Mimikyu\n|\n|upkeep\n|\n|t:|1776395574\n|switch|p2a: Golurk|Golurk, L50, shiny|100/100\n|turn|5\n|\n|t:|1776395579\n|detailschange|p2a: Golurk|Golurk-Mega, L50, shiny\n|-mega|p2a: Golurk|Golurk|Golurkite\n|move|p2a: Golurk|Earthquake|p1a: Kingambit\n|-supereffective|p1a: Kingambit|1\n|-enditem|p1a: Kingambit|Focus Sash\n|-damage|p1a: Kingambit|1/100\n|move|p1a: Kingambit|Swords Dance|p1a: Kingambit\n|-boost|p1a: Kingambit|atk|2\n|\n|upkeep\n|turn|6\n|\n|t:|1776395587\n|move|p1a: Kingambit|Sucker Punch||[still]\n|-fail|p1a: Kingambit\n|move|p2a: Golurk|Rain Dance|p2a: Golurk\n|-weather|RainDance\n|\n|-weather|RainDance|[upkeep]\n|-fieldend|move: Trick Room\n|upkeep\n|turn|7\n|\n|t:|1776395592\n|move|p1a: Kingambit|Sucker Punch|p2a: Golurk\n|-supereffective|p2a: Golurk|1\n|-damage|p2a: Golurk|0 fnt\n|faint|p2a: Golurk\n|\n|-weather|RainDance|[upkeep]\n|upkeep\n|\n|t:|1776395597\n|switch|p2a: Basculegion|Basculegion, L50, M, shiny|100/100\n|turn|8\n|\n|t:|1776395600\n|move|p2a: Basculegion|Aqua Jet|p1a: Kingambit\n|-damage|p1a: Kingambit|0 fnt\n|faint|p1a: Kingambit\n|-end|p1a: Kingambit|fallen1|[silent]\n|\n|-weather|RainDance|[upkeep]\n|upkeep\n|\n|t:|1776395602\n|switch|p1a: Floette|Floette-Eternal, L50, F|100/100\n|turn|9\n|\n|t:|1776395612\n|detailschange|p1a: Floette|Floette-Mega, L50, F\n|-mega|p1a: Floette|Floette|Floettite\n|-ability|p1a: Floette|Fairy Aura\n|move|p2a: Basculegion|Last Respects|p1a: Floette\n|-damage|p1a: Floette|36/100\n|move|p1a: Floette|Charm|p2a: Basculegion\n|-unboost|p2a: Basculegion|atk|2\n|\n|-weather|RainDance|[upkeep]\n|upkeep\n|turn|10\n|\n|t:|1776395621\n|move|p2a: Basculegion|Wave Crash|p1a: Floette\n|-damage|p1a: Floette|0 fnt\n|faint|p1a: Floette\n|-damage|p2a: Basculegion|91/100|[from] Recoil\n|\n|win|Exsalcis\n|raw|17kidz's rating: 1099 &rarr; <strong>1072</strong><br />(-27 for losing)\n|raw|Exsalcis's rating: 1063 &rarr; <strong>1097</strong><br />(+34 for winning)\n|l|\u203d17kidz\n|player|p1|\n",
  "uploadtime": 1776395638,
  "views": 18,
  "formatid": "gen9championsbssregma",
  "rating": 1072,
  "private": 0,
  "password": null
}