{
  "id": "gen9championsbssregma-2583939538",
  "format": "[Gen 9 Champions] BSS Reg M-A",
  "players": [
    "misakamikoto 9982",
    "nuko1234"
  ],
  "log": "|j|\u2606misakamikoto 9982\n|j|\u2606nuko1234\n|t:|1776210092\n|gametype|singles\n|player|p1|misakamikoto 9982|dawn|1325\n|player|p2|nuko1234|caitlin|1444\n|gen|9\n|tier|[Gen 9 Champions] BSS Reg M-A\n|rated|\n|rule|Species Clause: Limit one of each Pok\u00e9mon\n|rule|Item Clause: Limit 1 of each item\n|clearpoke\n|poke|p1|Pelipper, L50, M|\n|poke|p1|Garchomp, L50, M|\n|poke|p1|Basculegion, L50, M|\n|poke|p1|Meganium, L50, F|\n|poke|p1|Sneasler, L50, F|\n|poke|p1|Skeledirge, L50, M|\n|poke|p2|Kingambit, L50, M|\n|poke|p2|Garchomp, L50, M|\n|poke|p2|Corviknight, L50, M|\n|poke|p2|Gardevoir, L50, F|\n|poke|p2|Primarina, L50, M|\n|poke|p2|Dragonite, L50, M|\n|teampreview|3\n|inactive|Battle timer is ON: inactive players will automatically lose when time's up. (requested by misakamikoto 9982)\n|inactive|nuko1234 has 60 seconds left.\n|\n|t:|1776210133\n|teamsize|p1|3\n|teamsize|p2|3\n|start\n|switch|p1a: Garchomp|Garchomp, L50, M|100/100\n|switch|p2a: Primarina|Primarina, L50, M|100/100\n|turn|1\n|\n|t:|1776210148\n|switch|p1a: Meganium|Meganium, L50, F, shiny|100/100\n|move|p2a: Primarina|Moonblast|p1a: Meganium\n|-damage|p1a: Meganium|36/100\n|\n|upkeep\n|turn|2\n|\n|t:|1776210157\n|detailschange|p1a: Meganium|Meganium-Mega, L50, F, shiny\n|-mega|p1a: Meganium|Meganium|Meganiumite\n|move|p1a: Meganium|Synthesis|p1a: Meganium\n|-heal|p1a: Meganium|100/100\n|move|p2a: Primarina|Moonblast|p1a: Meganium\n|-damage|p1a: Meganium|44/100\n|-unboost|p1a: Meganium|spa|1\n|\n|upkeep\n|turn|3\n|j| p74\n|\n|t:|1776210166\n|move|p1a: Meganium|Synthesis|p1a: Meganium\n|-heal|p1a: Meganium|100/100\n|move|p2a: Primarina|Encore|p1a: Meganium\n|-start|p1a: Meganium|Encore\n|\n|upkeep\n|turn|4\n|\n|t:|1776210171\n|move|p1a: Meganium|Synthesis|p1a: Meganium\n|-fail|p1a: Meganium|heal\n|move|p2a: Primarina|Calm Mind|p2a: Primarina\n|-boost|p2a: Primarina|spa|1\n|-boost|p2a: Primarina|spd|1\n|\n|upkeep\n|turn|5\n|\n|t:|1776210177\n|move|p1a: Meganium|Synthesis|p1a: Meganium\n|-fail|p1a: Meganium|heal\n|move|p2a: Primarina|Moonblast|p1a: Meganium\n|-damage|p1a: Meganium|26/100\n|\n|upkeep\n|turn|6\n|\n|t:|1776210180\n|move|p1a: Meganium|Synthesis|p1a: Meganium\n|-heal|p1a: Meganium|93/100\n|move|p2a: Primarina|Moonblast|p1a: Meganium\n|-damage|p1a: Meganium|8/100\n|\n|-end|p1a: Meganium|Encore\n|upkeep\n|turn|7\n|\n|t:|1776210182\n|switch|p1a: Sneasler|Sneasler, L50, F|100/100\n|move|p2a: Primarina|Moonblast|p1a: Sneasler\n|-damage|p1a: Sneasler|0 fnt\n|faint|p1a: Sneasler\n|\n|upkeep\n|\n|t:|1776210192\n|switch|p1a: Garchomp|Garchomp, L50, M|100/100\n|turn|8\n|\n|t:|1776210195\n|move|p1a: Garchomp|Poison Jab|p2a: Primarina\n|-supereffective|p2a: Primarina|1\n|-damage|p2a: Primarina|34/100\n|-enditem|p2a: Primarina|Sitrus Berry|[eat]\n|-heal|p2a: Primarina|59/100|[from] item: Sitrus Berry\n|move|p2a: Primarina|Moonblast|p1a: Garchomp\n|-supereffective|p1a: Garchomp|1\n|-enditem|p1a: Garchomp|Focus Sash\n|-damage|p1a: Garchomp|1/100\n|\n|upkeep\n|turn|9\n|\n|t:|1776210205\n|move|p1a: Garchomp|Poison Jab|p2a: Primarina\n|-supereffective|p2a: Primarina|1\n|-damage|p2a: Primarina|0 fnt\n|faint|p2a: Primarina\n|\n|upkeep\n|\n|t:|1776210207\n|switch|p2a: Kingambit|Kingambit, L50, M|100/100\n|turn|10\n|\n|t:|1776210212\n|move|p1a: Garchomp|Stealth Rock|p2a: Kingambit\n|-sidestart|p2: nuko1234|move: Stealth Rock\n|move|p2a: Kingambit|Swords Dance|p2a: Kingambit\n|-boost|p2a: Kingambit|atk|2\n|\n|upkeep\n|turn|11\n|\n|t:|1776210218\n|move|p2a: Kingambit|Sucker Punch|p1a: Garchomp\n|-crit|p1a: Garchomp\n|-damage|p1a: Garchomp|0 fnt\n|-damage|p2a: Kingambit|88/100|[from] ability: Rough Skin|[of] p1a: Garchomp\n|faint|p1a: Garchomp\n|\n|upkeep\n|\n|t:|1776210220\n|switch|p1a: Meganium|Meganium-Mega, L50, F, shiny|8/100\n|turn|12\n|\n|t:|1776210223\n|move|p1a: Meganium|Weather Ball|p2a: Kingambit\n|-supereffective|p2a: Kingambit|1\n|-damage|p2a: Kingambit|0 fnt\n|faint|p2a: Kingambit\n|\n|upkeep\n|\n|t:|1776210224\n|switch|p2a: Dragonite|Dragonite, L50, M|100/100\n|-damage|p2a: Dragonite|76/100|[from] Stealth Rock\n|turn|13\n|\n|t:|1776210227\n|detailschange|p2a: Dragonite|Dragonite-Mega, L50, M\n|-mega|p2a: Dragonite|Dragonite|Dragoninite\n|move|p1a: Meganium|Dazzling Gleam|p2a: Dragonite\n|-supereffective|p2a: Dragonite|1\n|-damage|p2a: Dragonite|12/100\n|move|p2a: Dragonite|Flamethrower|p1a: Meganium\n|-supereffective|p1a: Meganium|1\n|-damage|p1a: Meganium|0 fnt\n|faint|p1a: Meganium\n|\n|win|nuko1234\n|raw|misakamikoto 9982's rating: 1325 &rarr; <strong>1312</strong><br />(-13 for losing)\n|raw|nuko1234's rating: 1444 &rarr; <strong>1457</strong><br />(+13 for winning)\n|l|\u2606misakamikoto 9982\n|player|p1|\n|l|\u2606nuko1234\n|player|p2|\n",
  "uploadtime": 1776210507,
  "views": 2,
  "formatid": "gen9championsbssregma",
  "rating": 1312,
  "private": 0,
  "password": null
}