{
  "id": "gen9championsbssregma-2588858885",
  "format": "[Gen 9 Champions] BSS Reg M-A",
  "players": [
    "ElTioLugia",
    "Bbbkty"
  ],
  "log": "|j|\u2606ElTioLugia\n|j|\u2606Bbbkty\n|t:|1776679394\n|gametype|singles\n|player|p1|ElTioLugia|riley|1299\n|player|p2|Bbbkty|1|1216\n|gen|9\n|tier|[Gen 9 Champions] BSS Reg M-A\n|rated|\n|rule|Species Clause: Limit one of each Pok\u00e9mon\n|rule|Item Clause: Limit 1 of each item\n|clearpoke\n|poke|p1|Clefable, L50, M|\n|poke|p1|Zoroark-Hisui, L50, M|\n|poke|p1|Basculegion, L50, M|\n|poke|p1|Medicham, L50, M|\n|poke|p1|Tyranitar, L50, F|\n|poke|p1|Aegislash, L50, F|\n|poke|p2|Clefable, L50, F|\n|poke|p2|Charizard, L50, F|\n|poke|p2|Mimikyu, L50, F|\n|poke|p2|Kingambit, L50, F|\n|poke|p2|Espathra, L50, M|\n|poke|p2|Glimmora, L50, F|\n|teampreview|3\n|inactive|Battle timer is ON: inactive players will automatically lose when time's up. (requested by Bbbkty)\n|\n|t:|1776679416\n|teamsize|p1|3\n|teamsize|p2|3\n|start\n|switch|p1a: Aegislash|Aegislash, L50, F|100/100\n|switch|p2a: Glimmora|Glimmora, L50, F|100/100\n|turn|1\n|inactive|Bbbkty has 30 seconds left.\n|\n|t:|1776679449\n|move|p1a: Aegislash|Nasty Plot|p1a: Aegislash\n|-boost|p1a: Aegislash|spa|2\n|move|p2a: Glimmora|Earth Power|p1a: Aegislash\n|-damage|p1a: Aegislash|37/100\n|replace|p1a: Zoroark|Zoroark-Hisui, L50, M\n|-end|p1a: Zoroark|Illusion\n|\n|upkeep\n|turn|2\n|\n|t:|1776679456\n|move|p1a: Zoroark|Bitter Malice|p2a: Glimmora\n|-enditem|p2a: Glimmora|Focus Sash\n|-damage|p2a: Glimmora|1/100\n|-unboost|p2a: Glimmora|atk|1\n|move|p2a: Glimmora|Power Gem|p1a: Zoroark\n|-damage|p1a: Zoroark|0 fnt\n|faint|p1a: Zoroark\n|\n|upkeep\n|\n|t:|1776679463\n|switch|p1a: Medicham|Medicham, L50, M|100/100\n|turn|3\n|\n|t:|1776679473\n|detailschange|p1a: Medicham|Medicham-Mega, L50, M\n|-mega|p1a: Medicham|Medicham|Medichamite\n|move|p2a: Glimmora|Power Gem|p1a: Medicham\n|-resisted|p1a: Medicham|1\n|-damage|p1a: Medicham|81/100\n|move|p1a: Medicham|Drain Punch|p2a: Glimmora\n|-crit|p2a: Glimmora\n|-damage|p2a: Glimmora|0 fnt\n|-heal|p1a: Medicham|81/100|[from] drain|[of] p2a: Glimmora\n|-activate|p2a: Glimmora|ability: Toxic Debris\n|-sidestart|p1: ElTioLugia|move: Toxic Spikes\n|faint|p2a: Glimmora\n|\n|upkeep\n|\n|t:|1776679485\n|switch|p2a: Espathra|Espathra, L50, M|100/100\n|turn|4\n|\n|t:|1776679492\n|move|p2a: Espathra|Protect|p2a: Espathra\n|-singleturn|p2a: Espathra|Protect\n|move|p1a: Medicham|Bulk Up|p1a: Medicham\n|-boost|p1a: Medicham|atk|1\n|-boost|p1a: Medicham|def|1\n|\n|-ability|p2a: Espathra|Speed Boost|boost\n|-boost|p2a: Espathra|spe|1\n|upkeep\n|turn|5\n|\n|t:|1776679498\n|move|p2a: Espathra|Lumina Crash|p1a: Medicham\n|-crit|p1a: Medicham\n|-damage|p1a: Medicham|39/100\n|-unboost|p1a: Medicham|spd|2\n|move|p1a: Medicham|Drain Punch|p2a: Espathra\n|-resisted|p2a: Espathra|1\n|-damage|p2a: Espathra|51/100\n|-heal|p1a: Medicham|69/100|[from] drain|[of] p2a: Espathra\n|\n|-ability|p2a: Espathra|Speed Boost|boost\n|-boost|p2a: Espathra|spe|1\n|upkeep\n|turn|6\n|\n|t:|1776679515\n|move|p2a: Espathra|Lumina Crash|p1a: Medicham\n|-damage|p1a: Medicham|11/100\n|-unboost|p1a: Medicham|spd|2\n|move|p1a: Medicham|Drain Punch|p2a: Espathra\n|-resisted|p2a: Espathra|1\n|-damage|p2a: Espathra|0 fnt\n|-heal|p1a: Medicham|42/100|[from] drain|[of] p2a: Espathra\n|faint|p2a: Espathra\n|\n|upkeep\n|\n|t:|1776679518\n|switch|p2a: Clefable|Clefable, L50, F|100/100\n|turn|7\n|\n|t:|1776679525\n|detailschange|p2a: Clefable|Clefable-Mega, L50, F\n|-mega|p2a: Clefable|Clefable|Clefablite\n|move|p1a: Medicham|Psycho Cut|p2a: Clefable\n|-damage|p2a: Clefable|51/100\n|move|p2a: Clefable|Cosmic Power|p2a: Clefable\n|-boost|p2a: Clefable|def|1\n|-boost|p2a: Clefable|spd|1\n|\n|upkeep\n|turn|8\n|\n|t:|1776679539\n|move|p1a: Medicham|Bulk Up|p1a: Medicham\n|-boost|p1a: Medicham|atk|1\n|-boost|p1a: Medicham|def|1\n|move|p2a: Clefable|Moonlight|p2a: Clefable\n|-heal|p2a: Clefable|100/100\n|\n|upkeep\n|turn|9\n|\n|t:|1776679545\n|move|p1a: Medicham|Psycho Cut|p2a: Clefable\n|-crit|p2a: Clefable\n|-damage|p2a: Clefable|3/100\n|move|p2a: Clefable|Moonblast|p1a: Medicham\n|-supereffective|p1a: Medicham|1\n|-damage|p1a: Medicham|0 fnt\n|faint|p1a: Medicham\n|\n|upkeep\n|\n|t:|1776679550\n|switch|p1a: Aegislash|Aegislash, L50, F|100/100\n|turn|10\n|\n|t:|1776679555\n|-formechange|p1a: Aegislash|Aegislash-Blade|\n|move|p1a: Aegislash|Shadow Sneak|p2a: Clefable\n|-damage|p2a: Clefable|0 fnt\n|faint|p2a: Clefable\n|\n|win|ElTioLugia\n|raw|ElTioLugia's rating: 1299 &rarr; <strong>1318</strong><br />(+19 for winning)\n|raw|Bbbkty's rating: 1216 &rarr; <strong>1197</strong><br />(-19 for losing)\n",
  "uploadtime": 1776679556,
  "views": 0,
  "formatid": "gen9championsbssregma",
  "rating": 1197,
  "private": 0,
  "password": null
}