{
  "id": "gen9championsbssregma-2580494169",
  "format": "[Gen 9 Champions] BSS Reg M-A",
  "players": [
    "New Zealand Kiwi",
    "Mitarashi"
  ],
  "log": "|j|\u2606New Zealand Kiwi\n|j|\u2606Mitarashi\n|t:|1775904662\n|gametype|singles\n|player|p1|New Zealand Kiwi|cynthia-gen4|1126\n|player|p2|Mitarashi|170|1120\n|gen|9\n|tier|[Gen 9 Champions] BSS Reg M-A\n|rated|\n|rule|Species Clause: Limit one of each Pok\u00e9mon\n|rule|Item Clause: Limit 1 of each item\n|clearpoke\n|poke|p1|Garchomp, L50, M|\n|poke|p1|Torterra, L50, M|\n|poke|p1|Arcanine, L50, M|\n|poke|p1|Gyarados, L50, M|\n|poke|p1|Houndoom, L50, M|\n|poke|p1|Mimikyu, L50, M|\n|poke|p2|Tyranitar, L50, M|\n|poke|p2|Hippowdon, L50, F|\n|poke|p2|Delphox, L50, F|\n|poke|p2|Kingambit, L50, M|\n|poke|p2|Dragapult, L50, M|\n|poke|p2|Meowscarada, L50, M|\n|teampreview|3\n|\n|t:|1775904696\n|teamsize|p1|3\n|teamsize|p2|3\n|start\n|switch|p1a: \uc81c\uc655\ub2d8|Garchomp, L50, M|100/100\n|switch|p2a: Hippowdon|Hippowdon, L50, F|100/100\n|-weather|Sandstorm|[from] ability: Sand Stream|[of] p2a: Hippowdon\n|turn|1\n|\n|t:|1775904704\n|move|p1a: \uc81c\uc655\ub2d8|Stealth Rock|p2a: Hippowdon\n|-sidestart|p2: Mitarashi|move: Stealth Rock\n|move|p2a: Hippowdon|Yawn|p1a: \uc81c\uc655\ub2d8\n|-start|p1a: \uc81c\uc655\ub2d8|move: Yawn|[of] p2a: Hippowdon\n|\n|-weather|Sandstorm|[upkeep]\n|upkeep\n|turn|2\n|\n|t:|1775904716\n|switch|p1a: \ub300\ubd80|Torterra, L50, M|100/100\n|move|p2a: Hippowdon|Stealth Rock|p1a: \ub300\ubd80\n|-sidestart|p1: New Zealand Kiwi|move: Stealth Rock\n|\n|-weather|Sandstorm|[upkeep]\n|upkeep\n|turn|3\n|j| battlerealm\n|\n|t:|1775904726\n|move|p1a: \ub300\ubd80|Shell Smash|p1a: \ub300\ubd80\n|-unboost|p1a: \ub300\ubd80|def|1\n|-unboost|p1a: \ub300\ubd80|spd|1\n|-boost|p1a: \ub300\ubd80|atk|2\n|-boost|p1a: \ub300\ubd80|spa|2\n|-boost|p1a: \ub300\ubd80|spe|2\n|move|p2a: Hippowdon|Yawn|p1a: \ub300\ubd80\n|-start|p1a: \ub300\ubd80|move: Yawn|[of] p2a: Hippowdon\n|\n|-weather|Sandstorm|[upkeep]\n|upkeep\n|turn|4\n|\n|t:|1775904738\n|move|p1a: \ub300\ubd80|Wood Hammer|p2a: Hippowdon\n|-supereffective|p2a: Hippowdon|1\n|-damage|p2a: Hippowdon|0 fnt\n|faint|p2a: Hippowdon\n|-damage|p1a: \ub300\ubd80|59/100|[from] Recoil\n|\n|-weather|Sandstorm|[upkeep]\n|-end|p1a: \ub300\ubd80|move: Yawn|[silent]\n|-status|p1a: \ub300\ubd80|slp\n|upkeep\n|l| battlerealm\n|\n|t:|1775904747\n|switch|p2a: Tyranitar|Tyranitar, L50, M, shiny|100/100\n|-damage|p2a: Tyranitar|88/100|[from] Stealth Rock\n|turn|5\n|\n|t:|1775904763\n|switch|p1a: \uc774\ub85c\uce58 \uce90\ud130\ud53c|Gyarados, L50, M|100/100\n|-damage|p1a: \uc774\ub85c\uce58 \uce90\ud130\ud53c|76/100|[from] Stealth Rock\n|-ability|p1a: \uc774\ub85c\uce58 \uce90\ud130\ud53c|Intimidate|boost\n|-unboost|p2a: Tyranitar|atk|1\n|detailschange|p2a: Tyranitar|Tyranitar-Mega, L50, M, shiny\n|-mega|p2a: Tyranitar|Tyranitar|Tyranitarite\n|move|p2a: Tyranitar|Dragon Dance|p2a: Tyranitar\n|-boost|p2a: Tyranitar|atk|1\n|-boost|p2a: Tyranitar|spe|1\n|\n|-weather|none\n|upkeep\n|turn|6\n|j| DrK1wi10\n|\n|t:|1775904781\n|detailschange|p1a: \uc774\ub85c\uce58 \uce90\ud130\ud53c|Gyarados-Mega, L50, M\n|-mega|p1a: \uc774\ub85c\uce58 \uce90\ud130\ud53c|Gyarados|Gyaradosite\n|-ability|p1a: \uc774\ub85c\uce58 \uce90\ud130\ud53c|Mold Breaker\n|move|p2a: Tyranitar|Rock Blast|p1a: \uc774\ub85c\uce58 \uce90\ud130\ud53c\n|-damage|p1a: \uc774\ub85c\uce58 \uce90\ud130\ud53c|60/100\n|-damage|p1a: \uc774\ub85c\uce58 \uce90\ud130\ud53c|44/100\n|-hitcount|p1a: \uc774\ub85c\uce58 \uce90\ud130\ud53c|2\n|move|p1a: \uc774\ub85c\uce58 \uce90\ud130\ud53c|Dragon Dance|p1a: \uc774\ub85c\uce58 \uce90\ud130\ud53c\n|-boost|p1a: \uc774\ub85c\uce58 \uce90\ud130\ud53c|atk|1\n|-boost|p1a: \uc774\ub85c\uce58 \uce90\ud130\ud53c|spe|1\n|\n|upkeep\n|turn|7\n|\n|t:|1775904798\n|move|p1a: \uc774\ub85c\uce58 \uce90\ud130\ud53c|Waterfall|p2a: Tyranitar\n|-supereffective|p2a: Tyranitar|1\n|-crit|p2a: Tyranitar\n|-damage|p2a: Tyranitar|0 fnt\n|faint|p2a: Tyranitar\n|\n|upkeep\n|\n|t:|1775904804\n|switch|p2a: Dragapult|Dragapult, L50, M|100/100\n|-damage|p2a: Dragapult|88/100|[from] Stealth Rock\n|turn|8\n|\n|t:|1775904811\n|move|p2a: Dragapult|Dragon Pulse|p1a: \uc774\ub85c\uce58 \uce90\ud130\ud53c\n|-crit|p1a: \uc774\ub85c\uce58 \uce90\ud130\ud53c\n|-damage|p1a: \uc774\ub85c\uce58 \uce90\ud130\ud53c|0 fnt\n|faint|p1a: \uc774\ub85c\uce58 \uce90\ud130\ud53c\n|\n|upkeep\n|\n|t:|1775904833\n|switch|p1a: \ub300\ubd80|Torterra, L50, M|59/100 slp\n|-damage|p1a: \ub300\ubd80|53/100 slp|[from] Stealth Rock\n|turn|9\n|\n|t:|1775904838\n|move|p2a: Dragapult|Dragon Pulse|p1a: \ub300\ubd80\n|-damage|p1a: \ub300\ubd80|10/100 slp\n|-enditem|p1a: \ub300\ubd80|Sitrus Berry|[eat]\n|-heal|p1a: \ub300\ubd80|35/100 slp|[from] item: Sitrus Berry\n|cant|p1a: \ub300\ubd80|slp\n|\n|upkeep\n|turn|10\n|\n|t:|1775904846\n|move|p2a: Dragapult|Dragon Pulse|p1a: \ub300\ubd80\n|-damage|p1a: \ub300\ubd80|0 fnt\n|faint|p1a: \ub300\ubd80\n|\n|upkeep\n|\n|t:|1775904848\n|switch|p1a: \uc81c\uc655\ub2d8|Garchomp, L50, M|100/100\n|-damage|p1a: \uc81c\uc655\ub2d8|95/100|[from] Stealth Rock\n|turn|11\n|\n|t:|1775904854\n|move|p2a: Dragapult|Dragon Pulse|p1a: \uc81c\uc655\ub2d8\n|-supereffective|p1a: \uc81c\uc655\ub2d8|1\n|-damage|p1a: \uc81c\uc655\ub2d8|4/100\n|move|p1a: \uc81c\uc655\ub2d8|Outrage|p2a: Dragapult\n|-supereffective|p2a: Dragapult|1\n|-damage|p2a: Dragapult|0 fnt\n|faint|p2a: Dragapult\n|\n|win|New Zealand Kiwi\n|raw|New Zealand Kiwi's rating: 1126 &rarr; <strong>1151</strong><br />(+25 for winning)\n|raw|Mitarashi's rating: 1120 &rarr; <strong>1095</strong><br />(-25 for losing)\n|l|\u2606Mitarashi\n|player|p2|\n",
  "uploadtime": 1775904880,
  "views": 21,
  "formatid": "gen9championsbssregma",
  "rating": 1095,
  "private": 0,
  "password": null
}