{
  "id": "gen9championsbssregma-2588846574",
  "format": "[Gen 9 Champions] BSS Reg M-A",
  "players": [
    "Vicillo03",
    "Bbbkty"
  ],
  "log": "|j|\u2606Vicillo03\n|j|\u2606Bbbkty\n|t:|1776677986\n|gametype|singles\n|player|p1|Vicillo03|hugh|1096\n|player|p2|Bbbkty|1|1029\n|gen|9\n|tier|[Gen 9 Champions] BSS Reg M-A\n|rated|\n|rule|Species Clause: Limit one of each Pok\u00e9mon\n|rule|Item Clause: Limit 1 of each item\n|clearpoke\n|poke|p1|Lucario, L50, F|\n|poke|p1|Milotic, L50, M|\n|poke|p1|Gliscor, L50, F|\n|poke|p1|Tyranitar, L50, M|\n|poke|p1|Lopunny, L50, M|\n|poke|p1|Volcarona, L50, M|\n|poke|p2|Clefable, L50, F|\n|poke|p2|Charizard, L50, M|\n|poke|p2|Mimikyu, L50, F|\n|poke|p2|Kingambit, L50, F|\n|poke|p2|Espathra, L50, M|\n|poke|p2|Glimmora, L50, M|\n|teampreview|3\n|inactive|Battle timer is ON: inactive players will automatically lose when time's up. (requested by Vicillo03)\n|\n|t:|1776677995\n|teamsize|p1|3\n|teamsize|p2|3\n|start\n|switch|p1a: Lucario|Lucario, L50, F|100/100\n|switch|p2a: Glimmora|Glimmora, L50, M|100/100\n|turn|1\n|\n|t:|1776678017\n|detailschange|p1a: Lucario|Lucario-Mega, L50, F\n|-mega|p1a: Lucario|Lucario|Lucarionite\n|move|p1a: Lucario|Nasty Plot|p1a: Lucario\n|-boost|p1a: Lucario|spa|2\n|move|p2a: Glimmora|Earth Power|p1a: Lucario\n|-supereffective|p1a: Lucario|1\n|-damage|p1a: Lucario|4/100\n|\n|upkeep\n|turn|2\n|\n|t:|1776678030\n|move|p1a: Lucario|Aura Sphere|p2a: Glimmora\n|-enditem|p2a: Glimmora|Focus Sash\n|-damage|p2a: Glimmora|1/100\n|move|p2a: Glimmora|Power Gem|p1a: Lucario\n|-resisted|p1a: Lucario|2\n|-crit|p1a: Lucario\n|-damage|p1a: Lucario|0 fnt\n|faint|p1a: Lucario\n|\n|upkeep\n|\n|t:|1776678036\n|switch|p1a: Milotic|Milotic, L50, M|100/100\n|turn|3\n|\n|t:|1776678046\n|move|p2a: Glimmora|Mortal Spin|p1a: Milotic\n|-damage|p1a: Milotic|96/100\n|-status|p1a: Milotic|psn\n|move|p1a: Milotic|Scald|p2a: Glimmora\n|-supereffective|p2a: Glimmora|1\n|-damage|p2a: Glimmora|0 fnt\n|faint|p2a: Glimmora\n|\n|-heal|p1a: Milotic|100/100 psn|[from] item: Leftovers\n|-damage|p1a: Milotic|88/100 psn|[from] psn\n|upkeep\n|\n|t:|1776678050\n|switch|p2a: Espathra|Espathra, L50, M|100/100\n|turn|4\n|\n|t:|1776678063\n|move|p2a: Espathra|Protect|p2a: Espathra\n|-singleturn|p2a: Espathra|Protect\n|move|p1a: Milotic|Coil|p1a: Milotic\n|-boost|p1a: Milotic|atk|1\n|-boost|p1a: Milotic|def|1\n|-boost|p1a: Milotic|accuracy|1\n|\n|-heal|p1a: Milotic|94/100 psn|[from] item: Leftovers\n|-damage|p1a: Milotic|82/100 psn|[from] psn\n|-ability|p2a: Espathra|Speed Boost|boost\n|-boost|p2a: Espathra|spe|1\n|upkeep\n|turn|5\n|\n|t:|1776678087\n|move|p2a: Espathra|Calm Mind|p2a: Espathra\n|-boost|p2a: Espathra|spa|1\n|-boost|p2a: Espathra|spd|1\n|move|p1a: Milotic|Scald|p2a: Espathra\n|-damage|p2a: Espathra|75/100\n|\n|-heal|p1a: Milotic|88/100 psn|[from] item: Leftovers\n|-damage|p1a: Milotic|75/100 psn|[from] psn\n|-ability|p2a: Espathra|Speed Boost|boost\n|-boost|p2a: Espathra|spe|1\n|upkeep\n|turn|6\n|\n|t:|1776678095\n|move|p2a: Espathra|Protect|p2a: Espathra\n|-singleturn|p2a: Espathra|Protect\n|move|p1a: Milotic|Scald|p2a: Espathra\n|-activate|p2a: Espathra|move: Protect\n|\n|-heal|p1a: Milotic|81/100 psn|[from] item: Leftovers\n|-damage|p1a: Milotic|69/100 psn|[from] psn\n|-ability|p2a: Espathra|Speed Boost|boost\n|-boost|p2a: Espathra|spe|1\n|upkeep\n|turn|7\n|inactive|Bbbkty has 30 seconds left.\n|inactive|Bbbkty has 20 seconds left.\n|inactive|Bbbkty has 15 seconds left.\n|\n|t:|1776678137\n|move|p2a: Espathra|Baton Pass|p2a: Espathra\n|\n|t:|1776678138\n|switch|p2a: Clefable|Clefable, L50, F|100/100|[from] Baton Pass\n|move|p1a: Milotic|Scald|p2a: Clefable\n|-crit|p2a: Clefable\n|-damage|p2a: Clefable|61/100\n|-status|p2a: Clefable|brn\n|\n|-heal|p1a: Milotic|75/100 psn|[from] item: Leftovers\n|-damage|p1a: Milotic|62/100 psn|[from] psn\n|upkeep\n|turn|8\n|\n|t:|1776678154\n|detailschange|p2a: Clefable|Clefable-Mega, L50, F\n|-mega|p2a: Clefable|Clefable|Clefablite\n|move|p2a: Clefable|Moonlight|p2a: Clefable\n|-heal|p2a: Clefable|100/100 brn\n|move|p1a: Milotic|Recover|p1a: Milotic\n|-heal|p1a: Milotic|100/100 psn\n|\n|-damage|p1a: Milotic|88/100 psn|[from] psn\n|-damage|p2a: Clefable|95/100 brn|[from] brn\n|upkeep\n|turn|9\n|\n|t:|1776678165\n|move|p2a: Clefable|Cosmic Power|p2a: Clefable\n|-boost|p2a: Clefable|def|1\n|-boost|p2a: Clefable|spd|1\n|move|p1a: Milotic|Scald|p2a: Clefable\n|-damage|p2a: Clefable|83/100 brn\n|\n|-heal|p1a: Milotic|94/100 psn|[from] item: Leftovers\n|-damage|p1a: Milotic|82/100 psn|[from] psn\n|-damage|p2a: Clefable|77/100 brn|[from] brn\n|upkeep\n|turn|10\n|\n|t:|1776678172\n|move|p2a: Clefable|Cosmic Power|p2a: Clefable\n|-boost|p2a: Clefable|def|1\n|-boost|p2a: Clefable|spd|1\n|move|p1a: Milotic|Scald|p2a: Clefable\n|-damage|p2a: Clefable|68/100 brn\n|\n|-heal|p1a: Milotic|88/100 psn|[from] item: Leftovers\n|-damage|p1a: Milotic|75/100 psn|[from] psn\n|-damage|p2a: Clefable|62/100 brn|[from] brn\n|upkeep\n|turn|11\n|\n|t:|1776678178\n|move|p2a: Clefable|Cosmic Power|p2a: Clefable\n|-boost|p2a: Clefable|def|1\n|-boost|p2a: Clefable|spd|1\n|move|p1a: Milotic|Scald|p2a: Clefable\n|-damage|p2a: Clefable|54/100 brn\n|\n|-heal|p1a: Milotic|81/100 psn|[from] item: Leftovers\n|-damage|p1a: Milotic|69/100 psn|[from] psn\n|-damage|p2a: Clefable|48/100 brn|[from] brn\n|upkeep\n|turn|12\n|\n|t:|1776678183\n|move|p2a: Clefable|Moonlight|p2a: Clefable\n|-heal|p2a: Clefable|98/100 brn\n|move|p1a: Milotic|Scald|p2a: Clefable\n|-damage|p2a: Clefable|90/100 brn\n|\n|-heal|p1a: Milotic|75/100 psn|[from] item: Leftovers\n|-damage|p1a: Milotic|62/100 psn|[from] psn\n|-damage|p2a: Clefable|84/100 brn|[from] brn\n|upkeep\n|turn|13\n|\n|t:|1776678186\n|move|p2a: Clefable|Stored Power|p1a: Milotic\n|-damage|p1a: Milotic|0 fnt\n|faint|p1a: Milotic\n|\n|-damage|p2a: Clefable|78/100 brn|[from] brn\n|upkeep\n|\n|t:|1776678188\n|switch|p1a: Gliscor|Gliscor, L50, F|100/100\n|turn|14\n|\n|t:|1776678196\n|move|p2a: Clefable|Cosmic Power|p2a: Clefable\n|-boost|p2a: Clefable|def|1\n|-boost|p2a: Clefable|spd|1\n|move|p1a: Gliscor|Dual Wingbeat|p2a: Clefable\n|-damage|p2a: Clefable|74/100 brn\n|-damage|p2a: Clefable|70/100 brn\n|-hitcount|p2a: Clefable|2\n|\n|-damage|p2a: Clefable|64/100 brn|[from] brn\n|upkeep\n|turn|15\n|\n|t:|1776678201\n|move|p2a: Clefable|Stored Power|p1a: Gliscor\n|-damage|p1a: Gliscor|0 fnt\n|faint|p1a: Gliscor\n|\n|win|Bbbkty\n|raw|Vicillo03's rating: 1096 &rarr; <strong>1070</strong><br />(-26 for losing)\n|raw|Bbbkty's rating: 1072 &rarr; <strong>1103</strong><br />(+31 for winning)\n|l|\u2606Vicillo03\n|player|p1|\n",
  "uploadtime": 1776678204,
  "views": 0,
  "formatid": "gen9championsbssregma",
  "rating": 1070,
  "private": 0,
  "password": null
}