{
  "id": "gen9championsbssregma-2584916891",
  "format": "[Gen 9 Champions] BSS Reg M-A",
  "players": [
    "bouvet island",
    "388737dgtgt"
  ],
  "log": "|j|\u2606bouvet island\n|j|\u2606388737dgtgt\n|t:|1776294296\n|gametype|singles\n|player|p1|bouvet island|kimonogirl|1399\n|player|p2|388737dgtgt|102|1317\n|gen|9\n|tier|[Gen 9 Champions] BSS Reg M-A\n|rated|\n|rule|Species Clause: Limit one of each Pok\u00e9mon\n|rule|Item Clause: Limit 1 of each item\n|clearpoke\n|poke|p1|Gyarados, L50, M|\n|poke|p1|Excadrill, L50, F|\n|poke|p1|Espathra, L50, M|\n|poke|p1|Kingambit, L50, M|\n|poke|p1|Hippowdon, L50, M|\n|poke|p1|Samurott-Hisui, L50, M|\n|poke|p2|Conkeldurr, L50, M|\n|poke|p2|Lucario, L50, M|\n|poke|p2|Dragonite, L50, M|\n|poke|p2|Gyarados, L50, M|\n|poke|p2|Whimsicott, L50, M|\n|poke|p2|Arcanine-Hisui, L50, M|\n|teampreview|3\n|inactive|Battle timer is ON: inactive players will automatically lose when time's up. (requested by 388737dgtgt)\n|\n|t:|1776294322\n|teamsize|p1|3\n|teamsize|p2|3\n|start\n|switch|p1a: Hippowdon|Hippowdon, L50, M|100/100\n|switch|p2a: Arcanine|Arcanine-Hisui, L50, M|100/100\n|-ability|p2a: Arcanine|Intimidate|boost\n|-unboost|p1a: Hippowdon|atk|1\n|-weather|Sandstorm|[from] ability: Sand Stream|[of] p1a: Hippowdon\n|turn|1\n|\n|t:|1776294326\n|move|p2a: Arcanine|Will-O-Wisp|p1a: Hippowdon\n|-status|p1a: Hippowdon|brn\n|move|p1a: Hippowdon|Stealth Rock|p2a: Arcanine\n|-sidestart|p2: 388737dgtgt|move: Stealth Rock\n|\n|-weather|Sandstorm|[upkeep]\n|-damage|p1a: Hippowdon|94/100 brn|[from] brn\n|upkeep\n|turn|2\n|\n|t:|1776294331\n|switch|p2a: Whimsicott|Whimsicott, L50, M|100/100\n|-damage|p2a: Whimsicott|89/100|[from] Stealth Rock\n|move|p1a: Hippowdon|Yawn|p2a: Whimsicott\n|-start|p2a: Whimsicott|move: Yawn|[of] p1a: Hippowdon\n|\n|-weather|Sandstorm|[upkeep]\n|-damage|p2a: Whimsicott|83/100|[from] Sandstorm\n|-heal|p2a: Whimsicott|89/100|[from] item: Leftovers\n|-damage|p1a: Hippowdon|88/100 brn|[from] brn\n|upkeep\n|turn|3\n|\n|t:|1776294334\n|move|p2a: Whimsicott|Leech Seed|p1a: Hippowdon|[miss]\n|-miss|p2a: Whimsicott|p1a: Hippowdon\n|move|p1a: Hippowdon|Yawn||[still]\n|-fail|p1a: Hippowdon\n|\n|-weather|Sandstorm|[upkeep]\n|-damage|p2a: Whimsicott|83/100|[from] Sandstorm\n|-heal|p2a: Whimsicott|89/100|[from] item: Leftovers\n|-damage|p1a: Hippowdon|82/100 brn|[from] brn\n|-end|p2a: Whimsicott|move: Yawn|[silent]\n|-status|p2a: Whimsicott|slp\n|upkeep\n|turn|4\n|\n|t:|1776294337\n|switch|p1a: Espathra|Espathra, L50, M|100/100\n|cant|p2a: Whimsicott|slp\n|\n|-weather|Sandstorm|[upkeep]\n|-damage|p2a: Whimsicott|83/100 slp|[from] Sandstorm\n|-damage|p1a: Espathra|95/100|[from] Sandstorm\n|-heal|p2a: Whimsicott|89/100 slp|[from] item: Leftovers\n|-heal|p1a: Espathra|100/100|[from] item: Leftovers\n|upkeep\n|turn|5\n|\n|t:|1776294340\n|switch|p2a: Arcanine|Arcanine-Hisui, L50, M|100/100\n|-damage|p2a: Arcanine|76/100|[from] Stealth Rock\n|-ability|p2a: Arcanine|Intimidate|boost\n|-unboost|p1a: Espathra|atk|1\n|move|p1a: Espathra|Calm Mind|p1a: Espathra\n|-boost|p1a: Espathra|spa|1\n|-boost|p1a: Espathra|spd|1\n|\n|-weather|none\n|-ability|p1a: Espathra|Speed Boost|boost\n|-boost|p1a: Espathra|spe|1\n|upkeep\n|turn|6\n|j| ThugNasty2020\n|\n|t:|1776294343\n|move|p1a: Espathra|Protect|p1a: Espathra\n|-singleturn|p1a: Espathra|Protect\n|move|p2a: Arcanine|Stealth Rock|p1a: Espathra\n|-sidestart|p1: bouvet island|move: Stealth Rock\n|\n|-ability|p1a: Espathra|Speed Boost|boost\n|-boost|p1a: Espathra|spe|1\n|upkeep\n|turn|7\n|\n|t:|1776294345\n|switch|p2a: Whimsicott|Whimsicott, L50, M|89/100 slp\n|-damage|p2a: Whimsicott|77/100 slp|[from] Stealth Rock\n|move|p1a: Espathra|Calm Mind|p1a: Espathra\n|-boost|p1a: Espathra|spa|1\n|-boost|p1a: Espathra|spd|1\n|\n|-heal|p2a: Whimsicott|83/100 slp|[from] item: Leftovers\n|-ability|p1a: Espathra|Speed Boost|boost\n|-boost|p1a: Espathra|spe|1\n|upkeep\n|turn|8\n|\n|t:|1776294348\n|-curestatus|p2a: Whimsicott|slp|[msg]\n|move|p2a: Whimsicott|Encore|p1a: Espathra\n|-start|p1a: Espathra|Encore\n|move|p1a: Espathra|Calm Mind|p1a: Espathra\n|-boost|p1a: Espathra|spa|1\n|-boost|p1a: Espathra|spd|1\n|\n|-heal|p2a: Whimsicott|89/100|[from] item: Leftovers\n|-ability|p1a: Espathra|Speed Boost|boost\n|-boost|p1a: Espathra|spe|1\n|upkeep\n|turn|9\n|\n|t:|1776294350\n|move|p2a: Whimsicott|Leech Seed|p1a: Espathra\n|-start|p1a: Espathra|move: Leech Seed\n|move|p1a: Espathra|Calm Mind|p1a: Espathra\n|-boost|p1a: Espathra|spa|1\n|-boost|p1a: Espathra|spd|1\n|\n|-heal|p2a: Whimsicott|95/100|[from] item: Leftovers\n|-damage|p1a: Espathra|88/100|[from] Leech Seed|[of] p2a: Whimsicott\n|-heal|p2a: Whimsicott|100/100|[silent]\n|-ability|p1a: Espathra|Speed Boost|boost\n|-boost|p1a: Espathra|spe|1\n|upkeep\n|turn|10\n|\n|t:|1776294354\n|move|p2a: Whimsicott|Substitute|p2a: Whimsicott\n|-start|p2a: Whimsicott|Substitute\n|-damage|p2a: Whimsicott|76/100\n|move|p1a: Espathra|Calm Mind|p1a: Espathra\n|-boost|p1a: Espathra|spa|1\n|-boost|p1a: Espathra|spd|1\n|\n|-heal|p1a: Espathra|94/100|[from] item: Leftovers\n|-heal|p2a: Whimsicott|82/100|[from] item: Leftovers\n|-damage|p1a: Espathra|82/100|[from] Leech Seed|[of] p2a: Whimsicott\n|-heal|p2a: Whimsicott|97/100|[silent]\n|-end|p1a: Espathra|Encore\n|-ability|p1a: Espathra|Speed Boost|boost\n|-boost|p1a: Espathra|spe|1\n|upkeep\n|turn|11\n|\n|t:|1776294360\n|switch|p1a: Hippowdon|Hippowdon, L50, M|82/100 brn\n|-damage|p1a: Hippowdon|76/100 brn|[from] Stealth Rock\n|-weather|Sandstorm|[from] ability: Sand Stream|[of] p1a: Hippowdon\n|move|p2a: Whimsicott|Leech Seed|p1a: Hippowdon\n|-start|p1a: Hippowdon|move: Leech Seed\n|\n|-weather|Sandstorm|[upkeep]\n|-damage|p2a: Whimsicott|91/100|[from] Sandstorm\n|-heal|p2a: Whimsicott|97/100|[from] item: Leftovers\n|-damage|p1a: Hippowdon|64/100 brn|[from] Leech Seed|[of] p2a: Whimsicott\n|-heal|p2a: Whimsicott|100/100|[silent]\n|-damage|p1a: Hippowdon|58/100 brn|[from] brn\n|upkeep\n|turn|12\n|\n|t:|1776294368\n|move|p2a: Whimsicott|Moonblast|p1a: Hippowdon\n|-damage|p1a: Hippowdon|30/100 brn\n|move|p1a: Hippowdon|Whirlwind|p2a: Whimsicott\n|drag|p2a: Arcanine|Arcanine-Hisui, L50, M|76/100\n|-damage|p2a: Arcanine|51/100|[from] Stealth Rock\n|-ability|p2a: Arcanine|Intimidate|boost\n|-unboost|p1a: Hippowdon|atk|1\n|\n|-weather|Sandstorm|[upkeep]\n|-damage|p1a: Hippowdon|18/100 brn|[from] Leech Seed|[of] p2a: Arcanine\n|-heal|p2a: Arcanine|66/100|[silent]\n|-damage|p1a: Hippowdon|12/100 brn|[from] brn\n|upkeep\n|turn|13\n|\n|t:|1776294375\n|move|p2a: Arcanine|Flare Blitz|p1a: Hippowdon\n|-damage|p1a: Hippowdon|0 fnt\n|faint|p1a: Hippowdon\n|-damage|p2a: Arcanine|62/100|[from] Recoil\n|\n|-weather|Sandstorm|[upkeep]\n|upkeep\n|\n|t:|1776294376\n|switch|p1a: Espathra|Espathra, L50, M|82/100\n|-damage|p1a: Espathra|69/100|[from] Stealth Rock\n|turn|14\n|j| p74\n|\n|t:|1776294380\n|move|p2a: Arcanine|Flare Blitz|p1a: Espathra\n|-damage|p1a: Espathra|16/100\n|-damage|p2a: Arcanine|42/100|[from] Recoil\n|move|p1a: Espathra|Calm Mind|p1a: Espathra\n|-boost|p1a: Espathra|spa|1\n|-boost|p1a: Espathra|spd|1\n|\n|-weather|Sandstorm|[upkeep]\n|-damage|p1a: Espathra|10/100|[from] Sandstorm\n|-heal|p1a: Espathra|16/100|[from] item: Leftovers\n|-ability|p1a: Espathra|Speed Boost|boost\n|-boost|p1a: Espathra|spe|1\n|upkeep\n|turn|15\n|\n|t:|1776294390\n|switch|p2a: Whimsicott|Whimsicott, L50, M|100/100\n|-damage|p2a: Whimsicott|89/100|[from] Stealth Rock\n|move|p1a: Espathra|Stored Power|p2a: Whimsicott\n|-damage|p2a: Whimsicott|27/100\n|\n|-weather|none\n|-heal|p1a: Espathra|22/100|[from] item: Leftovers\n|-heal|p2a: Whimsicott|33/100|[from] item: Leftovers\n|-ability|p1a: Espathra|Speed Boost|boost\n|-boost|p1a: Espathra|spe|1\n|upkeep\n|turn|16\n|\n|t:|1776294394\n|move|p2a: Whimsicott|Encore|p1a: Espathra\n|-start|p1a: Espathra|Encore\n|move|p1a: Espathra|Stored Power|p2a: Whimsicott\n|-damage|p2a: Whimsicott|0 fnt\n|faint|p2a: Whimsicott\n|\n|-heal|p1a: Espathra|28/100|[from] item: Leftovers\n|-ability|p1a: Espathra|Speed Boost|boost\n|-boost|p1a: Espathra|spe|1\n|upkeep\n|\n|t:|1776294400\n|switch|p2a: Gyarados|Gyarados, L50, M|100/100\n|-damage|p2a: Gyarados|76/100|[from] Stealth Rock\n|-ability|p2a: Gyarados|Intimidate|boost\n|-unboost|p1a: Espathra|atk|1\n|turn|17\n|\n|t:|1776294416\n|switch|p1a: Gyarados|Gyarados, L50, M|100/100\n|-damage|p1a: Gyarados|76/100|[from] Stealth Rock\n|-ability|p1a: Gyarados|Intimidate|boost\n|-unboost|p2a: Gyarados|atk|1\n|detailschange|p2a: Gyarados|Gyarados-Mega, L50, M\n|-mega|p2a: Gyarados|Gyarados|Gyaradosite\n|-ability|p2a: Gyarados|Mold Breaker\n|move|p2a: Gyarados|Dragon Dance|p2a: Gyarados\n|-boost|p2a: Gyarados|atk|1\n|-boost|p2a: Gyarados|spe|1\n|\n|upkeep\n|turn|18\n|\n|t:|1776294429\n|detailschange|p1a: Gyarados|Gyarados-Mega, L50, M\n|-mega|p1a: Gyarados|Gyarados|Gyaradosite\n|-ability|p1a: Gyarados|Mold Breaker\n|move|p2a: Gyarados|Dragon Dance|p2a: Gyarados\n|-boost|p2a: Gyarados|atk|1\n|-boost|p2a: Gyarados|spe|1\n|move|p1a: Gyarados|Crunch|p2a: Gyarados\n|-resisted|p2a: Gyarados|1\n|-damage|p2a: Gyarados|50/100\n|\n|upkeep\n|turn|19\n|\n|t:|1776294438\n|move|p2a: Gyarados|Power Whip|p1a: Gyarados\n|-supereffective|p1a: Gyarados|1\n|-damage|p1a: Gyarados|0 fnt\n|faint|p1a: Gyarados\n|\n|upkeep\n|\n|t:|1776294441\n|switch|p1a: Espathra|Espathra, L50, M|28/100\n|-damage|p1a: Espathra|16/100|[from] Stealth Rock\n|turn|20\n|\n|t:|1776294443\n|move|p1a: Espathra|Protect|p1a: Espathra\n|-singleturn|p1a: Espathra|Protect\n|move|p2a: Gyarados|Crunch|p1a: Espathra\n|-activate|p1a: Espathra|move: Protect\n|\n|-heal|p1a: Espathra|22/100|[from] item: Leftovers\n|-ability|p1a: Espathra|Speed Boost|boost\n|-boost|p1a: Espathra|spe|1\n|upkeep\n|turn|21\n|\n|t:|1776294449\n|move|p1a: Espathra|Protect||[still]\n|-fail|p1a: Espathra\n|move|p2a: Gyarados|Crunch|p1a: Espathra\n|-supereffective|p1a: Espathra|1\n|-damage|p1a: Espathra|0 fnt\n|faint|p1a: Espathra\n|\n|win|388737dgtgt\n|raw|bouvet island's rating: 1399 &rarr; <strong>1374</strong><br />(-25 for losing)\n|raw|388737dgtgt's rating: 1317 &rarr; <strong>1342</strong><br />(+25 for winning)\n|l|\u2606bouvet island\n|player|p1|\n",
  "uploadtime": 1776294456,
  "views": 9,
  "formatid": "gen9championsbssregma",
  "rating": 1342,
  "private": 0,
  "password": null
}