{
  "id": "gen9championsbssregma-2583801207",
  "format": "[Gen 9 Champions] BSS Reg M-A",
  "players": [
    "manhuang",
    "HeavyLobsterAlf"
  ],
  "log": "|j|\u2606manhuang\n|j|\u203dHeavyLobsterAlf\n|t:|1776198688\n|gametype|singles\n|player|p1|manhuang|cynthia|1161\n|player|p2|HeavyLobsterAlf|phoebe-masters|1068\n|gen|9\n|tier|[Gen 9 Champions] BSS Reg M-A\n|rated|\n|rule|Species Clause: Limit one of each Pok\u00e9mon\n|rule|Item Clause: Limit 1 of each item\n|clearpoke\n|poke|p1|Gengar, L50, F|\n|poke|p1|Corviknight, L50, M|\n|poke|p1|Meowscarada, L50, M|\n|poke|p1|Espathra, L50, F|\n|poke|p1|Blastoise, L50, F|\n|poke|p1|Rotom-Wash, L50|\n|poke|p2|Slowking, L50, F|\n|poke|p2|Toucannon, L50, M|\n|poke|p2|Crabominable, L50, F|\n|poke|p2|Gyarados, L50, M|\n|poke|p2|Ninetales-Alola, L50, M|\n|poke|p2|Arcanine-Hisui, L50, F|\n|teampreview|3\n|inactive|Battle timer is ON: inactive players will automatically lose when time's up. (requested by manhuang)\n|\n|t:|1776198707\n|teamsize|p1|3\n|teamsize|p2|3\n|start\n|switch|p1a: Gengar|Gengar, L50, F|100/100\n|switch|p2a: Slowking|Slowking, L50, F|100/100\n|turn|1\n|\n|t:|1776198723\n|detailschange|p1a: Gengar|Gengar-Mega, L50, F\n|-mega|p1a: Gengar|Gengar|Gengarite\n|move|p1a: Gengar|Substitute|p1a: Gengar\n|-start|p1a: Gengar|Substitute\n|-damage|p1a: Gengar|76/100\n|move|p2a: Slowking|Trick Room|p2a: Slowking\n|-fieldstart|move: Trick Room|[of] p2a: Slowking\n|\n|upkeep\n|turn|2\n|\n|t:|1776198729\n|move|p2a: Slowking|Future Sight|p1a: Gengar\n|-start|p2a: Slowking|move: Future Sight\n|move|p1a: Gengar|Shadow Ball|p2a: Slowking\n|-supereffective|p2a: Slowking|1\n|-damage|p2a: Slowking|20/100\n|\n|upkeep\n|turn|3\n|\n|t:|1776198733\n|move|p2a: Slowking|Scald|p1a: Gengar\n|-end|p1a: Gengar|Substitute\n|move|p1a: Gengar|Shadow Ball|p2a: Slowking\n|-supereffective|p2a: Slowking|1\n|-damage|p2a: Slowking|0 fnt\n|faint|p2a: Slowking\n|\n|upkeep\n|\n|t:|1776198744\n|switch|p2a: Toucannon|Toucannon, L50, M|100/100\n|turn|4\n|\n|t:|1776198749\n|switch|p1a: Rotom|Rotom-Wash, L50|100/100\n|move|p2a: Toucannon|Rock Blast|p1a: Rotom\n|-damage|p1a: Rotom|93/100\n|-damage|p1a: Rotom|85/100\n|-damage|p1a: Rotom|78/100\n|-damage|p1a: Rotom|70/100\n|-damage|p1a: Rotom|62/100\n|-hitcount|p1a: Rotom|5\n|\n|-end|p1a: Rotom|move: Future Sight\n|-damage|p1a: Rotom|8/100\n|-enditem|p1a: Rotom|Sitrus Berry|[eat]\n|-heal|p1a: Rotom|33/100|[from] item: Sitrus Berry\n|upkeep\n|turn|5\n|\n|t:|1776198761\n|move|p2a: Toucannon|Bullet Seed|p1a: Rotom\n|-supereffective|p1a: Rotom|1\n|-damage|p1a: Rotom|18/100\n|-supereffective|p1a: Rotom|1\n|-damage|p1a: Rotom|2/100\n|-supereffective|p1a: Rotom|1\n|-damage|p1a: Rotom|0 fnt\n|faint|p1a: Rotom\n|-hitcount|p1: Rotom|3\n|\n|-fieldend|move: Trick Room\n|upkeep\n|\n|t:|1776198764\n|switch|p1a: Gengar|Gengar-Mega, L50, F|76/100\n|turn|6\n|\n|t:|1776198767\n|move|p1a: Gengar|Substitute|p1a: Gengar\n|-start|p1a: Gengar|Substitute\n|-damage|p1a: Gengar|51/100\n|move|p2a: Toucannon|Encore|p1a: Gengar\n|-start|p1a: Gengar|Encore\n|\n|upkeep\n|turn|7\n|\n|t:|1776198775\n|switch|p1a: Meowscarada|Meowscarada, L50, M|100/100\n|move|p2a: Toucannon|Brave Bird|p1a: Meowscarada\n|-supereffective|p1a: Meowscarada|1\n|-damage|p1a: Meowscarada|0 fnt\n|faint|p1a: Meowscarada\n|-damage|p2a: Toucannon|74/100|[from] Recoil\n|\n|upkeep\n|\n|t:|1776198780\n|switch|p1a: Gengar|Gengar-Mega, L50, F|51/100\n|turn|8\n|\n|t:|1776198786\n|move|p1a: Gengar|Sludge Wave|p2a: Toucannon\n|-damage|p2a: Toucannon|3/100\n|move|p2a: Toucannon|Encore|p1a: Gengar\n|-start|p1a: Gengar|Encore\n|\n|upkeep\n|turn|9\n|\n|t:|1776198790\n|move|p1a: Gengar|Sludge Wave|p2a: Toucannon\n|-damage|p2a: Toucannon|0 fnt\n|faint|p2a: Toucannon\n|\n|upkeep\n|\n|t:|1776198792\n|switch|p2a: Crabominable|Crabominable, L50, F|100/100\n|turn|10\n|\n|t:|1776198794\n|detailschange|p2a: Crabominable|Crabominable-Mega, L50, F\n|-mega|p2a: Crabominable|Crabominable|Crabominite\n|move|p1a: Gengar|Sludge Wave|p2a: Crabominable\n|-damage|p2a: Crabominable|52/100\n|move|p2a: Crabominable|Ice Hammer|p1a: Gengar\n|-damage|p1a: Gengar|0 fnt\n|-unboost|p2a: Crabominable|spe|1\n|faint|p1a: Gengar\n|\n|win|HeavyLobsterAlf\n|raw|manhuang's rating: 1161 &rarr; <strong>1129</strong><br />(-32 for losing)\n|raw|HeavyLobsterAlf's rating: 1068 &rarr; <strong>1106</strong><br />(+38 for winning)\n|l|\u2606manhuang\n|player|p1|\n",
  "uploadtime": 1776198807,
  "views": 8,
  "formatid": "gen9championsbssregma",
  "rating": 1106,
  "private": 0,
  "password": null
}