{
  "id": "gen9championsbssregma-2587116698",
  "format": "[Gen 9 Champions] BSS Reg M-A",
  "players": [
    "kyotoyoko",
    "deokso king"
  ],
  "log": "|j|\u2606kyotoyoko\n|j|\u2606deokso king\n|t:|1776495748\n|gametype|singles\n|player|p1|kyotoyoko|caitlin|1346\n|player|p2|deokso king|bellelba|1348\n|gen|9\n|tier|[Gen 9 Champions] BSS Reg M-A\n|rated|\n|rule|Species Clause: Limit one of each Pok\u00e9mon\n|rule|Item Clause: Limit 1 of each item\n|clearpoke\n|poke|p1|Hippowdon, L50, F|\n|poke|p1|Charizard, L50, F|\n|poke|p1|Lucario, L50, F|\n|poke|p1|Corviknight, L50, F|\n|poke|p1|Greninja, L50, F, shiny|\n|poke|p1|Mimikyu, L50, F, shiny|\n|poke|p2|Mimikyu, L50, F|\n|poke|p2|Primarina, L50, M|\n|poke|p2|Garchomp, L50, M|\n|poke|p2|Lucario, L50, F|\n|poke|p2|Charizard, L50, M|\n|poke|p2|Kingambit, L50, M|\n|teampreview|3\n|inactive|Battle timer is ON: inactive players will automatically lose when time's up. (requested by deokso king)\n|j| p74\n|inactive|kyotoyoko has 60 seconds left.\n|\n|t:|1776495809\n|teamsize|p1|3\n|teamsize|p2|3\n|start\n|switch|p1a: Mimikyu|Mimikyu, L50, F, shiny|100/100\n|switch|p2a: Primarina|Primarina, L50, M|100/100\n|turn|1\n|\n|t:|1776495816\n|move|p1a: Mimikyu|Swords Dance|p1a: Mimikyu\n|-boost|p1a: Mimikyu|atk|2\n|move|p2a: Primarina|Sparkling Aria|p1a: Mimikyu\n|-activate|p1a: Mimikyu|ability: Disguise\n|-damage|p1a: Mimikyu|100/100\n|detailschange|p1a: Mimikyu|Mimikyu-Busted, L50, F, shiny\n|-damage|p1a: Mimikyu|89/100|[from] pokemon: Mimikyu-Busted\n|\n|upkeep\n|turn|2\n|\n|t:|1776495821\n|move|p1a: Mimikyu|Play Rough|p2a: Primarina\n|-damage|p2a: Primarina|32/100\n|move|p2a: Primarina|Sparkling Aria|p1a: Mimikyu\n|-damage|p1a: Mimikyu|28/100\n|\n|upkeep\n|turn|3\n|\n|t:|1776495834\n|switch|p2a: Mimikyu|Mimikyu, L50, F|100/100\n|move|p1a: Mimikyu|Shadow Sneak|p2a: Mimikyu\n|-activate|p2a: Mimikyu|ability: Disguise\n|-damage|p2a: Mimikyu|100/100\n|detailschange|p2a: Mimikyu|Mimikyu-Busted, L50, F\n|-damage|p2a: Mimikyu|88/100|[from] pokemon: Mimikyu-Busted\n|\n|upkeep\n|turn|4\n|\n|t:|1776495840\n|move|p2a: Mimikyu|Shadow Sneak|p1a: Mimikyu\n|-supereffective|p1a: Mimikyu|1\n|-damage|p1a: Mimikyu|0 fnt\n|faint|p1a: Mimikyu\n|\n|upkeep\n|\n|t:|1776495845\n|switch|p1a: Charizard|Charizard, L50, F|100/100\n|turn|5\n|\n|t:|1776495851\n|detailschange|p1a: Charizard|Charizard-Mega-X, L50, F\n|-mega|p1a: Charizard|Charizard|Charizardite X\n|move|p1a: Charizard|Dragon Dance|p1a: Charizard\n|-boost|p1a: Charizard|atk|1\n|-boost|p1a: Charizard|spe|1\n|move|p2a: Mimikyu|Swords Dance|p2a: Mimikyu\n|-boost|p2a: Mimikyu|atk|2\n|\n|upkeep\n|turn|6\n|\n|t:|1776495859\n|move|p2a: Mimikyu|Shadow Sneak|p1a: Charizard\n|-damage|p1a: Charizard|70/100\n|move|p1a: Charizard|Flare Blitz|p2a: Mimikyu\n|-damage|p2a: Mimikyu|0 fnt\n|faint|p2a: Mimikyu\n|-damage|p1a: Charizard|43/100|[from] Recoil\n|\n|upkeep\n|\n|t:|1776495867\n|switch|p2a: Charizard|Charizard, L50, M|100/100\n|turn|7\n|\n|t:|1776495887\n|move|p1a: Charizard|Dragon Claw|p2a: Charizard\n|-damage|p2a: Charizard|11/100\n|move|p2a: Charizard|Dragon Claw|p1a: Charizard\n|-supereffective|p1a: Charizard|1\n|-damage|p1a: Charizard|14/100\n|\n|upkeep\n|turn|8\n|\n|t:|1776495900\n|move|p1a: Charizard|Thunder Punch|p2a: Charizard\n|-supereffective|p2a: Charizard|1\n|-damage|p2a: Charizard|0 fnt\n|faint|p2a: Charizard\n|\n|upkeep\n|\n|t:|1776495902\n|switch|p2a: Primarina|Primarina, L50, M|32/100\n|turn|9\n|\n|t:|1776495905\n|move|p1a: Charizard|Thunder Punch|p2a: Primarina\n|-supereffective|p2a: Primarina|1\n|-damage|p2a: Primarina|0 fnt\n|faint|p2a: Primarina\n|\n|win|kyotoyoko\n|raw|kyotoyoko's rating: 1346 &rarr; <strong>1366</strong><br />(+20 for winning)\n|raw|deokso king's rating: 1348 &rarr; <strong>1328</strong><br />(-20 for losing)\n|l|\u2606kyotoyoko\n|player|p1|\n|l|\u2606deokso king\n|player|p2|\n",
  "uploadtime": 1776495977,
  "views": 14,
  "formatid": "gen9championsbssregma",
  "rating": 1328,
  "private": 0,
  "password": null
}