{
  "id": "gen9championsbssregma-2589113079",
  "format": "[Gen 9 Champions] BSS Reg M-A",
  "players": [
    "asdsasdaad",
    "Cksdud157059"
  ],
  "log": "|j|\u2606asdsasdaad\n|j|\u2606Cksdud157059\n|t:|1776700468\n|gametype|singles\n|player|p1|asdsasdaad|2|1124\n|player|p2|Cksdud157059|2|1075\n|gen|9\n|tier|[Gen 9 Champions] BSS Reg M-A\n|rated|\n|rule|Species Clause: Limit one of each Pok\u00e9mon\n|rule|Item Clause: Limit 1 of each item\n|clearpoke\n|poke|p1|Venusaur, L50, M|\n|poke|p1|Hippowdon, L50, F|\n|poke|p1|Altaria, L50, M|\n|poke|p1|Aegislash, L50, M|\n|poke|p1|Rotom-Wash, L50|\n|poke|p1|Sylveon, L50, M|\n|poke|p2|Delphox, L50, M|\n|poke|p2|Aegislash, L50, M|\n|poke|p2|Garchomp, L50, M|\n|poke|p2|Lopunny, L50, F|\n|poke|p2|Sneasler, L50, F|\n|poke|p2|Primarina, L50, M|\n|teampreview|3\n|\n|t:|1776700504\n|teamsize|p1|3\n|teamsize|p2|3\n|start\n|switch|p1a: Rotom|Rotom-Wash, L50|100/100\n|switch|p2a: ..|Primarina, L50, M|100/100\n|turn|1\n|inactive|Battle timer is ON: inactive players will automatically lose when time's up. (requested by asdsasdaad)\n|\n|t:|1776700512\n|move|p1a: Rotom|Volt Switch|p2a: ..\n|-supereffective|p2a: ..|1\n|-damage|p2a: ..|52/100\n|\n|t:|1776700515\n|switch|p1a: Venusaur|Venusaur, L50, M|100/100|[from] Volt Switch\n|move|p2a: ..|Energy Ball|p1a: Venusaur\n|-resisted|p1a: Venusaur|2\n|-damage|p1a: Venusaur|94/100\n|\n|upkeep\n|turn|2\n|\n|t:|1776700527\n|detailschange|p1a: Venusaur|Venusaur-Mega, L50, M\n|-mega|p1a: Venusaur|Venusaur|Venusaurite\n|move|p1a: Venusaur|Earth Power|p2a: ..\n|-damage|p2a: ..|33/100\n|-enditem|p2a: ..|Sitrus Berry|[eat]\n|-heal|p2a: ..|57/100|[from] item: Sitrus Berry\n|move|p2a: ..|Ice Beam|p1a: Venusaur\n|-supereffective|p1a: Venusaur|1\n|-damage|p1a: Venusaur|73/100\n|\n|upkeep\n|turn|3\n|\n|t:|1776700537\n|move|p1a: Venusaur|Sludge Wave|p2a: ..\n|-supereffective|p2a: ..|1\n|-damage|p2a: ..|0 fnt\n|faint|p2a: ..\n|\n|upkeep\n|\n|t:|1776700542\n|switch|p2a: Delphox|Delphox, L50, M|100/100\n|turn|4\n|\n|t:|1776700548\n|detailschange|p2a: Delphox|Delphox-Mega, L50, M\n|-mega|p2a: Delphox|Delphox|Delphoxite\n|move|p2a: Delphox|Calm Mind|p2a: Delphox\n|-boost|p2a: Delphox|spa|1\n|-boost|p2a: Delphox|spd|1\n|move|p1a: Venusaur|Sludge Wave|p2a: Delphox\n|-damage|p2a: Delphox|77/100\n|\n|upkeep\n|turn|5\n|\n|t:|1776700559\n|switch|p1a: Rotom|Rotom-Wash, L50|100/100\n|move|p2a: Delphox|Psychic|p1a: Rotom\n|-damage|p1a: Rotom|20/100\n|-enditem|p1a: Rotom|Sitrus Berry|[eat]\n|-heal|p1a: Rotom|44/100|[from] item: Sitrus Berry\n|\n|upkeep\n|turn|6\n|\n|t:|1776700565\n|move|p2a: Delphox|Psychic|p1a: Rotom\n|-damage|p1a: Rotom|0 fnt\n|faint|p1a: Rotom\n|\n|upkeep\n|\n|t:|1776700567\n|switch|p1a: Aegislash|Aegislash, L50, M|100/100\n|turn|7\n|\n|t:|1776700574\n|move|p2a: Delphox|Calm Mind|p2a: Delphox\n|-boost|p2a: Delphox|spa|1\n|-boost|p2a: Delphox|spd|1\n|-formechange|p1a: Aegislash|Aegislash-Blade|\n|move|p1a: Aegislash|Shadow Ball|p2a: Delphox\n|-supereffective|p2a: Delphox|1\n|-damage|p2a: Delphox|29/100\n|-unboost|p2a: Delphox|spd|1\n|\n|upkeep\n|turn|8\n|\n|t:|1776700582\n|move|p1a: Aegislash|Shadow Sneak|p2a: Delphox\n|-supereffective|p2a: Delphox|1\n|-damage|p2a: Delphox|0 fnt\n|faint|p2a: Delphox\n|\n|upkeep\n|\n|t:|1776700586\n|switch|p2a: Sneasler|Sneasler, L50, F|100/100\n|turn|9\n|\n|t:|1776700593\n|move|p2a: Sneasler|Fling|p1a: Aegislash\n|-supereffective|p1a: Aegislash|1\n|-damage|p1a: Aegislash|41/100\n|-enditem|p2a: Sneasler|King's Rock|[from] move: Fling\n|cant|p1a: Aegislash|flinch\n|\n|upkeep\n|turn|10\n|\n|t:|1776700600\n|move|p1a: Aegislash|Shadow Sneak|p2a: Sneasler\n|-damage|p2a: Sneasler|65/100\n|move|p2a: Sneasler|Acrobatics|p1a: Aegislash\n|-resisted|p1a: Aegislash|1\n|-damage|p1a: Aegislash|0 fnt\n|faint|p1a: Aegislash\n|\n|upkeep\n|\n|t:|1776700604\n|switch|p1a: Venusaur|Venusaur-Mega, L50, M|73/100\n|turn|11\n|\n|t:|1776700609\n|move|p2a: Sneasler|Acrobatics|p1a: Venusaur\n|-supereffective|p1a: Venusaur|1\n|-damage|p1a: Venusaur|12/100\n|move|p1a: Venusaur|Earth Power|p2a: Sneasler\n|-supereffective|p2a: Sneasler|1\n|-damage|p2a: Sneasler|0 fnt\n|faint|p2a: Sneasler\n|\n|win|asdsasdaad\n|raw|asdsasdaad's rating: 1124 &rarr; <strong>1145</strong><br />(+21 for winning)\n|raw|Cksdud157059's rating: 1075 &rarr; <strong>1057</strong><br />(-18 for losing)\n",
  "uploadtime": 1776700611,
  "views": 2,
  "formatid": "gen9championsbssregma",
  "rating": 1057,
  "private": 0,
  "password": null
}