{
  "id": "gen9championsbssregma-2587974197",
  "format": "[Gen 9 Champions] BSS Reg M-A",
  "players": [
    "toriware",
    "asasdfaf"
  ],
  "log": "|j|\u2606toriware\n|j|\u2606asasdfaf\n|t:|1776587205\n|gametype|singles\n|player|p1|toriware|swimmerf|1253\n|player|p2|asasdfaf|265|1316\n|gen|9\n|tier|[Gen 9 Champions] BSS Reg M-A\n|rated|\n|rule|Species Clause: Limit one of each Pok\u00e9mon\n|rule|Item Clause: Limit 1 of each item\n|clearpoke\n|poke|p1|Azumarill, L50, M|\n|poke|p1|Garchomp, L50, M|\n|poke|p1|Gengar, L50, M|\n|poke|p1|Dragonite, L50, M|\n|poke|p1|Floette-Eternal, L50, F|\n|poke|p1|Espathra, L50, M|\n|poke|p2|Feraligatr, L50, F|\n|poke|p2|Aegislash, L50, M|\n|poke|p2|Garchomp, L50, F|\n|poke|p2|Rotom-Heat, L50|\n|poke|p2|Venusaur, L50, M|\n|poke|p2|Clefable, L50, F|\n|teampreview|3\n|inactive|Battle timer is ON: inactive players will automatically lose when time's up. (requested by toriware)\n|\n|t:|1776587229\n|teamsize|p1|3\n|teamsize|p2|3\n|start\n|switch|p1a: Espathra|Espathra, L50, M|100/100\n|switch|p2a: Aegislash|Aegislash, L50, M|100/100\n|turn|1\n|\n|t:|1776587247\n|move|p1a: Espathra|Calm Mind|p1a: Espathra\n|-boost|p1a: Espathra|spa|1\n|-boost|p1a: Espathra|spd|1\n|-formechange|p2a: Aegislash|Aegislash-Blade|\n|move|p2a: Aegislash|Shadow Ball|p1a: Espathra\n|-supereffective|p1a: Espathra|1\n|-damage|p1a: Espathra|16/100\n|-unboost|p1a: Espathra|spd|1\n|\n|-ability|p1a: Espathra|Speed Boost|boost\n|-boost|p1a: Espathra|spe|1\n|upkeep\n|turn|2\n|\n|t:|1776587259\n|move|p1a: Espathra|Protect|p1a: Espathra\n|-singleturn|p1a: Espathra|Protect\n|move|p2a: Aegislash|Shadow Sneak|p1a: Espathra\n|-activate|p1a: Espathra|move: Protect\n|\n|-ability|p1a: Espathra|Speed Boost|boost\n|-boost|p1a: Espathra|spe|1\n|upkeep\n|turn|3\n|\n|t:|1776587268\n|switch|p1a: Garchomp|Garchomp, L50, M|100/100\n|move|p2a: Aegislash|Shadow Sneak|p1a: Garchomp\n|-damage|p1a: Garchomp|82/100\n|-damage|p2a: Aegislash|89/100|[from] ability: Rough Skin|[of] p1a: Garchomp\n|\n|-heal|p1a: Garchomp|88/100|[from] item: Leftovers\n|-heal|p2a: Aegislash|95/100|[from] item: Leftovers\n|upkeep\n|turn|4\n|\n|t:|1776587278\n|move|p1a: Garchomp|Earthquake|p2a: Aegislash\n|-supereffective|p2a: Aegislash|1\n|-damage|p2a: Aegislash|0 fnt\n|faint|p2a: Aegislash\n|\n|-heal|p1a: Garchomp|94/100|[from] item: Leftovers\n|upkeep\n|\n|t:|1776587280\n|switch|p2a: Feraligatr|Feraligatr, L50, F|100/100\n|turn|5\n|\n|t:|1776587292\n|move|p1a: Garchomp|Outrage|p2a: Feraligatr\n|-damage|p2a: Feraligatr|25/100\n|move|p2a: Feraligatr|Dragon Dance|p2a: Feraligatr\n|-boost|p2a: Feraligatr|atk|1\n|-boost|p2a: Feraligatr|spe|1\n|\n|-heal|p1a: Garchomp|100/100|[from] item: Leftovers\n|upkeep\n|turn|6\n|\n|t:|1776587305\n|detailschange|p2a: Feraligatr|Feraligatr-Mega, L50, F\n|-mega|p2a: Feraligatr|Feraligatr|Feraligite\n|move|p2a: Feraligatr|Thrash|p1a: Garchomp\n|-supereffective|p1a: Garchomp|1\n|-damage|p1a: Garchomp|0 fnt\n|-damage|p2a: Feraligatr|12/100|[from] ability: Rough Skin|[of] p1a: Garchomp\n|faint|p1a: Garchomp\n|\n|upkeep\n|\n|t:|1776587314\n|switch|p1a: Espathra|Espathra, L50, M|16/100\n|turn|7\n|\n|t:|1776587319\n|move|p1a: Espathra|Protect|p1a: Espathra\n|-singleturn|p1a: Espathra|Protect\n|move|p2a: Feraligatr|Thrash|p1a: Espathra|[from] lockedmove\n|-activate|p1a: Espathra|move: Protect\n|-start|p2a: Feraligatr|confusion|[fatigue]\n|\n|-ability|p1a: Espathra|Speed Boost|boost\n|-boost|p1a: Espathra|spe|1\n|upkeep\n|turn|8\n|\n|t:|1776587329\n|-activate|p2a: Feraligatr|confusion\n|-damage|p2a: Feraligatr|0 fnt|[from] confusion\n|faint|p2a: Feraligatr\n|move|p1a: Espathra|Lumina Crash|p2: Feraligatr|[notarget]\n|-fail|p1a: Espathra\n|\n|-ability|p1a: Espathra|Speed Boost|boost\n|-boost|p1a: Espathra|spe|1\n|upkeep\n|\n|t:|1776587331\n|switch|p2a: Clefable|Clefable, L50, F|100/100\n|turn|9\n|-message|asasdfaf forfeited.\n|\n|win|toriware\n|raw|toriware's rating: 1233 &rarr; <strong>1262</strong><br />(+29 for winning)\n|raw|asasdfaf's rating: 1289 &rarr; <strong>1260</strong><br />(-29 for losing)\n|l|\u2606asasdfaf\n|player|p2|\n",
  "uploadtime": 1776587401,
  "views": 8,
  "formatid": "gen9championsbssregma",
  "rating": 1260,
  "private": 0,
  "password": null
}