{
  "id": "gen9championsbssregma-2584018499",
  "format": "[Gen 9 Champions] BSS Reg M-A",
  "players": [
    "Ineedaonetype",
    "Krjunior758"
  ],
  "log": "|j|\u2606Ineedaonetype\n|j|\u2606Krjunior758\n|t:|1776217249\n|gametype|singles\n|player|p1|Ineedaonetype|169|1223\n|player|p2|Krjunior758|102|1174\n|gen|9\n|tier|[Gen 9 Champions] BSS Reg M-A\n|rated|\n|rule|Species Clause: Limit one of each Pok\u00e9mon\n|rule|Item Clause: Limit 1 of each item\n|clearpoke\n|poke|p1|Pelipper, L50, M|\n|poke|p1|Archaludon, L50, F|\n|poke|p1|Basculegion, L50, M|\n|poke|p1|Charizard, L50, M|\n|poke|p1|Rotom-Wash, L50|\n|poke|p1|Lopunny, L50, M|\n|poke|p2|Gardevoir, L50, F|\n|poke|p2|Corviknight, L50, M|\n|poke|p2|Primarina, L50, M|\n|poke|p2|Kingambit, L50, M|\n|poke|p2|Garchomp, L50, F|\n|poke|p2|Charizard, L50, F|\n|teampreview|3\n|\n|t:|1776217302\n|teamsize|p1|3\n|teamsize|p2|3\n|start\n|switch|p1a: Lopunny|Lopunny, L50, M|100/100\n|switch|p2a: Charizard|Charizard, L50, F|100/100\n|turn|1\n|\n|t:|1776217319\n|detailschange|p1a: Lopunny|Lopunny-Mega, L50, M\n|-mega|p1a: Lopunny|Lopunny|Lopunnite\n|move|p1a: Lopunny|Fake Out|p2a: Charizard\n|-damage|p2a: Charizard|70/100\n|cant|p2a: Charizard|flinch\n|\n|upkeep\n|turn|2\n|\n|t:|1776217339\n|move|p1a: Lopunny|U-turn|p2a: Charizard\n|-resisted|p2a: Charizard|2\n|-damage|p2a: Charizard|60/100\n|\n|t:|1776217346\n|switch|p1a: Rotom|Rotom-Wash, L50|100/100|[from] U-turn\n|move|p2a: Charizard|Flamethrower|p1a: Rotom\n|-resisted|p1a: Rotom|1\n|-damage|p1a: Rotom|77/100\n|\n|upkeep\n|turn|3\n|\n|t:|1776217366\n|move|p2a: Charizard|Scorching Sands|p1a: Rotom\n|-immune|p1a: Rotom|[from] ability: Levitate\n|move|p1a: Rotom|Thunderbolt|p2a: Charizard\n|-supereffective|p2a: Charizard|1\n|-damage|p2a: Charizard|0 fnt\n|faint|p2a: Charizard\n|\n|upkeep\n|\n|t:|1776217378\n|switch|p2a: Gardevoir|Gardevoir, L50, F|100/100\n|-ability|p2a: Gardevoir|Levitate|Trace|[from] ability: Trace|[of] p1a: Rotom\n|turn|4\n|\n|t:|1776217388\n|detailschange|p2a: Gardevoir|Gardevoir-Mega, L50, F\n|-mega|p2a: Gardevoir|Gardevoir|Gardevoirite\n|move|p2a: Gardevoir|Calm Mind|p2a: Gardevoir\n|-boost|p2a: Gardevoir|spa|1\n|-boost|p2a: Gardevoir|spd|1\n|move|p1a: Rotom|Pain Split|p2a: Gardevoir\n|-sethp|p2a: Gardevoir|84/100|[from] move: Pain Split|[silent]\n|-sethp|p1a: Rotom|94/100|[from] move: Pain Split\n|\n|upkeep\n|turn|5\n|\n|t:|1776217399\n|move|p2a: Gardevoir|Hyper Voice|p1a: Rotom\n|-damage|p1a: Rotom|0 fnt\n|faint|p1a: Rotom\n|\n|upkeep\n|\n|t:|1776217425\n|switch|p1a: Archaludon|Archaludon, L50, F|100/100\n|turn|6\n|j| p74\n|\n|t:|1776217436\n|move|p2a: Gardevoir|Hyper Voice|p1a: Archaludon\n|-ability|p1a: Archaludon|Sturdy\n|-damage|p1a: Archaludon|1/100\n|move|p1a: Archaludon|Mirror Coat|p2a: Gardevoir\n|-damage|p2a: Gardevoir|0 fnt\n|faint|p2a: Gardevoir\n|\n|upkeep\n|\n|t:|1776217448\n|switch|p2a: Kingambit|Kingambit, L50, M|100/100\n|turn|7\n|\n|t:|1776217452\n|move|p2a: Kingambit|Sucker Punch|p1a: Archaludon\n|-damage|p1a: Archaludon|0 fnt\n|faint|p1a: Archaludon\n|\n|upkeep\n|\n|t:|1776217453\n|switch|p1a: Lopunny|Lopunny-Mega, L50, M|100/100\n|turn|8\n|\n|t:|1776217463\n|move|p1a: Lopunny|Fake Out|p2a: Kingambit\n|-resisted|p2a: Kingambit|1\n|-damage|p2a: Kingambit|93/100\n|cant|p2a: Kingambit|flinch\n|\n|upkeep\n|turn|9\n|\n|t:|1776217466\n|move|p1a: Lopunny|Close Combat|p2a: Kingambit\n|-supereffective|p2a: Kingambit|2\n|-damage|p2a: Kingambit|0 fnt\n|-unboost|p1a: Lopunny|def|1\n|-unboost|p1a: Lopunny|spd|1\n|faint|p2a: Kingambit\n|\n|win|Ineedaonetype\n|raw|Ineedaonetype's rating: 1223 &rarr; <strong>1244</strong><br />(+21 for winning)\n|raw|Krjunior758's rating: 1174 &rarr; <strong>1153</strong><br />(-21 for losing)\n|l|\u2606Krjunior758\n|player|p2|\n|l|\u2606Ineedaonetype\n|player|p1|\n|j|\u2606Ineedaonetype\n|player|p1|Ineedaonetype|169|\n",
  "uploadtime": 1776219753,
  "views": 1,
  "formatid": "gen9championsbssregma",
  "rating": 1153,
  "private": 0,
  "password": null
}