{
  "id": "gen9championsbssregma-2581353718",
  "format": "[Gen 9 Champions] BSS Reg M-A",
  "players": [
    "pacmaster000",
    "Z-Star Ultima"
  ],
  "log": "|j|\u2606pacmaster000\n|j|\u2606Z-Star Ultima\n|t:|1775990710\n|gametype|singles\n|player|p1|pacmaster000|scientist-gen4dp|1159\n|player|p2|Z-Star Ultima|2|1156\n|gen|9\n|tier|[Gen 9 Champions] BSS Reg M-A\n|rated|\n|rule|Species Clause: Limit one of each Pok\u00e9mon\n|rule|Item Clause: Limit 1 of each item\n|clearpoke\n|poke|p1|Sinistcha, L50|\n|poke|p1|Froslass, L50, F|\n|poke|p1|Rotom-Wash, L50|\n|poke|p1|Garchomp, L50, M|\n|poke|p1|Kingambit, L50, M|\n|poke|p1|Mimikyu, L50, F|\n|poke|p2|Charizard, L50, F|\n|poke|p2|Rotom-Wash, L50|\n|poke|p2|Meowscarada, L50, F|\n|poke|p2|Hippowdon, L50, F|\n|poke|p2|Hydreigon, L50, F|\n|poke|p2|Kingambit, L50, M|\n|teampreview|3\n|inactive|Battle timer is ON: inactive players will automatically lose when time's up. (requested by Z-Star Ultima)\n|\n|t:|1775990755\n|teamsize|p1|3\n|teamsize|p2|3\n|start\n|switch|p1a: Rotom|Rotom-Wash, L50|100/100\n|switch|p2a: Meowscarada|Meowscarada, L50, F|100/100\n|turn|1\n|\n|t:|1775990763\n|move|p2a: Meowscarada|Flower Trick|p1a: Rotom\n|-supereffective|p1a: Rotom|1\n|-crit|p1a: Rotom\n|-damage|p1a: Rotom|15/100\n|move|p1a: Rotom|Will-O-Wisp|p2a: Meowscarada\n|-status|p2a: Meowscarada|brn\n|\n|-heal|p1a: Rotom|21/100|[from] item: Leftovers\n|-damage|p2a: Meowscarada|95/100 brn|[from] brn\n|upkeep\n|turn|2\n|\n|t:|1775990770\n|move|p1a: Rotom|Protect|p1a: Rotom\n|-singleturn|p1a: Rotom|Protect\n|move|p2a: Meowscarada|Flower Trick|p1a: Rotom\n|-activate|p1a: Rotom|move: Protect\n|\n|-heal|p1a: Rotom|27/100|[from] item: Leftovers\n|-damage|p2a: Meowscarada|89/100 brn|[from] brn\n|upkeep\n|turn|3\n|\n|t:|1775990777\n|switch|p1a: Sinistcha|Sinistcha, L50|100/100\n|move|p2a: Meowscarada|Flower Trick|p1a: Sinistcha\n|-resisted|p1a: Sinistcha|1\n|-crit|p1a: Sinistcha\n|-damage|p1a: Sinistcha|92/100\n|\n|-damage|p2a: Meowscarada|83/100 brn|[from] brn\n|upkeep\n|turn|4\n|\n|t:|1775990784\n|move|p2a: Meowscarada|Taunt|p1a: Sinistcha\n|-start|p1a: Sinistcha|move: Taunt\n|cant|p1a: Sinistcha|move: Taunt|Calm Mind\n|\n|-damage|p2a: Meowscarada|77/100 brn|[from] brn\n|upkeep\n|turn|5\n|\n|t:|1775990795\n|move|p2a: Meowscarada|Knock Off|p1a: Sinistcha\n|-supereffective|p1a: Sinistcha|1\n|-enditem|p1a: Sinistcha|Colbur Berry|[eat]\n|-enditem|p1a: Sinistcha|Colbur Berry|[weaken]\n|-damage|p1a: Sinistcha|75/100\n|move|p1a: Sinistcha|Shadow Ball|p2a: Meowscarada\n|-resisted|p2a: Meowscarada|1\n|-damage|p2a: Meowscarada|51/100 brn\n|\n|-damage|p2a: Meowscarada|46/100 brn|[from] brn\n|upkeep\n|turn|6\n|\n|t:|1775990803\n|move|p2a: Meowscarada|Knock Off|p1a: Sinistcha\n|-supereffective|p1a: Sinistcha|1\n|-damage|p1a: Sinistcha|53/100\n|move|p1a: Sinistcha|Matcha Gotcha|p2a: Meowscarada\n|-resisted|p2a: Meowscarada|1\n|-damage|p2a: Meowscarada|22/100 brn\n|-heal|p1a: Sinistcha|63/100|[from] drain|[of] p2a: Meowscarada\n|\n|-damage|p2a: Meowscarada|16/100 brn|[from] brn\n|-end|p1a: Sinistcha|move: Taunt\n|upkeep\n|turn|7\n|\n|t:|1775990811\n|move|p2a: Meowscarada|Taunt|p1a: Sinistcha\n|-start|p1a: Sinistcha|move: Taunt\n|cant|p1a: Sinistcha|move: Taunt|Calm Mind\n|\n|-damage|p2a: Meowscarada|10/100 brn|[from] brn\n|upkeep\n|turn|8\n|\n|t:|1775990816\n|move|p2a: Meowscarada|Knock Off|p1a: Sinistcha\n|-supereffective|p1a: Sinistcha|1\n|-damage|p1a: Sinistcha|39/100\n|move|p1a: Sinistcha|Matcha Gotcha|p2a: Meowscarada\n|-resisted|p2a: Meowscarada|1\n|-damage|p2a: Meowscarada|0 fnt\n|-heal|p1a: Sinistcha|44/100|[from] drain|[of] p2a: Meowscarada\n|faint|p2a: Meowscarada\n|\n|upkeep\n|\n|t:|1775990823\n|switch|p2a: Charizard|Charizard, L50, F|100/100\n|turn|9\n|\n|t:|1775990833\n|switch|p1a: Rotom|Rotom-Wash, L50|27/100\n|detailschange|p2a: Charizard|Charizard-Mega-X, L50, F\n|-mega|p2a: Charizard|Charizard|Charizardite X\n|move|p2a: Charizard|Flame Charge|p1a: Rotom\n|-resisted|p1a: Rotom|1\n|-damage|p1a: Rotom|11/100\n|-boost|p2a: Charizard|spe|1\n|\n|-heal|p1a: Rotom|16/100|[from] item: Leftovers\n|upkeep\n|turn|10\n|\n|t:|1775990850\n|move|p1a: Rotom|Protect|p1a: Rotom\n|-singleturn|p1a: Rotom|Protect\n|move|p2a: Charizard|Flare Blitz|p1a: Rotom\n|-activate|p1a: Rotom|move: Protect\n|\n|-heal|p1a: Rotom|22/100|[from] item: Leftovers\n|upkeep\n|turn|11\n|\n|t:|1775990855\n|move|p2a: Charizard|Outrage|p1a: Rotom\n|-damage|p1a: Rotom|0 fnt\n|faint|p1a: Rotom\n|\n|upkeep\n|\n|t:|1775990859\n|switch|p1a: Froslass|Froslass, L50, F|100/100\n|turn|12\n|\n|t:|1775990868\n|detailschange|p1a: Froslass|Froslass-Mega, L50, F\n|-mega|p1a: Froslass|Froslass|Froslassite\n|-weather|Snowscape|[from] ability: Snow Warning|[of] p1a: Froslass\n|move|p2a: Charizard|Outrage|p1a: Froslass|[from] lockedmove\n|-damage|p1a: Froslass|11/100\n|-start|p2a: Charizard|confusion|[fatigue]\n|move|p1a: Froslass|Destiny Bond|p1a: Froslass\n|-singlemove|p1a: Froslass|Destiny Bond\n|\n|-weather|Snowscape|[upkeep]\n|upkeep\n|turn|13\n|\n|t:|1775990879\n|-activate|p2a: Charizard|confusion\n|move|p2a: Charizard|Dragon Dance|p2a: Charizard\n|-boost|p2a: Charizard|atk|1\n|-boost|p2a: Charizard|spe|1\n|move|p1a: Froslass|Blizzard|p2a: Charizard\n|-damage|p2a: Charizard|25/100\n|\n|-weather|Snowscape|[upkeep]\n|upkeep\n|turn|14\n|\n|t:|1775990887\n|-activate|p2a: Charizard|confusion\n|-damage|p2a: Charizard|0 fnt|[from] confusion\n|faint|p2a: Charizard\n|move|p1a: Froslass|Blizzard|p2: Charizard|[notarget]\n|-fail|p1a: Froslass\n|\n|-weather|Snowscape|[upkeep]\n|upkeep\n|\n|t:|1775990889\n|switch|p2a: Hippowdon|Hippowdon, L50, F|100/100\n|-weather|Sandstorm|[from] ability: Sand Stream|[of] p2a: Hippowdon\n|turn|15\n|\n|t:|1775990897\n|move|p1a: Froslass|Destiny Bond|p1a: Froslass\n|-singlemove|p1a: Froslass|Destiny Bond\n|move|p2a: Hippowdon|Slack Off||[still]\n|-fail|p2a: Hippowdon|heal\n|\n|-weather|Sandstorm|[upkeep]\n|-damage|p1a: Froslass|5/100|[from] Sandstorm\n|upkeep\n|turn|16\n|\n|t:|1775990902\n|move|p1a: Froslass|Blizzard|p2a: Hippowdon\n|-supereffective|p2a: Hippowdon|1\n|-damage|p2a: Hippowdon|0 fnt\n|faint|p2a: Hippowdon\n|\n|win|pacmaster000\n|raw|pacmaster000's rating: 1159 &rarr; <strong>1184</strong><br />(+25 for winning)\n|raw|Z-Star Ultima's rating: 1156 &rarr; <strong>1131</strong><br />(-25 for losing)\n",
  "uploadtime": 1775990905,
  "views": 9,
  "formatid": "gen9championsbssregma",
  "rating": 1131,
  "private": 0,
  "password": null
}