{
  "id": "gen9championsbssregma-2583097099",
  "format": "[Gen 9 Champions] BSS Reg M-A",
  "players": [
    "cyberapoteose",
    "lstdddsb"
  ],
  "log": "|j|\u2606cyberapoteose\n|j|\u2606lstdddsb\n|t:|1776141628\n|gametype|singles\n|player|p1|cyberapoteose|2|1192\n|player|p2|lstdddsb|riley|1323\n|gen|9\n|tier|[Gen 9 Champions] BSS Reg M-A\n|rated|\n|rule|Species Clause: Limit one of each Pok\u00e9mon\n|rule|Item Clause: Limit 1 of each item\n|clearpoke\n|poke|p1|Snorlax, L50, F|\n|poke|p1|Arbok, L50, M|\n|poke|p1|Clawitzer, L50, F|\n|poke|p1|Arcanine, L50, M|\n|poke|p1|Alakazam, L50, M|\n|poke|p1|Greninja-*, L50, M|\n|poke|p2|Gallade, L50, M|\n|poke|p2|Hydreigon, L50, M|\n|poke|p2|Mimikyu, L50, M|\n|poke|p2|Clefable, L50, M|\n|poke|p2|Volcarona, L50, F|\n|poke|p2|Venusaur, L50, M|\n|teampreview|3\n|inactive|Battle timer is ON: inactive players will automatically lose when time's up. (requested by lstdddsb)\n|inactive|cyberapoteose has 60 seconds left.\n|inactive|lstdddsb has 60 seconds left.\n|\n|t:|1776141678\n|teamsize|p1|3\n|teamsize|p2|3\n|start\n|switch|p1a: Arbok|Arbok, L50, M|100/100\n|switch|p2a: Venusaur|Venusaur, L50, M|100/100\n|-ability|p1a: Arbok|Intimidate|boost\n|-unboost|p2a: Venusaur|atk|1\n|turn|1\n|\n|t:|1776141687\n|detailschange|p2a: Venusaur|Venusaur-Mega, L50, M\n|-mega|p2a: Venusaur|Venusaur|Venusaurite\n|move|p1a: Arbok|Gunk Shot|p2a: Venusaur\n|-damage|p2a: Venusaur|73/100\n|move|p2a: Venusaur|Leech Seed|p1a: Arbok\n|-start|p1a: Arbok|move: Leech Seed\n|\n|-damage|p1a: Arbok|89/100|[from] Leech Seed|[of] p2a: Venusaur\n|-heal|p2a: Venusaur|84/100|[silent]\n|upkeep\n|turn|2\n|\n|t:|1776141698\n|switch|p1a: Arch|Arcanine, L50, M|100/100\n|-ability|p1a: Arch|Intimidate|boost\n|-unboost|p2a: Venusaur|atk|1\n|move|p2a: Venusaur|Earth Power|p1a: Arch\n|-supereffective|p1a: Arch|1\n|-crit|p1a: Arch\n|-damage|p1a: Arch|9/100\n|\n|upkeep\n|turn|3\n|\n|t:|1776141706\n|move|p1a: Arch|Flare Blitz|p2a: Venusaur\n|-supereffective|p2a: Venusaur|1\n|-damage|p2a: Venusaur|35/100\n|-damage|p1a: Arch|0 fnt|[from] Recoil\n|faint|p1a: Arch\n|move|p2a: Venusaur|Leech Seed|p1: Arch|[notarget]\n|-fail|p2a: Venusaur\n|\n|upkeep\n|\n|t:|1776141718\n|switch|p1a: Arbok|Arbok, L50, M|89/100\n|-ability|p1a: Arbok|Intimidate|boost\n|-unboost|p2a: Venusaur|atk|1\n|turn|4\n|\n|t:|1776141724\n|move|p1a: Arbok|Gunk Shot|p2a: Venusaur|[miss]\n|-miss|p1a: Arbok|p2a: Venusaur\n|move|p2a: Venusaur|Synthesis|p2a: Venusaur\n|-heal|p2a: Venusaur|84/100\n|\n|upkeep\n|turn|5\n|\n|t:|1776141731\n|move|p1a: Arbok|Gunk Shot|p2a: Venusaur\n|-damage|p2a: Venusaur|53/100\n|move|p2a: Venusaur|Leech Seed|p1a: Arbok\n|-start|p1a: Arbok|move: Leech Seed\n|\n|-damage|p1a: Arbok|77/100|[from] Leech Seed|[of] p2a: Venusaur\n|-heal|p2a: Venusaur|64/100|[silent]\n|upkeep\n|turn|6\n|\n|t:|1776141739\n|switch|p1a: Greninja|Greninja, L50, M|100/100\n|move|p2a: Venusaur|Earth Power|p1a: Greninja\n|-damage|p1a: Greninja|59/100\n|\n|upkeep\n|turn|7\n|\n|t:|1776141747\n|switch|p2a: Hydreigon|Hydreigon, L50, M|100/100\n|detailschange|p1a: Greninja|Greninja-Mega, L50, M\n|-mega|p1a: Greninja|Greninja|Greninjite\n|move|p1a: Greninja|Gunk Shot|p2a: Hydreigon\n|-start|p1a: Greninja|typechange|Poison|[from] ability: Protean\n|-damage|p2a: Hydreigon|29/100\n|\n|upkeep\n|turn|8\n|\n|t:|1776141758\n|move|p2a: Hydreigon|Draco Meteor|p1a: Greninja\n|-damage|p1a: Greninja|0 fnt\n|-unboost|p2a: Hydreigon|spa|2\n|faint|p1a: Greninja\n|\n|upkeep\n|\n|t:|1776141763\n|switch|p1a: Arbok|Arbok, L50, M|77/100\n|-ability|p1a: Arbok|Intimidate|boost\n|-unboost|p2a: Hydreigon|atk|1\n|turn|9\n|\n|t:|1776141771\n|move|p2a: Hydreigon|Draco Meteor|p1a: Arbok\n|-damage|p1a: Arbok|29/100\n|-unboost|p2a: Hydreigon|spa|2\n|-enditem|p1a: Arbok|Sitrus Berry|[eat]\n|-heal|p1a: Arbok|54/100|[from] item: Sitrus Berry\n|move|p1a: Arbok|Dragon Tail|p2a: Hydreigon\n|-supereffective|p2a: Hydreigon|1\n|-damage|p2a: Hydreigon|0 fnt\n|faint|p2a: Hydreigon\n|\n|upkeep\n|\n|t:|1776141782\n|switch|p2a: Venusaur|Venusaur-Mega, L50, M|64/100\n|turn|10\n|\n|t:|1776141787\n|move|p1a: Arbok|Gunk Shot|p2a: Venusaur\n|-damage|p2a: Venusaur|32/100\n|move|p2a: Venusaur|Leech Seed|p1a: Arbok\n|-start|p1a: Arbok|move: Leech Seed\n|\n|-damage|p1a: Arbok|42/100|[from] Leech Seed|[of] p2a: Venusaur\n|-heal|p2a: Venusaur|43/100|[silent]\n|upkeep\n|turn|11\n|j| p74\n|\n|t:|1776141795\n|move|p1a: Arbok|Gunk Shot|p2a: Venusaur\n|-damage|p2a: Venusaur|12/100\n|move|p2a: Venusaur|Synthesis|p2a: Venusaur\n|-heal|p2a: Venusaur|62/100\n|\n|-damage|p1a: Arbok|30/100|[from] Leech Seed|[of] p2a: Venusaur\n|-heal|p2a: Venusaur|73/100|[silent]\n|upkeep\n|turn|12\n|\n|t:|1776141804\n|move|p1a: Arbok|Gunk Shot|p2a: Venusaur\n|-damage|p2a: Venusaur|42/100\n|move|p2a: Venusaur|Earth Power|p1a: Arbok\n|-supereffective|p1a: Arbok|1\n|-damage|p1a: Arbok|0 fnt\n|faint|p1a: Arbok\n|\n|win|lstdddsb\n|raw|cyberapoteose's rating: 1192 &rarr; <strong>1176</strong><br />(-16 for losing)\n|raw|lstdddsb's rating: 1323 &rarr; <strong>1336</strong><br />(+13 for winning)\n|l|\u2606cyberapoteose\n|player|p1|\n|l|\u2606lstdddsb\n|player|p2|\n",
  "uploadtime": 1776141827,
  "views": 3,
  "formatid": "gen9championsbssregma",
  "rating": 1176,
  "private": 0,
  "password": null
}