{
  "id": "gen9championsbssregma-2586731366",
  "format": "[Gen 9 Champions] BSS Reg M-A",
  "players": [
    "123heyhey123",
    "RobinOfYlisse"
  ],
  "log": "|j|\u2606123heyhey123\n|j|\u2606RobinOfYlisse\n|t:|1776455520\n|gametype|singles\n|player|p1|123heyhey123|265|1014\n|player|p2|RobinOfYlisse|leaf-masters|1111\n|gen|9\n|tier|[Gen 9 Champions] BSS Reg M-A\n|rated|\n|rule|Species Clause: Limit one of each Pok\u00e9mon\n|rule|Item Clause: Limit 1 of each item\n|clearpoke\n|poke|p1|Gengar, L50, M|\n|poke|p1|Archaludon, L50, M|\n|poke|p1|Primarina, L50, M|\n|poke|p1|Ceruledge, L50, F|\n|poke|p1|Dragonite, L50, M|\n|poke|p1|Meowscarada, L50, F|\n|poke|p2|Tyranitar, L50, M|\n|poke|p2|Vaporeon, L50, M|\n|poke|p2|Gardevoir, L50, F|\n|poke|p2|Meowscarada, L50, M|\n|poke|p2|Weavile, L50, F|\n|poke|p2|Excadrill, L50, M|\n|teampreview|3\n|c|\u2606RobinOfYlisse|glhf\n|\n|t:|1776455535\n|teamsize|p1|3\n|teamsize|p2|3\n|start\n|switch|p1a: Gengar|Gengar, L50, M|100/100\n|switch|p2a: Vaporeon|Vaporeon, L50, M|100/100\n|turn|1\n|\n|t:|1776455572\n|detailschange|p1a: Gengar|Gengar-Mega, L50, M\n|-mega|p1a: Gengar|Gengar|Gengarite\n|move|p1a: Gengar|Shadow Ball|p2a: Vaporeon\n|-damage|p2a: Vaporeon|63/100\n|-unboost|p2a: Vaporeon|spd|1\n|move|p2a: Vaporeon|Calm Mind|p2a: Vaporeon\n|-boost|p2a: Vaporeon|spa|1\n|-boost|p2a: Vaporeon|spd|1\n|\n|upkeep\n|turn|2\n|-activate|p2a: Vaporeon|item: Quick Claw\n|\n|t:|1776455585\n|move|p2a: Vaporeon|Calm Mind|p2a: Vaporeon\n|-boost|p2a: Vaporeon|spa|1\n|-boost|p2a: Vaporeon|spd|1\n|move|p1a: Gengar|Knock Off|p2a: Vaporeon\n|-damage|p2a: Vaporeon|52/100\n|-enditem|p2a: Vaporeon|Quick Claw|[from] move: Knock Off|[of] p1a: Gengar\n|\n|upkeep\n|turn|3\n|\n|t:|1776455605\n|move|p1a: Gengar|Sludge Bomb|p2a: Vaporeon\n|-damage|p2a: Vaporeon|24/100\n|move|p2a: Vaporeon|Baton Pass|p2a: Vaporeon\n|\n|t:|1776455613\n|switch|p2a: Gardevoir|Gardevoir, L50, F, shiny|100/100|[from] Baton Pass\n|-ability|p2a: Gardevoir|Shadow Tag|Trace|[from] ability: Trace|[of] p1a: Gengar\n|\n|upkeep\n|turn|4\n|\n|t:|1776455626\n|move|p1a: Gengar|Sludge Bomb|p2a: Gardevoir\n|-supereffective|p2a: Gardevoir|1\n|-damage|p2a: Gardevoir|24/100\n|move|p2a: Gardevoir|Psychic|p1a: Gengar\n|-supereffective|p1a: Gengar|1\n|-damage|p1a: Gengar|0 fnt\n|faint|p1a: Gengar\n|\n|-heal|p2a: Gardevoir|30/100|[from] item: Leftovers\n|upkeep\n|\n|t:|1776455638\n|switch|p1a: Dragonite|Dragonite, L50, M|100/100\n|turn|5\n|\n|t:|1776455649\n|move|p1a: Dragonite|Extreme Speed|p2a: Gardevoir\n|-damage|p2a: Gardevoir|0 fnt\n|faint|p2a: Gardevoir\n|\n|upkeep\n|\n|t:|1776455652\n|switch|p2a: Tyranitar|Tyranitar, L50, M|100/100\n|-weather|Sandstorm|[from] ability: Sand Stream|[of] p2a: Tyranitar\n|turn|6\n|\n|t:|1776455663\n|detailschange|p2a: Tyranitar|Tyranitar-Mega, L50, M\n|-mega|p2a: Tyranitar|Tyranitar|Tyranitarite\n|move|p1a: Dragonite|Ice Spinner|p2a: Tyranitar\n|-damage|p2a: Tyranitar|79/100\n|move|p2a: Tyranitar|Rock Slide|p1a: Dragonite\n|-supereffective|p1a: Dragonite|1\n|-damage|p1a: Dragonite|0 fnt\n|faint|p1a: Dragonite\n|\n|-weather|Sandstorm|[upkeep]\n|upkeep\n|\n|t:|1776455674\n|switch|p1a: Ceruledge|Ceruledge, L50, F|100/100\n|turn|7\n|\n|t:|1776455681\n|switch|p2a: Vaporeon|Vaporeon, L50, M|24/100\n|move|p1a: Ceruledge|Close Combat|p2a: Vaporeon\n|-damage|p2a: Vaporeon|0 fnt\n|-unboost|p1a: Ceruledge|def|1\n|-unboost|p1a: Ceruledge|spd|1\n|faint|p2a: Vaporeon\n|\n|-weather|Sandstorm|[upkeep]\n|-damage|p1a: Ceruledge|95/100|[from] Sandstorm\n|upkeep\n|\n|t:|1776455683\n|switch|p2a: Tyranitar|Tyranitar-Mega, L50, M|79/100\n|turn|8\n|\n|t:|1776455695\n|move|p1a: Ceruledge|Close Combat|p2a: Tyranitar\n|-supereffective|p2a: Tyranitar|2\n|-damage|p2a: Tyranitar|0 fnt\n|-unboost|p1a: Ceruledge|def|1\n|-unboost|p1a: Ceruledge|spd|1\n|faint|p2a: Tyranitar\n|-heal|p1a: Ceruledge|100/100|[from] item: Shell Bell|[of] p2: Tyranitar\n|\n|win|123heyhey123\n|raw|123heyhey123's rating: 1014 &rarr; <strong>1062</strong><br />(+48 for winning)\n|raw|RobinOfYlisse's rating: 1111 &rarr; <strong>1079</strong><br />(-32 for losing)\n|c|\u2606RobinOfYlisse|gg\n|l|\u2606RobinOfYlisse\n|player|p2|\n|c|\u2606123heyhey123|Gg\n",
  "uploadtime": 1776455732,
  "views": 9,
  "formatid": "gen9championsbssregma",
  "rating": 1062,
  "private": 0,
  "password": null
}