{
  "id": "gen9championsbssregma-2583199828",
  "format": "[Gen 9 Champions] BSS Reg M-A",
  "players": [
    "wjwi",
    "txqz6p"
  ],
  "log": "|j|\u2606wjwi\n|j|\u2606txqz6p\n|t:|1776153938\n|gametype|singles\n|player|p1|wjwi|101|1155\n|player|p2|txqz6p|265|1129\n|gen|9\n|tier|[Gen 9 Champions] BSS Reg M-A\n|rated|\n|rule|Species Clause: Limit one of each Pok\u00e9mon\n|rule|Item Clause: Limit 1 of each item\n|clearpoke\n|poke|p1|Scizor, L50, F|\n|poke|p1|Mimikyu, L50, M|\n|poke|p1|Garchomp, L50, M|\n|poke|p1|Rotom-Wash, L50|\n|poke|p1|Meowscarada, L50, M|\n|poke|p1|Ninetales-Alola, L50, F|\n|poke|p2|Basculegion, L50, M|\n|poke|p2|Dragonite, L50, M|\n|poke|p2|Charizard, L50, M|\n|poke|p2|Archaludon, L50, M|\n|poke|p2|Scizor, L50, F|\n|poke|p2|Greninja-*, L50, M|\n|teampreview|3\n|\n|t:|1776153967\n|teamsize|p1|3\n|teamsize|p2|3\n|start\n|switch|p1a: Meowscarada|Meowscarada, L50, M|100/100\n|switch|p2a: Archaludon|Archaludon, L50, M, shiny|100/100\n|turn|1\n|\n|t:|1776153990\n|move|p1a: Meowscarada|U-turn|p2a: Archaludon\n|-start|p1a: Meowscarada|typechange|Bug|[from] ability: Protean\n|-resisted|p2a: Archaludon|1\n|-damage|p2a: Archaludon|86/100\n|\n|t:|1776153995\n|switch|p1a: Garchomp|Garchomp, L50, M|100/100|[from] U-turn\n|move|p2a: Archaludon|Steel Beam|p1a: Garchomp\n|-damage|p1a: Garchomp|21/100\n|-damage|p2a: Archaludon|36/100|[from] steelbeam\n|\n|upkeep\n|turn|2\n|\n|t:|1776154017\n|move|p1a: Garchomp|Outrage|p2a: Archaludon\n|-damage|p2a: Archaludon|0 fnt\n|faint|p2a: Archaludon\n|\n|upkeep\n|\n|t:|1776154026\n|switch|p2a: Scizor|Scizor, L50, F|100/100\n|turn|3\n|\n|t:|1776154032\n|detailschange|p2a: Scizor|Scizor-Mega, L50, F\n|-mega|p2a: Scizor|Scizor|Scizorite\n|move|p2a: Scizor|Bullet Punch|p1a: Garchomp\n|-damage|p1a: Garchomp|0 fnt\n|-damage|p2a: Scizor|88/100|[from] ability: Rough Skin|[of] p1a: Garchomp\n|faint|p1a: Garchomp\n|\n|upkeep\n|\n|t:|1776154056\n|switch|p1a: Scizor|Scizor, L50, F|100/100\n|turn|4\n|\n|t:|1776154064\n|detailschange|p1a: Scizor|Scizor-Mega, L50, F\n|-mega|p1a: Scizor|Scizor|Scizorite\n|move|p2a: Scizor|Swords Dance|p2a: Scizor\n|-boost|p2a: Scizor|atk|2\n|move|p1a: Scizor|Swords Dance|p1a: Scizor\n|-boost|p1a: Scizor|atk|2\n|\n|upkeep\n|turn|5\n|j| p74\n|\n|t:|1776154073\n|move|p2a: Scizor|Close Combat|p1a: Scizor\n|-damage|p1a: Scizor|20/100\n|-unboost|p2a: Scizor|def|1\n|-unboost|p2a: Scizor|spd|1\n|move|p1a: Scizor|Close Combat|p2a: Scizor\n|-damage|p2a: Scizor|0 fnt\n|-unboost|p1a: Scizor|def|1\n|-unboost|p1a: Scizor|spd|1\n|faint|p2a: Scizor\n|\n|upkeep\n|\n|t:|1776154083\n|switch|p2a: Basculegion|Basculegion, L50, M, shiny|100/100\n|turn|6\n|\n|t:|1776154091\n|move|p1a: Scizor|Bullet Punch|p2a: Basculegion\n|-resisted|p2a: Basculegion|1\n|-damage|p2a: Basculegion|55/100\n|move|p2a: Basculegion|Last Respects|p1a: Scizor\n|-crit|p1a: Scizor\n|-damage|p1a: Scizor|0 fnt\n|faint|p1a: Scizor\n|\n|upkeep\n|\n|t:|1776154100\n|switch|p1a: Meowscarada|Meowscarada, L50, M|100/100\n|turn|7\n|\n|t:|1776154104\n|move|p1a: Meowscarada|Flower Trick|p2a: Basculegion\n|-start|p1a: Meowscarada|typechange|Grass|[from] ability: Protean\n|-supereffective|p2a: Basculegion|1\n|-crit|p2a: Basculegion\n|-damage|p2a: Basculegion|0 fnt\n|faint|p2a: Basculegion\n|\n|win|wjwi\n|raw|wjwi's rating: 1155 &rarr; <strong>1178</strong><br />(+23 for winning)\n|raw|txqz6p's rating: 1129 &rarr; <strong>1106</strong><br />(-23 for losing)\n|l|\u2606wjwi\n|player|p1|\n|l|\u2606txqz6p\n|player|p2|\n",
  "uploadtime": 1776154429,
  "views": 2,
  "formatid": "gen9championsbssregma",
  "rating": 1106,
  "private": 0,
  "password": null
}