{
  "id": "gen9championsbssregma-2587417273",
  "format": "[Gen 9 Champions] BSS Reg M-A",
  "players": [
    "Ym949",
    "king_goiabo"
  ],
  "log": "|j|\u2606Ym949\n|j|\u2606king_goiabo\n|t:|1776530064\n|gametype|singles\n|player|p1|Ym949|acetrainer|1000\n|player|p2|king_goiabo|rood|1079\n|gen|9\n|tier|[Gen 9 Champions] BSS Reg M-A\n|rated|\n|rule|Species Clause: Limit one of each Pok\u00e9mon\n|rule|Item Clause: Limit 1 of each item\n|clearpoke\n|poke|p1|Araquanid, L50, F|\n|poke|p1|Scizor, L50, F|\n|poke|p1|Delphox, L50, F|\n|poke|p1|Diggersby, L50, F|\n|poke|p1|Bellibolt, L50, F|\n|poke|p1|Dragapult, L50, F|\n|poke|p2|Aggron, L50, F, shiny|\n|poke|p2|Aegislash, L50, M, shiny|\n|poke|p2|Arcanine-Hisui, L50, M|\n|poke|p2|Tsareena, L50, F|\n|poke|p2|Gliscor, L50, M|\n|poke|p2|Chimecho, L50, M|\n|teampreview|3\n|inactive|Battle timer is ON: inactive players will automatically lose when time's up. (requested by king_goiabo)\n|\n|t:|1776530088\n|teamsize|p1|3\n|teamsize|p2|3\n|start\n|switch|p1a: Araquanid|Araquanid, L50, F|100/100\n|switch|p2a: Wall|Aggron, L50, F, shiny|100/100\n|turn|1\n|\n|t:|1776530096\n|move|p2a: Wall|Head Smash|p1a: Araquanid\n|-supereffective|p1a: Araquanid|1\n|-damage|p1a: Araquanid|0 fnt\n|faint|p1a: Araquanid\n|-damage|p2a: Wall|51/100|[from] Recoil\n|\n|upkeep\n|\n|t:|1776530098\n|switch|p1a: Scizor|Scizor, L50, F|100/100\n|turn|2\n|\n|t:|1776530102\n|move|p1a: Scizor|Swords Dance|p1a: Scizor\n|-boost|p1a: Scizor|atk|2\n|move|p2a: Wall|Body Press|p1a: Scizor\n|-damage|p1a: Scizor|55/100\n|\n|upkeep\n|turn|3\n|\n|t:|1776530105\n|detailschange|p2a: Wall|Aggron-Mega, L50, F, shiny\n|-mega|p2a: Wall|Aggron|Aggronite\n|move|p1a: Scizor|Bullet Punch|p2a: Wall\n|-resisted|p2a: Wall|1\n|-crit|p2a: Wall\n|-damage|p2a: Wall|30/100\n|move|p2a: Wall|Body Press|p1a: Scizor\n|-damage|p1a: Scizor|3/100\n|\n|upkeep\n|turn|4\n|\n|t:|1776530112\n|move|p1a: Scizor|Close Combat|p2a: Wall\n|-supereffective|p2a: Wall|1\n|-damage|p2a: Wall|0 fnt\n|-unboost|p1a: Scizor|def|1\n|-unboost|p1a: Scizor|spd|1\n|faint|p2a: Wall\n|\n|upkeep\n|\n|t:|1776530117\n|switch|p2a: Chimecho|Chimecho, L50, M|100/100\n|turn|5\n|\n|t:|1776530121\n|move|p1a: Scizor|U-turn|p2a: Chimecho\n|-supereffective|p2a: Chimecho|1\n|-damage|p2a: Chimecho|0 fnt\n|faint|p2a: Chimecho\n|\n|t:|1776530124\n|switch|p1a: Delphox|Delphox, L50, F|100/100|[from] U-turn\n|\n|upkeep\n|\n|t:|1776530125\n|switch|p2a: Arcanine|Arcanine-Hisui, L50, M|100/100\n|-ability|p2a: Arcanine|Intimidate|boost\n|-unboost|p1a: Delphox|atk|1\n|turn|6\n|\n|t:|1776530130\n|detailschange|p1a: Delphox|Delphox-Mega, L50, F\n|-mega|p1a: Delphox|Delphox|Delphoxite\n|move|p1a: Delphox|Focus Blast|p2a: Arcanine\n|-supereffective|p2a: Arcanine|1\n|-damage|p2a: Arcanine|0 fnt\n|faint|p2a: Arcanine\n|\n|win|Ym949\n|raw|Ym949's rating: 1000 &rarr; <strong>1049</strong><br />(+49 for winning)\n|raw|king_goiabo's rating: 1079 &rarr; <strong>1052</strong><br />(-27 for losing)\n|l|\u2606king_goiabo\n|player|p2|\n",
  "uploadtime": 1776530138,
  "views": 7,
  "formatid": "gen9championsbssregma",
  "rating": 1049,
  "private": 0,
  "password": null
}