{
  "id": "gen9championsbssregma-2584382358",
  "format": "[Gen 9 Champions] BSS Reg M-A",
  "players": [
    "asfsrgdfgasd",
    "Mikeflem12326171"
  ],
  "log": "|j|\u2606asfsrgdfgasd\n|j|\u2606Mikeflem12326171\n|t:|1776256666\n|gametype|singles\n|player|p1|asfsrgdfgasd|265|1035\n|player|p2|Mikeflem12326171|colress|1144\n|gen|9\n|tier|[Gen 9 Champions] BSS Reg M-A\n|rated|\n|rule|Species Clause: Limit one of each Pok\u00e9mon\n|rule|Item Clause: Limit 1 of each item\n|clearpoke\n|poke|p1|Meganium, L50, F|\n|poke|p1|Corviknight, L50, F|\n|poke|p1|Tyranitar, L50, F|\n|poke|p1|Sneasler, L50, F|\n|poke|p1|Slowbro, L50, F|\n|poke|p1|Rotom-Heat, L50|\n|poke|p2|Pelipper, L50, M|\n|poke|p2|Greninja-*, L50, M|\n|poke|p2|Basculegion, L50, M|\n|poke|p2|Rotom-Wash, L50|\n|poke|p2|Clefable, L50, M|\n|poke|p2|Lopunny, L50, F|\n|teampreview|3\n|inactive|Battle timer is ON: inactive players will automatically lose when time's up. (requested by asfsrgdfgasd)\n|\n|t:|1776256710\n|teamsize|p1|3\n|teamsize|p2|3\n|start\n|switch|p1a: Meganium|Meganium, L50, F|100/100\n|switch|p2a: Rotom|Rotom-Wash, L50, shiny|100/100\n|turn|1\n|\n|t:|1776256718\n|detailschange|p1a: Meganium|Meganium-Mega, L50, F\n|-mega|p1a: Meganium|Meganium|Meganiumite\n|move|p2a: Rotom|Volt Switch|p1a: Meganium\n|-resisted|p1a: Meganium|1\n|-damage|p1a: Meganium|89/100\n|\n|t:|1776256722\n|switch|p2a: Pelipper|Pelipper, L50, M|100/100|[from] Volt Switch\n|-weather|RainDance|[from] ability: Drizzle|[of] p2a: Pelipper\n|move|p1a: Meganium|Solar Beam||[still]\n|-prepare|p1a: Meganium|Solar Beam\n|-activate|p1a: Meganium|ability: Mega Sol\n|-anim|p1a: Meganium|Solar Beam|p2a: Pelipper\n|-enditem|p2a: Pelipper|Focus Sash\n|-damage|p2a: Pelipper|1/100\n|\n|-weather|RainDance|[upkeep]\n|upkeep\n|turn|2\n|\n|t:|1776256732\n|switch|p1a: Slowbro|Slowbro, L50, F|100/100\n|move|p2a: Pelipper|Hurricane|p1a: Slowbro\n|-damage|p1a: Slowbro|51/100\n|\n|-weather|RainDance|[upkeep]\n|upkeep\n|turn|3\n|\n|t:|1776256743\n|move|p2a: Pelipper|U-turn|p1a: Slowbro\n|-supereffective|p1a: Slowbro|1\n|-damage|p1a: Slowbro|40/100\n|-enditem|p1a: Slowbro|Sitrus Berry|[eat]\n|-heal|p1a: Slowbro|65/100|[from] item: Sitrus Berry\n|\n|t:|1776256747\n|switch|p2a: Rotom|Rotom-Wash, L50, shiny|100/100|[from] U-turn\n|move|p1a: Slowbro|Psychic|p2a: Rotom\n|-damage|p2a: Rotom|70/100\n|\n|-weather|RainDance|[upkeep]\n|upkeep\n|turn|4\n|\n|t:|1776256754\n|switch|p1a: Meganium|Meganium-Mega, L50, F|89/100\n|move|p2a: Rotom|Volt Switch|p1a: Meganium\n|-resisted|p1a: Meganium|1\n|-damage|p1a: Meganium|78/100\n|\n|t:|1776256757\n|switch|p2a: Pelipper|Pelipper, L50, M|1/100|[from] Volt Switch\n|\n|-weather|RainDance|[upkeep]\n|upkeep\n|turn|5\n|\n|t:|1776256761\n|switch|p1a: Slowbro|Slowbro, L50, F|98/100\n|move|p2a: Pelipper|Hurricane|p1a: Slowbro\n|-damage|p1a: Slowbro|49/100\n|\n|-weather|none\n|upkeep\n|turn|6\n|\n|t:|1776256773\n|move|p2a: Pelipper|U-turn|p1a: Slowbro\n|-supereffective|p1a: Slowbro|1\n|-damage|p1a: Slowbro|37/100\n|\n|t:|1776256775\n|switch|p2a: Rotom|Rotom-Wash, L50, shiny|70/100|[from] U-turn\n|move|p1a: Slowbro|Slack Off|p1a: Slowbro\n|-heal|p1a: Slowbro|87/100\n|\n|upkeep\n|turn|7\n|\n|t:|1776256785\n|move|p2a: Rotom|Will-O-Wisp|p1a: Slowbro\n|-status|p1a: Slowbro|brn\n|move|p1a: Slowbro|Psychic|p2a: Rotom\n|-damage|p2a: Rotom|41/100\n|-enditem|p2a: Rotom|Sitrus Berry|[eat]\n|-heal|p2a: Rotom|66/100|[from] item: Sitrus Berry\n|\n|-damage|p1a: Slowbro|81/100 brn|[from] brn\n|upkeep\n|turn|8\n|\n|t:|1776256793\n|move|p2a: Rotom|Pain Split|p1a: Slowbro\n|-sethp|p1a: Slowbro|66/100 brn|[from] move: Pain Split|[silent]\n|-sethp|p2a: Rotom|85/100|[from] move: Pain Split\n|move|p1a: Slowbro|Slack Off|p1a: Slowbro\n|-heal|p1a: Slowbro|100/100 brn\n|\n|-damage|p1a: Slowbro|95/100 brn|[from] brn\n|upkeep\n|turn|9\n|\n|t:|1776256800\n|move|p2a: Rotom|Pain Split|p1a: Slowbro\n|-sethp|p1a: Slowbro|80/100 brn|[from] move: Pain Split|[silent]\n|-sethp|p2a: Rotom|100/100|[from] move: Pain Split\n|move|p1a: Slowbro|Psychic|p2a: Rotom\n|-damage|p2a: Rotom|72/100\n|\n|-damage|p1a: Slowbro|74/100 brn|[from] brn\n|upkeep\n|turn|10\n|\n|t:|1776256807\n|move|p2a: Rotom|Pain Split|p1a: Slowbro\n|-sethp|p1a: Slowbro|65/100 brn|[from] move: Pain Split|[silent]\n|-sethp|p2a: Rotom|83/100|[from] move: Pain Split\n|move|p1a: Slowbro|Slack Off|p1a: Slowbro\n|-heal|p1a: Slowbro|100/100 brn\n|\n|-damage|p1a: Slowbro|95/100 brn|[from] brn\n|upkeep\n|turn|11\n|\n|t:|1776256821\n|switch|p1a: Meganium|Meganium-Mega, L50, F|78/100\n|move|p2a: Rotom|Hydro Pump|p1a: Meganium\n|-resisted|p1a: Meganium|1\n|-damage|p1a: Meganium|59/100\n|\n|upkeep\n|turn|12\n|\n|t:|1776256831\n|move|p2a: Rotom|Volt Switch|p1a: Meganium\n|-resisted|p1a: Meganium|1\n|-damage|p1a: Meganium|49/100\n|\n|t:|1776256834\n|switch|p2a: Pelipper|Pelipper, L50, M|1/100|[from] Volt Switch\n|-weather|RainDance|[from] ability: Drizzle|[of] p2a: Pelipper\n|move|p1a: Meganium|Solar Beam||[still]\n|-prepare|p1a: Meganium|Solar Beam\n|-activate|p1a: Meganium|ability: Mega Sol\n|-anim|p1a: Meganium|Solar Beam|p2a: Pelipper\n|-damage|p2a: Pelipper|0 fnt\n|faint|p2a: Pelipper\n|\n|-weather|RainDance|[upkeep]\n|upkeep\n|\n|t:|1776256839\n|switch|p2a: Rotom|Rotom-Wash, L50, shiny|83/100\n|turn|13\n|\n|t:|1776256844\n|move|p2a: Rotom|Will-O-Wisp|p1a: Meganium\n|-status|p1a: Meganium|brn\n|move|p1a: Meganium|Synthesis|p1a: Meganium\n|-heal|p1a: Meganium|100/100 brn\n|\n|-weather|RainDance|[upkeep]\n|-damage|p1a: Meganium|95/100 brn|[from] brn\n|upkeep\n|turn|14\n|\n|t:|1776256849\n|move|p2a: Rotom|Pain Split|p1a: Meganium\n|-sethp|p1a: Meganium|82/100 brn|[from] move: Pain Split|[silent]\n|-sethp|p2a: Rotom|98/100|[from] move: Pain Split\n|move|p1a: Meganium|Solar Beam||[still]\n|-prepare|p1a: Meganium|Solar Beam\n|-activate|p1a: Meganium|ability: Mega Sol\n|-anim|p1a: Meganium|Solar Beam|p2a: Rotom\n|-supereffective|p2a: Rotom|1\n|-damage|p2a: Rotom|0 fnt\n|faint|p2a: Rotom\n|\n|-weather|RainDance|[upkeep]\n|-damage|p1a: Meganium|76/100 brn|[from] brn\n|upkeep\n|\n|t:|1776256852\n|switch|p2a: Basculegion|Basculegion, L50, M|100/100\n|turn|15\n|\n|t:|1776256855\n|move|p2a: Basculegion|Last Respects|p1a: Meganium\n|-damage|p1a: Meganium|0 fnt\n|faint|p1a: Meganium\n|\n|-weather|RainDance|[upkeep]\n|upkeep\n|\n|t:|1776256863\n|switch|p1a: Slowbro|Slowbro, L50, F|100/100 brn\n|turn|16\n|\n|t:|1776256866\n|move|p2a: Basculegion|Last Respects|p1a: Slowbro\n|-supereffective|p1a: Slowbro|1\n|-damage|p1a: Slowbro|0 fnt\n|faint|p1a: Slowbro\n|\n|-weather|none\n|upkeep\n|\n|t:|1776256868\n|switch|p1a: Sneasler|Sneasler, L50, F|100/100\n|-ability|p1a: Sneasler|Pressure\n|turn|17\n|\n|t:|1776256871\n|move|p2a: Basculegion|Last Respects|p1a: Sneasler\n|-crit|p1a: Sneasler\n|-enditem|p1a: Sneasler|Focus Sash\n|-damage|p1a: Sneasler|1/100\n|move|p1a: Sneasler|Dire Claw|p2a: Basculegion\n|-resisted|p2a: Basculegion|1\n|-damage|p2a: Basculegion|74/100\n|-status|p2a: Basculegion|par\n|\n|upkeep\n|turn|18\n|\n|t:|1776256881\n|move|p1a: Sneasler|Dire Claw|p2a: Basculegion\n|-resisted|p2a: Basculegion|1\n|-damage|p2a: Basculegion|48/100 par\n|move|p2a: Basculegion|Last Respects|p1a: Sneasler\n|-damage|p1a: Sneasler|0 fnt\n|faint|p1a: Sneasler\n|\n|win|Mikeflem12326171\n|raw|asfsrgdfgasd's rating: 1035 &rarr; <strong>1024</strong><br />(-11 for losing)\n|raw|Mikeflem12326171's rating: 1144 &rarr; <strong>1161</strong><br />(+17 for winning)\n|l|\u2606asfsrgdfgasd\n|player|p1|\n",
  "uploadtime": 1776256891,
  "views": 2,
  "formatid": "gen9championsbssregma",
  "rating": 1024,
  "private": 0,
  "password": null
}