{
  "id": "gen9championsbssregma-2588869072",
  "format": "[Gen 9 Champions] BSS Reg M-A",
  "players": [
    "jhihihl",
    "Oshawottpoke"
  ],
  "log": "|j|\u2606jhihihl\n|j|\u2606Oshawottpoke\n|t:|1776680575\n|gametype|singles\n|player|p1|jhihihl|bugcatcher-gen4dp|1297\n|player|p2|Oshawottpoke|169|1362\n|gen|9\n|tier|[Gen 9 Champions] BSS Reg M-A\n|rated|\n|rule|Species Clause: Limit one of each Pok\u00e9mon\n|rule|Item Clause: Limit 1 of each item\n|clearpoke\n|poke|p1|Garchomp, L50, M|\n|poke|p1|Gengar, L50, F|\n|poke|p1|Talonflame, L50, F|\n|poke|p1|Hydreigon, L50, M|\n|poke|p1|Mamoswine, L50, M|\n|poke|p1|Kangaskhan, L50, F|\n|poke|p2|Garchomp, L50, M|\n|poke|p2|Floette-Eternal, L50, F|\n|poke|p2|Corviknight, L50, M|\n|poke|p2|Skeledirge, L50, F|\n|poke|p2|Venusaur, L50, F|\n|poke|p2|Kingambit, L50, F|\n|teampreview|3\n|\n|t:|1776680645\n|teamsize|p1|3\n|teamsize|p2|3\n|start\n|switch|p1a: Mamoswine|Mamoswine, L50, M|100/100\n|switch|p2a: Garchomp|Garchomp, L50, M|100/100\n|turn|1\n|\n|t:|1776680651\n|switch|p2a: Corviknight|Corviknight, L50, M|100/100\n|-ability|p2a: Corviknight|Pressure\n|move|p1a: Mamoswine|Icicle Spear|p2a: Corviknight\n|-damage|p2a: Corviknight|93/100\n|-damage|p2a: Corviknight|84/100\n|-damage|p2a: Corviknight|76/100\n|-damage|p2a: Corviknight|67/100\n|-damage|p2a: Corviknight|58/100\n|-hitcount|p2a: Corviknight|5\n|\n|-heal|p2a: Corviknight|64/100|[from] item: Leftovers\n|upkeep\n|turn|2\n|\n|t:|1776680663\n|move|p1a: Mamoswine|Stealth Rock|p2a: Corviknight\n|-sidestart|p2: Oshawottpoke|move: Stealth Rock\n|move|p2a: Corviknight|Roost|p2a: Corviknight\n|-heal|p2a: Corviknight|100/100\n|-singleturn|p2a: Corviknight|move: Roost\n|\n|upkeep\n|turn|3\n|\n|t:|1776680670\n|switch|p1a: Gengar|Gengar, L50, F|100/100\n|move|p2a: Corviknight|U-turn|p1a: Gengar\n|-resisted|p1a: Gengar|2\n|-damage|p1a: Gengar|94/100\n|-start|p2a: Corviknight|Disable|U-turn|[from] ability: Cursed Body|[of] p1a: Gengar\n|\n|t:|1776680675\n|switch|p2a: Garchomp|Garchomp, L50, M|100/100|[from] U-turn\n|-damage|p2a: Garchomp|95/100|[from] Stealth Rock\n|\n|upkeep\n|turn|4\n|\n|t:|1776680680\n|switch|p1a: Mamoswine|Mamoswine, L50, M|100/100\n|move|p2a: Garchomp|Earthquake|p1a: Mamoswine\n|-damage|p1a: Mamoswine|49/100\n|-enditem|p1a: Mamoswine|Sitrus Berry|[eat]\n|-heal|p1a: Mamoswine|74/100|[from] item: Sitrus Berry\n|\n|upkeep\n|turn|5\n|\n|t:|1776680690\n|switch|p2a: Corviknight|Corviknight, L50, M|100/100\n|-damage|p2a: Corviknight|88/100|[from] Stealth Rock\n|-ability|p2a: Corviknight|Pressure\n|move|p1a: Mamoswine|Icicle Spear|p2a: Corviknight\n|-damage|p2a: Corviknight|80/100\n|-damage|p2a: Corviknight|71/100\n|-hitcount|p2a: Corviknight|2\n|\n|-heal|p2a: Corviknight|77/100|[from] item: Leftovers\n|upkeep\n|turn|6\n|\n|t:|1776680700\n|move|p1a: Mamoswine|Icicle Spear|p2a: Corviknight\n|-damage|p2a: Corviknight|69/100\n|-damage|p2a: Corviknight|60/100\n|-damage|p2a: Corviknight|52/100\n|-hitcount|p2a: Corviknight|3\n|move|p2a: Corviknight|U-turn|p1a: Mamoswine\n|-damage|p1a: Mamoswine|62/100\n|\n|t:|1776680707\n|switch|p2a: Floette|Floette-Eternal, L50, F|100/100|[from] U-turn\n|-damage|p2a: Floette|88/100|[from] Stealth Rock\n|\n|upkeep\n|turn|7\n|\n|t:|1776680718\n|switch|p1a: Gengar|Gengar, L50, F|94/100\n|detailschange|p2a: Floette|Floette-Mega, L50, F\n|-mega|p2a: Floette|Floette|Floettite\n|-ability|p2a: Floette|Fairy Aura\n|move|p2a: Floette|Moonblast|p1a: Gengar\n|-resisted|p1a: Gengar|1\n|-damage|p1a: Gengar|36/100\n|\n|upkeep\n|turn|8\n|\n|t:|1776680731\n|switch|p2a: Garchomp|Garchomp, L50, M|95/100\n|-damage|p2a: Garchomp|89/100|[from] Stealth Rock\n|detailschange|p1a: Gengar|Gengar-Mega, L50, F\n|-mega|p1a: Gengar|Gengar|Gengarite\n|move|p1a: Gengar|Icy Wind|p2a: Garchomp\n|-supereffective|p2a: Garchomp|2\n|-damage|p2a: Garchomp|0 fnt\n|faint|p2a: Garchomp\n|\n|upkeep\n|-message|Oshawottpoke forfeited.\n|\n|win|jhihihl\n|raw|jhihihl's rating: 1297 &rarr; <strong>1327</strong><br />(+30 for winning)\n|raw|Oshawottpoke's rating: 1362 &rarr; <strong>1338</strong><br />(-24 for losing)\n|l|\u2606Oshawottpoke\n|player|p2|\n|l|\u2606jhihihl\n|player|p1|\n",
  "uploadtime": 1776680744,
  "views": 0,
  "formatid": "gen9championsbssregma",
  "rating": 1327,
  "private": 0,
  "password": null
}