{
  "id": "gen9championsbssregma-2584920460",
  "format": "[Gen 9 Champions] BSS Reg M-A",
  "players": [
    "diggersboy660",
    "bouvet island"
  ],
  "log": "|j|\u2606diggersboy660\n|j|\u2606bouvet island\n|t:|1776294627\n|gametype|singles\n|player|p1|diggersboy660|n|1420\n|player|p2|bouvet island|kimonogirl|1391\n|gen|9\n|tier|[Gen 9 Champions] BSS Reg M-A\n|rated|\n|rule|Species Clause: Limit one of each Pok\u00e9mon\n|rule|Item Clause: Limit 1 of each item\n|clearpoke\n|poke|p1|Sneasler, L50, M|\n|poke|p1|Aegislash, L50, M|\n|poke|p1|Victreebel, L50, F|\n|poke|p1|Gyarados, L50, M|\n|poke|p1|Diggersby, L50, F|\n|poke|p1|Basculegion, L50, M|\n|poke|p2|Gyarados, L50, M|\n|poke|p2|Excadrill, L50, F|\n|poke|p2|Espathra, L50, F|\n|poke|p2|Kingambit, L50, F|\n|poke|p2|Hippowdon, L50, F|\n|poke|p2|Samurott-Hisui, L50, F|\n|teampreview|3\n|j| p74\n|j| huhyuhyuhyuh\n|\n|t:|1776294658\n|teamsize|p1|3\n|teamsize|p2|3\n|start\n|switch|p1a: Diggersby|Diggersby, L50, F|100/100\n|switch|p2a: Hippowdon|Hippowdon, L50, F|100/100\n|-weather|Sandstorm|[from] ability: Sand Stream|[of] p2a: Hippowdon\n|turn|1\n|\n|t:|1776294663\n|move|p1a: Diggersby|Swords Dance|p1a: Diggersby\n|-boost|p1a: Diggersby|atk|2\n|move|p2a: Hippowdon|Stealth Rock|p1a: Diggersby\n|-sidestart|p1: diggersboy660|move: Stealth Rock\n|\n|-weather|Sandstorm|[upkeep]\n|upkeep\n|turn|2\n|\n|t:|1776294666\n|move|p1a: Diggersby|Earthquake|p2a: Hippowdon\n|-damage|p2a: Hippowdon|0 fnt\n|faint|p2a: Hippowdon\n|\n|-weather|Sandstorm|[upkeep]\n|upkeep\n|\n|t:|1776294669\n|switch|p2a: Gyarados|Gyarados, L50, M|100/100\n|-ability|p2a: Gyarados|Intimidate|boost\n|-unboost|p1a: Diggersby|atk|1\n|turn|3\n|inactive|Battle timer is ON: inactive players will automatically lose when time's up. (requested by diggersboy660)\n|\n|t:|1776294696\n|detailschange|p2a: Gyarados|Gyarados-Mega, L50, M\n|-mega|p2a: Gyarados|Gyarados|Gyaradosite\n|-ability|p2a: Gyarados|Mold Breaker\n|move|p2a: Gyarados|Waterfall|p1a: Diggersby\n|-supereffective|p1a: Diggersby|1\n|-enditem|p1a: Diggersby|Focus Sash\n|-damage|p1a: Diggersby|1/100\n|move|p1a: Diggersby|Stone Edge|p2a: Gyarados\n|-damage|p2a: Gyarados|43/100\n|\n|-weather|Sandstorm|[upkeep]\n|-damage|p2a: Gyarados|37/100|[from] Sandstorm\n|upkeep\n|turn|4\n|\n|t:|1776294702\n|move|p1a: Diggersby|Quick Attack|p2a: Gyarados\n|-damage|p2a: Gyarados|0 fnt\n|faint|p2a: Gyarados\n|\n|-weather|Sandstorm|[upkeep]\n|upkeep\n|\n|t:|1776294704\n|switch|p2a: Espathra|Espathra, L50, F|100/100\n|turn|5\n|\n|t:|1776294707\n|move|p2a: Espathra|Protect|p2a: Espathra\n|-singleturn|p2a: Espathra|Protect\n|move|p1a: Diggersby|Quick Attack|p2a: Espathra\n|-activate|p2a: Espathra|move: Protect\n|\n|-weather|none\n|-ability|p2a: Espathra|Speed Boost|boost\n|-boost|p2a: Espathra|spe|1\n|upkeep\n|turn|6\n|\n|t:|1776294710\n|move|p1a: Diggersby|Quick Attack|p2a: Espathra\n|-damage|p2a: Espathra|61/100\n|move|p2a: Espathra|Dazzling Gleam|p1a: Diggersby\n|-damage|p1a: Diggersby|0 fnt\n|faint|p1a: Diggersby\n|\n|-heal|p2a: Espathra|67/100|[from] item: Leftovers\n|-ability|p2a: Espathra|Speed Boost|boost\n|-boost|p2a: Espathra|spe|1\n|upkeep\n|j| ThugNasty2020\n|\n|t:|1776294713\n|switch|p1a: Gyarados|Gyarados, L50, M|100/100\n|-damage|p1a: Gyarados|75/100|[from] Stealth Rock\n|-ability|p1a: Gyarados|Intimidate|boost\n|-unboost|p2a: Espathra|atk|1\n|turn|7\n|\n|t:|1776294721\n|move|p2a: Espathra|Protect|p2a: Espathra\n|-singleturn|p2a: Espathra|Protect\n|move|p1a: Gyarados|Dragon Dance|p1a: Gyarados\n|-boost|p1a: Gyarados|atk|1\n|-boost|p1a: Gyarados|spe|1\n|\n|-heal|p2a: Espathra|73/100|[from] item: Leftovers\n|-ability|p2a: Espathra|Speed Boost|boost\n|-boost|p2a: Espathra|spe|1\n|upkeep\n|turn|8\n|\n|t:|1776294728\n|detailschange|p1a: Gyarados|Gyarados-Mega, L50, M\n|-mega|p1a: Gyarados|Gyarados|Gyaradosite\n|-ability|p1a: Gyarados|Mold Breaker\n|move|p2a: Espathra|Dazzling Gleam|p1a: Gyarados\n|-supereffective|p1a: Gyarados|1\n|-damage|p1a: Gyarados|42/100\n|move|p1a: Gyarados|Waterfall|p2a: Espathra\n|-damage|p2a: Espathra|3/100\n|\n|-heal|p2a: Espathra|9/100|[from] item: Leftovers\n|-ability|p2a: Espathra|Speed Boost|boost\n|-boost|p2a: Espathra|spe|1\n|upkeep\n|turn|9\n|\n|t:|1776294736\n|move|p2a: Espathra|Protect|p2a: Espathra\n|-singleturn|p2a: Espathra|Protect\n|move|p1a: Gyarados|Waterfall|p2a: Espathra\n|-activate|p2a: Espathra|move: Protect\n|\n|-heal|p2a: Espathra|15/100|[from] item: Leftovers\n|-ability|p2a: Espathra|Speed Boost|boost\n|-boost|p2a: Espathra|spe|1\n|upkeep\n|turn|10\n|\n|t:|1776294738\n|move|p2a: Espathra|Dazzling Gleam|p1a: Gyarados\n|-supereffective|p1a: Gyarados|1\n|-damage|p1a: Gyarados|6/100\n|move|p1a: Gyarados|Waterfall|p2a: Espathra\n|-damage|p2a: Espathra|0 fnt\n|faint|p2a: Espathra\n|\n|win|diggersboy660\n|raw|diggersboy660's rating: 1420 &rarr; <strong>1438</strong><br />(+18 for winning)\n|raw|bouvet island's rating: 1391 &rarr; <strong>1373</strong><br />(-18 for losing)\n|l|\u2606diggersboy660\n|player|p1|\n|l|\u2606bouvet island\n|player|p2|\n",
  "uploadtime": 1776294844,
  "views": 16,
  "formatid": "gen9championsbssregma",
  "rating": 1373,
  "private": 0,
  "password": null
}