{
  "id": "gen9championsbssregma-2585096464",
  "format": "[Gen 9 Champions] BSS Reg M-A",
  "players": [
    "goku s0los",
    "Lord Queefus"
  ],
  "log": "|j|\u2606goku s0los\n|j|\u2606Lord Queefus\n|t:|1776311366\n|gametype|singles\n|player|p1|goku s0los|265|1220\n|player|p2|Lord Queefus|swimmer-gen4dp|1132\n|gen|9\n|tier|[Gen 9 Champions] BSS Reg M-A\n|rated|\n|rule|Species Clause: Limit one of each Pok\u00e9mon\n|rule|Item Clause: Limit 1 of each item\n|clearpoke\n|poke|p1|Aggron, L50, M|\n|poke|p1|Serperior, L50, M|\n|poke|p1|Palafin, L50, F|\n|poke|p1|Gallade, L50, M|\n|poke|p1|Zoroark-Hisui, L50, F|\n|poke|p1|Arcanine-Hisui, L50, M|\n|poke|p2|Ceruledge, L50, F|\n|poke|p2|Meowscarada, L50, F|\n|poke|p2|Scizor, L50, M|\n|poke|p2|Archaludon, L50, M|\n|poke|p2|Pelipper, L50, M|\n|poke|p2|Floette-Eternal, L50, F|\n|teampreview|3\n|\n|t:|1776311401\n|teamsize|p1|3\n|teamsize|p2|3\n|start\n|switch|p1a: Serperior|Serperior, L50, M, shiny|100/100\n|switch|p2a: Ceruledge|Ceruledge, L50, F|100/100\n|turn|1\n|\n|t:|1776311415\n|switch|p1a: The Wall|Aggron, L50, M|100/100\n|move|p2a: Ceruledge|Swords Dance|p2a: Ceruledge\n|-boost|p2a: Ceruledge|atk|2\n|\n|upkeep\n|turn|2\n|\n|t:|1776311425\n|detailschange|p1a: The Wall|Aggron-Mega, L50, M\n|-mega|p1a: The Wall|Aggron|Aggronite\n|move|p2a: Ceruledge|Swords Dance|p2a: Ceruledge\n|-boost|p2a: Ceruledge|atk|2\n|move|p1a: The Wall|Iron Defense|p1a: The Wall\n|-boost|p1a: The Wall|def|2\n|\n|upkeep\n|turn|3\n|\n|t:|1776311434\n|move|p2a: Ceruledge|Bitter Blade|p1a: The Wall\n|-supereffective|p1a: The Wall|1\n|-damage|p1a: The Wall|56/100\n|move|p1a: The Wall|Heavy Slam|p2a: Ceruledge\n|-resisted|p2a: Ceruledge|1\n|-damage|p2a: Ceruledge|65/100\n|-ability|p2a: Ceruledge|Weak Armor|boost\n|-unboost|p2a: Ceruledge|def|1\n|-boost|p2a: Ceruledge|spe|2\n|\n|upkeep\n|turn|4\n|\n|t:|1776311452\n|move|p2a: Ceruledge|Bitter Blade|p1a: The Wall\n|-supereffective|p1a: The Wall|1\n|-damage|p1a: The Wall|10/100\n|-heal|p2a: Ceruledge|89/100|[from] drain|[of] p1a: The Wall\n|move|p1a: The Wall|Heavy Slam|p2a: Ceruledge\n|-resisted|p2a: Ceruledge|1\n|-damage|p2a: Ceruledge|35/100\n|-ability|p2a: Ceruledge|Weak Armor|boost\n|-unboost|p2a: Ceruledge|def|1\n|-boost|p2a: Ceruledge|spe|2\n|\n|upkeep\n|turn|5\n|\n|t:|1776311463\n|move|p2a: Ceruledge|Bitter Blade|p1a: The Wall\n|-supereffective|p1a: The Wall|1\n|-crit|p1a: The Wall\n|-damage|p1a: The Wall|0 fnt\n|-heal|p2a: Ceruledge|40/100|[from] drain|[of] p1a: The Wall\n|faint|p1a: The Wall\n|\n|upkeep\n|\n|t:|1776311465\n|switch|p1a: Serperior|Serperior, L50, M, shiny|100/100\n|turn|6\n|\n|t:|1776311479\n|move|p2a: Ceruledge|Bitter Blade|p1a: Serperior\n|-crit|p1a: Serperior\n|-enditem|p1a: Serperior|Focus Sash\n|-damage|p1a: Serperior|1/100\n|-heal|p2a: Ceruledge|83/100|[from] drain|[of] p1a: Serperior\n|replace|p1a: Zoroark|Zoroark-Hisui, L50, F\n|-end|p1a: Zoroark|Illusion\n|move|p1a: Zoroark|Shadow Ball|p2a: Ceruledge\n|-supereffective|p2a: Ceruledge|1\n|-damage|p2a: Ceruledge|0 fnt\n|faint|p2a: Ceruledge\n|\n|upkeep\n|\n|t:|1776311495\n|switch|p2a: Scizor|Scizor, L50, M|100/100\n|turn|7\n|\n|t:|1776311504\n|detailschange|p2a: Scizor|Scizor-Mega, L50, M\n|-mega|p2a: Scizor|Scizor|Scizorite\n|move|p2a: Scizor|Bullet Punch|p1a: Zoroark\n|-damage|p1a: Zoroark|0 fnt\n|faint|p1a: Zoroark\n|\n|upkeep\n|-message|goku s0los forfeited.\n|\n|win|Lord Queefus\n|raw|goku s0los's rating: 1220 &rarr; <strong>1189</strong><br />(-31 for losing)\n|raw|Lord Queefus's rating: 1132 &rarr; <strong>1163</strong><br />(+31 for winning)\n|l|\u2606goku s0los\n|player|p1|\n",
  "uploadtime": 1776311524,
  "views": 17,
  "formatid": "gen9championsbssregma",
  "rating": 1163,
  "private": 0,
  "password": null
}