{
  "id": "gen9championsbssregma-2584925343",
  "format": "[Gen 9 Champions] BSS Reg M-A",
  "players": [
    "harald283",
    "EpicSans1145"
  ],
  "log": "|j|\u2606harald283\n|j|\u2606EpicSans1145\n|t:|1776295085\n|gametype|singles\n|player|p1|harald283|drayden|1128\n|player|p2|EpicSans1145|red|1117\n|gen|9\n|tier|[Gen 9 Champions] BSS Reg M-A\n|rated|\n|rule|Species Clause: Limit one of each Pok\u00e9mon\n|rule|Item Clause: Limit 1 of each item\n|clearpoke\n|poke|p1|Hippowdon, L50, M|\n|poke|p1|Garchomp, L50, M|\n|poke|p1|Charizard, L50, M|\n|poke|p1|Aegislash, L50, M|\n|poke|p1|Glimmora, L50, M|\n|poke|p1|Corviknight, L50, M|\n|poke|p2|Hippowdon, L50, M|\n|poke|p2|Rotom-Wash, L50|\n|poke|p2|Meowscarada, L50, F|\n|poke|p2|Mimikyu, L50, F|\n|poke|p2|Archaludon, L50, M|\n|poke|p2|Lucario, L50, F|\n|teampreview|3\n|\n|t:|1776295117\n|teamsize|p1|3\n|teamsize|p2|3\n|start\n|switch|p1a: Glimmora|Glimmora, L50, M, shiny|100/100\n|switch|p2a: Hippowdon|Hippowdon, L50, M|100/100\n|-weather|Sandstorm|[from] ability: Sand Stream|[of] p2a: Hippowdon\n|turn|1\n|\n|t:|1776295132\n|move|p1a: Glimmora|Mortal Spin|p2a: Hippowdon\n|-resisted|p2a: Hippowdon|1\n|-damage|p2a: Hippowdon|98/100\n|-status|p2a: Hippowdon|psn\n|move|p2a: Hippowdon|Stealth Rock|p1a: Glimmora\n|-sidestart|p1: harald283|move: Stealth Rock\n|\n|-weather|Sandstorm|[upkeep]\n|-damage|p2a: Hippowdon|86/100 psn|[from] psn\n|upkeep\n|turn|2\n|\n|t:|1776295142\n|move|p1a: Glimmora|Mortal Spin|p2a: Hippowdon\n|-resisted|p2a: Hippowdon|1\n|-damage|p2a: Hippowdon|82/100 psn\n|-sideend|p1: harald283|Stealth Rock|[from] move: Mortal Spin|[of] p1a: Glimmora\n|move|p2a: Hippowdon|Yawn|p1a: Glimmora\n|-start|p1a: Glimmora|move: Yawn|[of] p2a: Hippowdon\n|\n|-weather|Sandstorm|[upkeep]\n|-damage|p2a: Hippowdon|70/100 psn|[from] psn\n|upkeep\n|turn|3\n|\n|t:|1776295155\n|switch|p1a: Charizard|Charizard, L50, M, shiny|100/100\n|move|p2a: Hippowdon|Yawn|p1a: Charizard\n|-start|p1a: Charizard|move: Yawn|[of] p2a: Hippowdon\n|\n|-weather|Sandstorm|[upkeep]\n|-damage|p1a: Charizard|95/100|[from] Sandstorm\n|-damage|p2a: Hippowdon|58/100 psn|[from] psn\n|upkeep\n|turn|4\n|\n|t:|1776295172\n|switch|p1a: Glimmora|Glimmora, L50, M, shiny|100/100\n|move|p2a: Hippowdon|Stealth Rock|p1a: Glimmora\n|-sidestart|p1: harald283|move: Stealth Rock\n|\n|-weather|Sandstorm|[upkeep]\n|-damage|p2a: Hippowdon|46/100 psn|[from] psn\n|upkeep\n|-enditem|p2a: Hippowdon|Sitrus Berry|[eat]\n|-heal|p2a: Hippowdon|71/100 psn|[from] item: Sitrus Berry\n|turn|5\n|\n|t:|1776295183\n|move|p1a: Glimmora|Mortal Spin|p2a: Hippowdon\n|-resisted|p2a: Hippowdon|1\n|-damage|p2a: Hippowdon|67/100 psn\n|-sideend|p1: harald283|Stealth Rock|[from] move: Mortal Spin|[of] p1a: Glimmora\n|move|p2a: Hippowdon|Yawn|p1a: Glimmora\n|-start|p1a: Glimmora|move: Yawn|[of] p2a: Hippowdon\n|\n|-weather|none\n|-damage|p2a: Hippowdon|55/100 psn|[from] psn\n|upkeep\n|turn|6\n|\n|t:|1776295193\n|switch|p1a: Charizard|Charizard, L50, M, shiny|95/100\n|move|p2a: Hippowdon|Stealth Rock|p1a: Charizard\n|-sidestart|p1: harald283|move: Stealth Rock\n|\n|-damage|p2a: Hippowdon|43/100 psn|[from] psn\n|upkeep\n|turn|7\n|\n|t:|1776295207\n|detailschange|p1a: Charizard|Charizard-Mega-Y, L50, M, shiny\n|-mega|p1a: Charizard|Charizard|Charizardite Y\n|-weather|SunnyDay|[from] ability: Drought|[of] p1a: Charizard\n|move|p1a: Charizard|Weather Ball|p2a: Hippowdon\n|-damage|p2a: Hippowdon|0 fnt\n|faint|p2a: Hippowdon\n|\n|-weather|SunnyDay|[upkeep]\n|upkeep\n|\n|t:|1776295222\n|switch|p2a: Lucario|Lucario, L50, F|100/100\n|turn|8\n|\n|t:|1776295228\n|detailschange|p2a: Lucario|Lucario-Mega, L50, F\n|-mega|p2a: Lucario|Lucario|Lucarionite\n|move|p2a: Lucario|Close Combat|p1a: Charizard\n|-resisted|p1a: Charizard|1\n|-damage|p1a: Charizard|30/100\n|-unboost|p2a: Lucario|def|1\n|-unboost|p2a: Lucario|spd|1\n|move|p1a: Charizard|Weather Ball|p2a: Lucario\n|-supereffective|p2a: Lucario|1\n|-damage|p2a: Lucario|0 fnt\n|faint|p2a: Lucario\n|\n|-weather|SunnyDay|[upkeep]\n|upkeep\n|-message|EpicSans1145 forfeited.\n|\n|win|harald283\n|raw|harald283's rating: 1128 &rarr; <strong>1152</strong><br />(+24 for winning)\n|raw|EpicSans1145's rating: 1117 &rarr; <strong>1093</strong><br />(-24 for losing)\n|l|\u2606EpicSans1145\n|player|p2|\n",
  "uploadtime": 1776295247,
  "views": 4,
  "formatid": "gen9championsbssregma",
  "rating": 1093,
  "private": 0,
  "password": null
}