{
  "id": "gen9championsbssregma-2581176542",
  "format": "[Gen 9 Champions] BSS Reg M-A",
  "players": [
    "CloudWatcherTian",
    "oneshine"
  ],
  "log": "|j|\u2606CloudWatcherTian\n|j|\u2606oneshine\n|t:|1775967418\n|gametype|singles\n|player|p1|CloudWatcherTian|birdkeeper|1107\n|player|p2|oneshine|170|1060\n|gen|9\n|tier|[Gen 9 Champions] BSS Reg M-A\n|rated|\n|rule|Species Clause: Limit one of each Pok\u00e9mon\n|rule|Item Clause: Limit 1 of each item\n|clearpoke\n|poke|p1|Sneasler, L50, F|\n|poke|p1|Gyarados, L50, M|\n|poke|p1|Incineroar, L50, F|\n|poke|p1|Gliscor, L50, M|\n|poke|p1|Bellibolt, L50, F|\n|poke|p1|Mamoswine, L50, M|\n|poke|p2|Pelipper, L50, F|\n|poke|p2|Basculegion, L50, M|\n|poke|p2|Meganium, L50, M|\n|poke|p2|Dragonite, L50, F|\n|poke|p2|Scizor, L50, M|\n|poke|p2|Sneasler, L50, F|\n|teampreview|3\n|inactive|Battle timer is ON: inactive players will automatically lose when time's up. (requested by oneshine)\n|c|\u2606CloudWatcherTian|Welcome, glhf!\n|inactive|CloudWatcherTian has 60 seconds left.\n|inactive|oneshine has 60 seconds left.\n|\n|t:|1775967479\n|teamsize|p1|3\n|teamsize|p2|3\n|start\n|switch|p1a: Sasha|Sneasler, L50, F, shiny|100/100\n|switch|p2a: Pelipper|Pelipper, L50, F|100/100\n|-weather|RainDance|[from] ability: Drizzle|[of] p2a: Pelipper\n|turn|1\n|\n|t:|1775967487\n|move|p1a: Sasha|Fake Out|p2a: Pelipper\n|-damage|p2a: Pelipper|83/100\n|cant|p2a: Pelipper|flinch\n|\n|-weather|RainDance|[upkeep]\n|upkeep\n|turn|2\n|\n|t:|1775967493\n|move|p1a: Sasha|Dire Claw|p2a: Pelipper\n|-damage|p2a: Pelipper|28/100\n|move|p2a: Pelipper|U-turn|p1a: Sasha\n|-resisted|p1a: Sasha|2\n|-damage|p1a: Sasha|97/100\n|\n|t:|1775967499\n|switch|p2a: Dragonite|Dragonite, L50, F|100/100|[from] U-turn\n|\n|-weather|RainDance|[upkeep]\n|upkeep\n|turn|3\n|\n|t:|1775967509\n|switch|p1a: Maurice|Mamoswine, L50, M, shiny|100/100\n|move|p2a: Dragonite|Hurricane|p1a: Maurice\n|-damage|p1a: Maurice|30/100\n|\n|-weather|RainDance|[upkeep]\n|upkeep\n|turn|4\n|\n|t:|1775967516\n|detailschange|p2a: Dragonite|Dragonite-Mega, L50, F\n|-mega|p2a: Dragonite|Dragonite|Dragoninite\n|move|p1a: Maurice|Icicle Spear|p2a: Dragonite\n|-supereffective|p2a: Dragonite|2\n|-damage|p2a: Dragonite|75/100\n|-supereffective|p2a: Dragonite|2\n|-damage|p2a: Dragonite|30/100\n|-supereffective|p2a: Dragonite|2\n|-damage|p2a: Dragonite|0 fnt\n|faint|p2a: Dragonite\n|-hitcount|p2: Dragonite|3\n|\n|-weather|RainDance|[upkeep]\n|upkeep\n|\n|t:|1775967520\n|switch|p2a: Scizor|Scizor, L50, M|100/100\n|turn|5\n|\n|t:|1775967530\n|switch|p1a: Igarashi|Gyarados, L50, M, shiny|100/100\n|-ability|p1a: Igarashi|Intimidate|boost\n|-unboost|p2a: Scizor|atk|1\n|move|p2a: Scizor|Iron Defense|p2a: Scizor\n|-boost|p2a: Scizor|def|2\n|\n|-weather|none\n|upkeep\n|turn|6\n|\n|t:|1775967546\n|move|p1a: Igarashi|Waterfall|p2a: Scizor\n|-crit|p2a: Scizor\n|-damage|p2a: Scizor|33/100\n|move|p2a: Scizor|Iron Defense|p2a: Scizor\n|-boost|p2a: Scizor|def|2\n|\n|-heal|p2a: Scizor|39/100|[from] item: Leftovers\n|upkeep\n|turn|7\n|\n|t:|1775967555\n|move|p1a: Igarashi|Waterfall|p2a: Scizor\n|-damage|p2a: Scizor|23/100\n|move|p2a: Scizor|Roost|p2a: Scizor\n|-heal|p2a: Scizor|74/100\n|-singleturn|p2a: Scizor|move: Roost\n|\n|-heal|p2a: Scizor|79/100|[from] item: Leftovers\n|upkeep\n|turn|8\n|c|\u2606CloudWatcherTian|never seen defensive scizor before\n|\n|t:|1775967578\n|move|p1a: Igarashi|Earthquake|p2a: Scizor\n|-damage|p2a: Scizor|68/100\n|move|p2a: Scizor|Bug Bite|p1a: Igarashi\n|-resisted|p1a: Igarashi|1\n|-damage|p1a: Igarashi|85/100\n|\n|-heal|p2a: Scizor|74/100|[from] item: Leftovers\n|upkeep\n|turn|9\n|inactive|CloudWatcherTian has 30 seconds left.\n|inactive|CloudWatcherTian has 20 seconds left.\n|\n|t:|1775967613\n|switch|p1a: Sasha|Sneasler, L50, F, shiny|97/100\n|move|p2a: Scizor|Bug Bite|p1a: Sasha\n|-resisted|p1a: Sasha|2\n|-damage|p1a: Sasha|86/100\n|\n|-heal|p2a: Scizor|80/100|[from] item: Leftovers\n|upkeep\n|turn|10\n|\n|t:|1775967622\n|move|p1a: Sasha|Fake Out|p2a: Scizor\n|-resisted|p2a: Scizor|1\n|-damage|p2a: Scizor|78/100\n|cant|p2a: Scizor|flinch\n|\n|-heal|p2a: Scizor|83/100|[from] item: Leftovers\n|upkeep\n|turn|11\n|\n|t:|1775967630\n|move|p1a: Sasha|Upper Hand|p2a: Scizor\n|-damage|p2a: Scizor|72/100\n|cant|p2a: Scizor|flinch\n|\n|-heal|p2a: Scizor|78/100|[from] item: Leftovers\n|upkeep\n|turn|12\n|\n|t:|1775967638\n|move|p1a: Sasha|Upper Hand||[still]\n|-fail|p1a: Sasha\n|move|p2a: Scizor|Bug Bite|p1a: Sasha\n|-resisted|p1a: Sasha|2\n|-damage|p1a: Sasha|75/100\n|\n|-heal|p2a: Scizor|84/100|[from] item: Leftovers\n|upkeep\n|turn|13\n|\n|t:|1775967647\n|move|p1a: Sasha|Close Combat|p2a: Scizor\n|-damage|p2a: Scizor|62/100\n|-unboost|p1a: Sasha|def|1\n|-unboost|p1a: Sasha|spd|1\n|move|p2a: Scizor|Bug Bite|p1a: Sasha\n|-resisted|p1a: Sasha|2\n|-damage|p1a: Sasha|57/100\n|\n|-heal|p2a: Scizor|67/100|[from] item: Leftovers\n|upkeep\n|turn|14\n|\n|t:|1775967657\n|move|p1a: Sasha|Close Combat|p2a: Scizor\n|-damage|p2a: Scizor|43/100\n|-unboost|p1a: Sasha|def|1\n|-unboost|p1a: Sasha|spd|1\n|move|p2a: Scizor|Roost|p2a: Scizor\n|-heal|p2a: Scizor|94/100\n|-singleturn|p2a: Scizor|move: Roost\n|\n|-heal|p2a: Scizor|99/100|[from] item: Leftovers\n|upkeep\n|turn|15\n|\n|t:|1775967680\n|switch|p1a: Maurice|Mamoswine, L50, M, shiny|30/100\n|move|p2a: Scizor|Bullet Punch|p1a: Maurice\n|-supereffective|p1a: Maurice|1\n|-damage|p1a: Maurice|0 fnt\n|faint|p1a: Maurice\n|\n|-heal|p2a: Scizor|100/100|[from] item: Leftovers\n|upkeep\n|\n|t:|1775967688\n|switch|p1a: Igarashi|Gyarados, L50, M, shiny|85/100\n|-ability|p1a: Igarashi|Intimidate|boost\n|-unboost|p2a: Scizor|atk|1\n|turn|16\n|\n|t:|1775967706\n|move|p1a: Igarashi|Crunch|p2a: Scizor\n|-damage|p2a: Scizor|90/100\n|move|p2a: Scizor|Bug Bite|p1a: Igarashi\n|-resisted|p1a: Igarashi|1\n|-damage|p1a: Igarashi|71/100\n|\n|-heal|p2a: Scizor|96/100|[from] item: Leftovers\n|upkeep\n|turn|17\n|\n|t:|1775967715\n|move|p1a: Igarashi|Crunch|p2a: Scizor\n|-damage|p2a: Scizor|86/100\n|move|p2a: Scizor|Bug Bite|p1a: Igarashi\n|-resisted|p1a: Igarashi|1\n|-damage|p1a: Igarashi|58/100\n|\n|-heal|p2a: Scizor|92/100|[from] item: Leftovers\n|upkeep\n|turn|18\n|\n|t:|1775967723\n|move|p1a: Igarashi|Crunch|p2a: Scizor\n|-damage|p2a: Scizor|82/100\n|move|p2a: Scizor|Bug Bite|p1a: Igarashi\n|-resisted|p1a: Igarashi|1\n|-damage|p1a: Igarashi|44/100\n|\n|-heal|p2a: Scizor|88/100|[from] item: Leftovers\n|upkeep\n|turn|19\n|\n|t:|1775967732\n|move|p1a: Igarashi|Crunch|p2a: Scizor\n|-damage|p2a: Scizor|78/100\n|move|p2a: Scizor|Bug Bite|p1a: Igarashi\n|-resisted|p1a: Igarashi|1\n|-damage|p1a: Igarashi|31/100\n|\n|-heal|p2a: Scizor|83/100|[from] item: Leftovers\n|upkeep\n|turn|20\n|\n|t:|1775967742\n|move|p1a: Igarashi|Waterfall|p2a: Scizor\n|-damage|p2a: Scizor|69/100\n|move|p2a: Scizor|Bug Bite|p1a: Igarashi\n|-resisted|p1a: Igarashi|1\n|-damage|p1a: Igarashi|18/100\n|\n|-heal|p2a: Scizor|75/100|[from] item: Leftovers\n|upkeep\n|turn|21\n|\n|t:|1775967750\n|move|p1a: Igarashi|Waterfall|p2a: Scizor\n|-damage|p2a: Scizor|60/100\n|move|p2a: Scizor|Roost|p2a: Scizor\n|-heal|p2a: Scizor|100/100\n|-singleturn|p2a: Scizor|move: Roost\n|\n|upkeep\n|turn|22\n|\n|t:|1775967757\n|move|p1a: Igarashi|Waterfall|p2a: Scizor\n|-damage|p2a: Scizor|86/100\n|cant|p2a: Scizor|flinch\n|\n|-heal|p2a: Scizor|92/100|[from] item: Leftovers\n|upkeep\n|turn|23\n|\n|t:|1775967764\n|move|p1a: Igarashi|Waterfall|p2a: Scizor\n|-damage|p2a: Scizor|78/100\n|move|p2a: Scizor|Bug Bite|p1a: Igarashi\n|-resisted|p1a: Igarashi|1\n|-damage|p1a: Igarashi|6/100\n|\n|-heal|p2a: Scizor|83/100|[from] item: Leftovers\n|upkeep\n|turn|24\n|\n|t:|1775967773\n|switch|p1a: Sasha|Sneasler, L50, F, shiny|57/100\n|move|p2a: Scizor|Bug Bite|p1a: Sasha\n|-resisted|p1a: Sasha|2\n|-damage|p1a: Sasha|48/100\n|\n|-heal|p2a: Scizor|89/100|[from] item: Leftovers\n|upkeep\n|turn|25\n|\n|t:|1775967781\n|move|p1a: Sasha|Fake Out|p2a: Scizor\n|-resisted|p2a: Scizor|1\n|-crit|p2a: Scizor\n|-damage|p2a: Scizor|79/100\n|cant|p2a: Scizor|flinch\n|\n|-heal|p2a: Scizor|84/100|[from] item: Leftovers\n|upkeep\n|turn|26\n|\n|t:|1775967792\n|switch|p1a: Igarashi|Gyarados, L50, M, shiny|6/100\n|-ability|p1a: Igarashi|Intimidate|boost\n|-unboost|p2a: Scizor|atk|1\n|move|p2a: Scizor|Bullet Punch|p1a: Igarashi\n|-resisted|p1a: Igarashi|1\n|-damage|p1a: Igarashi|0 fnt\n|faint|p1a: Igarashi\n|\n|-heal|p2a: Scizor|90/100|[from] item: Leftovers\n|upkeep\n|\n|t:|1775967801\n|switch|p1a: Sasha|Sneasler, L50, F, shiny|48/100\n|turn|27\n|\n|t:|1775967808\n|move|p1a: Sasha|Fake Out|p2a: Scizor\n|-resisted|p2a: Scizor|1\n|-damage|p2a: Scizor|88/100\n|cant|p2a: Scizor|flinch\n|\n|-heal|p2a: Scizor|94/100|[from] item: Leftovers\n|upkeep\n|turn|28\n|\n|t:|1775967815\n|move|p1a: Sasha|Close Combat|p2a: Scizor\n|-damage|p2a: Scizor|71/100\n|-unboost|p1a: Sasha|def|1\n|-unboost|p1a: Sasha|spd|1\n|move|p2a: Scizor|Bug Bite|p1a: Sasha\n|-resisted|p1a: Sasha|2\n|-damage|p1a: Sasha|39/100\n|\n|-heal|p2a: Scizor|76/100|[from] item: Leftovers\n|upkeep\n|turn|29\n|\n|t:|1775967825\n|move|p1a: Sasha|Close Combat|p2a: Scizor\n|-crit|p2a: Scizor\n|-damage|p2a: Scizor|0 fnt\n|-unboost|p1a: Sasha|def|1\n|-unboost|p1a: Sasha|spd|1\n|faint|p2a: Scizor\n|\n|upkeep\n|\n|t:|1775967828\n|switch|p2a: Pelipper|Pelipper, L50, F|28/100\n|-weather|RainDance|[from] ability: Drizzle|[of] p2a: Pelipper\n|turn|30\n|\n|t:|1775967836\n|move|p1a: Sasha|Dire Claw|p2a: Pelipper\n|-damage|p2a: Pelipper|0 fnt\n|faint|p2a: Pelipper\n|\n|win|CloudWatcherTian\n|raw|CloudWatcherTian's rating: 1107 &rarr; <strong>1129</strong><br />(+22 for winning)\n|raw|oneshine's rating: 1060 &rarr; <strong>1044</strong><br />(-16 for losing)\n|c|\u2606CloudWatcherTian|Well\n|c|\u2606CloudWatcherTian|there we go\n|l|\u2606oneshine\n|player|p2|\n|c|\u2606CloudWatcherTian|GGwp!\n",
  "uploadtime": 1775967850,
  "views": 13,
  "formatid": "gen9championsbssregma",
  "rating": 1044,
  "private": 0,
  "password": null
}