{
  "id": "gen9championsbssregma-2586996451",
  "format": "[Gen 9 Champions] BSS Reg M-A",
  "players": [
    "bigzexy",
    "bandozo100"
  ],
  "log": "|j|\u2606bigzexy\n|j|\u2606bandozo100\n|t:|1776479477\n|gametype|singles\n|player|p1|bigzexy|li|1201\n|player|p2|bandozo100|lacey|1244\n|gen|9\n|tier|[Gen 9 Champions] BSS Reg M-A\n|rated|\n|rule|Species Clause: Limit one of each Pok\u00e9mon\n|rule|Item Clause: Limit 1 of each item\n|clearpoke\n|poke|p1|Garchomp, L50, F|\n|poke|p1|Victreebel, L50, F|\n|poke|p1|Glimmora, L50, F|\n|poke|p1|Primarina, L50, F|\n|poke|p1|Aegislash, L50, F|\n|poke|p1|Clefable, L50, F|\n|poke|p2|Emboar, L50, M|\n|poke|p2|Meowscarada, L50, F|\n|poke|p2|Primarina, L50, F|\n|poke|p2|Garchomp, L50, M|\n|poke|p2|Rotom-Heat, L50|\n|poke|p2|Archaludon, L50, F|\n|teampreview|3\n|\n|t:|1776479510\n|teamsize|p1|3\n|teamsize|p2|3\n|start\n|switch|p1a: Primarina|Primarina, L50, F|100/100\n|switch|p2a: Bridget|Archaludon, L50, F|100/100\n|turn|1\n|\n|t:|1776479519\n|switch|p1a: Garchomp|Garchomp, L50, F|100/100\n|move|p2a: Bridget|Thunderbolt|p1a: Garchomp\n|-immune|p1a: Garchomp\n|\n|upkeep\n|turn|2\n|\n|t:|1776479523\n|move|p2a: Bridget|Draco Meteor|p1a: Garchomp\n|-supereffective|p1a: Garchomp|1\n|-damage|p1a: Garchomp|0 fnt\n|-unboost|p2a: Bridget|spa|2\n|faint|p1a: Garchomp\n|-enditem|p2a: Bridget|White Herb\n|-clearnegativeboost|p2a: Bridget|[silent]\n|\n|upkeep\n|\n|t:|1776479529\n|switch|p1a: Victreebel|Victreebel, L50, F|100/100\n|turn|3\n|\n|t:|1776479540\n|switch|p1a: Primarina|Primarina, L50, F|100/100\n|move|p2a: Bridget|Flash Cannon|p1a: Primarina\n|-damage|p1a: Primarina|69/100\n|\n|-heal|p1a: Primarina|75/100|[from] item: Leftovers\n|upkeep\n|turn|4\n|\n|t:|1776479543\n|move|p2a: Bridget|Thunderbolt|p1a: Primarina\n|-supereffective|p1a: Primarina|1\n|-damage|p1a: Primarina|25/100\n|move|p1a: Primarina|Moonblast|p2a: Bridget\n|-damage|p2a: Bridget|24/100\n|\n|-heal|p1a: Primarina|31/100|[from] item: Leftovers\n|upkeep\n|turn|5\n|\n|t:|1776479547\n|move|p2a: Bridget|Thunderbolt|p1a: Primarina\n|-supereffective|p1a: Primarina|1\n|-damage|p1a: Primarina|0 fnt\n|faint|p1a: Primarina\n|\n|upkeep\n|\n|t:|1776479548\n|switch|p1a: Victreebel|Victreebel, L50, F|100/100\n|turn|6\n|\n|t:|1776479551\n|detailschange|p1a: Victreebel|Victreebel-Mega, L50, F\n|-mega|p1a: Victreebel|Victreebel|Victreebelite\n|move|p1a: Victreebel|Sucker Punch|p2a: Bridget\n|-damage|p2a: Bridget|1/100\n|move|p2a: Bridget|Draco Meteor|p1a: Victreebel\n|-damage|p1a: Victreebel|35/100\n|-unboost|p2a: Bridget|spa|2\n|\n|upkeep\n|turn|7\n|\n|t:|1776479560\n|move|p2a: Bridget|Draco Meteor|p1a: Victreebel\n|-damage|p1a: Victreebel|4/100\n|-unboost|p2a: Bridget|spa|2\n|move|p1a: Victreebel|Strength Sap|p2a: Bridget\n|-unboost|p2a: Bridget|atk|1\n|-heal|p1a: Victreebel|64/100\n|\n|upkeep\n|turn|8\n|\n|t:|1776479564\n|move|p1a: Victreebel|Sucker Punch|p2a: Bridget\n|-damage|p2a: Bridget|0 fnt\n|faint|p2a: Bridget\n|\n|upkeep\n|\n|t:|1776479567\n|switch|p2a: Emboar|Emboar, L50, M|100/100\n|turn|9\n|\n|t:|1776479572\n|detailschange|p2a: Emboar|Emboar-Mega, L50, M\n|-mega|p2a: Emboar|Emboar|Emboarite\n|-ability|p2a: Emboar|Mold Breaker\n|move|p2a: Emboar|Flare Blitz|p1a: Victreebel\n|-supereffective|p1a: Victreebel|1\n|-damage|p1a: Victreebel|0 fnt\n|-damage|p2a: Emboar|41/100|[from] ability: Innards Out|[of] p1a: Victreebel\n|faint|p1a: Victreebel\n|-damage|p2a: Emboar|22/100|[from] Recoil\n|\n|win|bandozo100\n|raw|bigzexy's rating: 1201 &rarr; <strong>1179</strong><br />(-22 for losing)\n|raw|bandozo100's rating: 1244 &rarr; <strong>1266</strong><br />(+22 for winning)\n|l|\u2606bigzexy\n|player|p1|\n",
  "uploadtime": 1776479589,
  "views": 4,
  "formatid": "gen9championsbssregma",
  "rating": 1179,
  "private": 0,
  "password": null
}