{
  "id": "gen9championsbssregma-2585984301",
  "format": "[Gen 9 Champions] BSS Reg M-A",
  "players": [
    "hellzalet",
    "Bbbkty"
  ],
  "log": "|j|\u2606hellzalet\n|j|\u2606Bbbkty\n|t:|1776387528\n|gametype|singles\n|player|p1|hellzalet|265|1102\n|player|p2|Bbbkty|169|1151\n|gen|9\n|tier|[Gen 9 Champions] BSS Reg M-A\n|rated|\n|rule|Species Clause: Limit one of each Pok\u00e9mon\n|rule|Item Clause: Limit 1 of each item\n|clearpoke\n|poke|p1|Froslass, L50, F|\n|poke|p1|Clawitzer, L50, F|\n|poke|p1|Vaporeon, L50, M|\n|poke|p1|Mudsdale, L50, M|\n|poke|p1|Delphox, L50, F|\n|poke|p1|Kleavor, L50, F|\n|poke|p2|Clefable, L50, F|\n|poke|p2|Charizard, L50, M|\n|poke|p2|Mimikyu, L50, M|\n|poke|p2|Kingambit, L50, F|\n|poke|p2|Espathra, L50, F|\n|poke|p2|Glimmora, L50, M|\n|teampreview|3\n|inactive|Battle timer is ON: inactive players will automatically lose when time's up. (requested by Bbbkty)\n|\n|t:|1776387548\n|teamsize|p1|3\n|teamsize|p2|3\n|start\n|switch|p1a: Kleavor|Kleavor, L50, F|100/100\n|switch|p2a: Glimmora|Glimmora, L50, M, shiny|100/100\n|turn|1\n|\n|t:|1776387559\n|move|p1a: Kleavor|Stone Axe|p2a: Glimmora\n|-damage|p2a: Glimmora|55/100\n|-activate|p2a: Glimmora|ability: Toxic Debris\n|-sidestart|p1: hellzalet|move: Toxic Spikes\n|-sidestart|p2: Bbbkty|move: Stealth Rock\n|move|p2a: Glimmora|Stealth Rock|p1a: Kleavor\n|-sidestart|p1: hellzalet|move: Stealth Rock\n|\n|upkeep\n|turn|2\n|\n|t:|1776387565\n|move|p1a: Kleavor|Tailwind|p1a: Kleavor\n|-sidestart|p1: hellzalet|move: Tailwind\n|move|p2a: Glimmora|Power Gem|p1a: Kleavor\n|-supereffective|p1a: Kleavor|1\n|-enditem|p1a: Kleavor|Focus Sash\n|-damage|p1a: Kleavor|1/100\n|\n|upkeep\n|turn|3\n|\n|t:|1776387578\n|move|p1a: Kleavor|Stone Axe|p2a: Glimmora\n|-damage|p2a: Glimmora|8/100\n|-activate|p2a: Glimmora|ability: Toxic Debris\n|-sidestart|p1: hellzalet|move: Toxic Spikes\n|move|p2a: Glimmora|Mortal Spin|p1a: Kleavor\n|-resisted|p1a: Kleavor|1\n|-damage|p1a: Kleavor|0 fnt\n|-sideend|p2: Bbbkty|Stealth Rock|[from] move: Mortal Spin|[of] p2a: Glimmora\n|faint|p1a: Kleavor\n|\n|upkeep\n|\n|t:|1776387584\n|switch|p1a: Delphox|Delphox, L50, F|100/100\n|-status|p1a: Delphox|tox\n|-damage|p1a: Delphox|76/100 tox|[from] Stealth Rock\n|turn|4\n|\n|t:|1776387590\n|detailschange|p1a: Delphox|Delphox-Mega, L50, F\n|-mega|p1a: Delphox|Delphox|Delphoxite\n|move|p1a: Delphox|Flamethrower|p2a: Glimmora\n|-resisted|p2a: Glimmora|1\n|-damage|p2a: Glimmora|0 fnt\n|faint|p2a: Glimmora\n|\n|-damage|p1a: Delphox|70/100 tox|[from] psn\n|upkeep\n|\n|t:|1776387594\n|switch|p2a: Espathra|Espathra, L50, F, shiny|100/100\n|turn|5\n|\n|t:|1776387597\n|move|p2a: Espathra|Protect|p2a: Espathra\n|-singleturn|p2a: Espathra|Protect\n|move|p1a: Delphox|Shadow Ball|p2a: Espathra\n|-activate|p2a: Espathra|move: Protect\n|\n|-damage|p1a: Delphox|58/100 tox|[from] psn\n|-sideend|p1: hellzalet|move: Tailwind\n|-ability|p2a: Espathra|Speed Boost|boost\n|-boost|p2a: Espathra|spe|1\n|upkeep\n|turn|6\n|\n|t:|1776387604\n|move|p2a: Espathra|Baton Pass|p2a: Espathra\n|\n|t:|1776387606\n|switch|p2a: Clefable|Clefable, L50, F, shiny|100/100|[from] Baton Pass\n|move|p1a: Delphox|Shadow Ball|p2a: Clefable\n|-damage|p2a: Clefable|69/100\n|\n|-damage|p1a: Delphox|40/100 tox|[from] psn\n|upkeep\n|turn|7\n|\n|t:|1776387615\n|detailschange|p2a: Clefable|Clefable-Mega, L50, F, shiny\n|-mega|p2a: Clefable|Clefable|Clefablite\n|move|p1a: Delphox|Flamethrower|p2a: Clefable\n|-damage|p2a: Clefable|29/100\n|move|p2a: Clefable|Cosmic Power|p2a: Clefable\n|-boost|p2a: Clefable|def|1\n|-boost|p2a: Clefable|spd|1\n|\n|-damage|p1a: Delphox|15/100 tox|[from] psn\n|upkeep\n|turn|8\n|-message|hellzalet forfeited.\n|\n|win|Bbbkty\n|raw|hellzalet's rating: 1102 &rarr; <strong>1081</strong><br />(-21 for losing)\n|raw|Bbbkty's rating: 1151 &rarr; <strong>1172</strong><br />(+21 for winning)\n|l|\u2606hellzalet\n|player|p1|\n",
  "uploadtime": 1776387621,
  "views": 6,
  "formatid": "gen9championsbssregma",
  "rating": 1081,
  "private": 0,
  "password": null
}