{
  "id": "gen9championsbssregma-2587469945",
  "format": "[Gen 9 Champions] BSS Reg M-A",
  "players": [
    "ButterisBetter",
    "joguri"
  ],
  "log": "|j|\u2606ButterisBetter\n|j|\u2606joguri\n|t:|1776534502\n|gametype|singles\n|player|p1|ButterisBetter|ethan|1176\n|player|p2|joguri|dawn|1347\n|gen|9\n|tier|[Gen 9 Champions] BSS Reg M-A\n|rated|\n|rule|Species Clause: Limit one of each Pok\u00e9mon\n|rule|Item Clause: Limit 1 of each item\n|clearpoke\n|poke|p1|Charizard, L50, F|\n|poke|p1|Dragonite, L50, M|\n|poke|p1|Scizor, L50, F|\n|poke|p1|Toxapex, L50, F|\n|poke|p1|Meowscarada, L50, F|\n|poke|p1|Ceruledge, L50, F|\n|poke|p2|Clefable, L50, M|\n|poke|p2|Espathra, L50, M|\n|poke|p2|Charizard, L50, F|\n|poke|p2|Hippowdon, L50, M|\n|poke|p2|Rotom-Wash, L50, shiny|\n|poke|p2|Garchomp, L50, F|\n|teampreview|3\n|\n|t:|1776534521\n|teamsize|p1|3\n|teamsize|p2|3\n|start\n|switch|p1a: Charizard|Charizard, L50, F|100/100\n|switch|p2a: Hippowdon|Hippowdon, L50, M|100/100\n|-weather|Sandstorm|[from] ability: Sand Stream|[of] p2a: Hippowdon\n|turn|1\n|inactive|Battle timer is ON: inactive players will automatically lose when time's up. (requested by joguri)\n|\n|t:|1776534529\n|detailschange|p1a: Charizard|Charizard-Mega-Y, L50, F\n|-mega|p1a: Charizard|Charizard|Charizardite Y\n|-weather|SunnyDay|[from] ability: Drought|[of] p1a: Charizard\n|move|p1a: Charizard|Weather Ball|p2a: Hippowdon\n|-damage|p2a: Hippowdon|10/100\n|-enditem|p2a: Hippowdon|Sitrus Berry|[eat]\n|-heal|p2a: Hippowdon|34/100|[from] item: Sitrus Berry\n|move|p2a: Hippowdon|Yawn|p1a: Charizard\n|-start|p1a: Charizard|move: Yawn|[of] p2a: Hippowdon\n|\n|-weather|SunnyDay|[upkeep]\n|upkeep\n|turn|2\n|\n|t:|1776534540\n|switch|p1a: Dragonite|Dragonite, L50, M|100/100\n|move|p2a: Hippowdon|Stealth Rock|p1a: Dragonite\n|-sidestart|p1: ButterisBetter|move: Stealth Rock\n|\n|-weather|SunnyDay|[upkeep]\n|upkeep\n|turn|3\n|\n|t:|1776534547\n|move|p1a: Dragonite|Dragon Pulse|p2a: Hippowdon\n|-damage|p2a: Hippowdon|0 fnt\n|faint|p2a: Hippowdon\n|\n|-weather|SunnyDay|[upkeep]\n|upkeep\n|\n|t:|1776534553\n|switch|p2a: Espathra|Espathra, L50, M|100/100\n|turn|4\n|\n|t:|1776534556\n|move|p1a: Dragonite|Dragon Pulse|p2a: Espathra\n|-damage|p2a: Espathra|49/100\n|move|p2a: Espathra|Calm Mind|p2a: Espathra\n|-boost|p2a: Espathra|spa|1\n|-boost|p2a: Espathra|spd|1\n|\n|-weather|SunnyDay|[upkeep]\n|-heal|p2a: Espathra|54/100|[from] item: Leftovers\n|-ability|p2a: Espathra|Speed Boost|boost\n|-boost|p2a: Espathra|spe|1\n|upkeep\n|turn|5\n|\n|t:|1776534566\n|move|p2a: Espathra|Calm Mind|p2a: Espathra\n|-boost|p2a: Espathra|spa|1\n|-boost|p2a: Espathra|spd|1\n|move|p1a: Dragonite|Dragon Pulse|p2a: Espathra\n|-damage|p2a: Espathra|25/100\n|\n|-weather|none\n|-heal|p2a: Espathra|31/100|[from] item: Leftovers\n|-ability|p2a: Espathra|Speed Boost|boost\n|-boost|p2a: Espathra|spe|1\n|upkeep\n|turn|6\n|\n|t:|1776534576\n|move|p2a: Espathra|Protect|p2a: Espathra\n|-singleturn|p2a: Espathra|Protect\n|move|p1a: Dragonite|Dragon Pulse|p2a: Espathra\n|-activate|p2a: Espathra|move: Protect\n|\n|-heal|p2a: Espathra|37/100|[from] item: Leftovers\n|-ability|p2a: Espathra|Speed Boost|boost\n|-boost|p2a: Espathra|spe|1\n|upkeep\n|turn|7\n|\n|t:|1776534584\n|move|p2a: Espathra|Calm Mind|p2a: Espathra\n|-boost|p2a: Espathra|spa|1\n|-boost|p2a: Espathra|spd|1\n|move|p1a: Dragonite|Dragon Pulse|p2a: Espathra\n|-damage|p2a: Espathra|16/100\n|\n|-heal|p2a: Espathra|22/100|[from] item: Leftovers\n|-ability|p2a: Espathra|Speed Boost|boost\n|-boost|p2a: Espathra|spe|1\n|upkeep\n|turn|8\n|j| gennobi\n|\n|t:|1776534592\n|move|p2a: Espathra|Protect|p2a: Espathra\n|-singleturn|p2a: Espathra|Protect\n|move|p1a: Dragonite|Dragon Pulse|p2a: Espathra\n|-activate|p2a: Espathra|move: Protect\n|\n|-heal|p2a: Espathra|28/100|[from] item: Leftovers\n|-ability|p2a: Espathra|Speed Boost|boost\n|-boost|p2a: Espathra|spe|1\n|upkeep\n|turn|9\n|\n|t:|1776534600\n|move|p2a: Espathra|Calm Mind|p2a: Espathra\n|-boost|p2a: Espathra|spa|1\n|-boost|p2a: Espathra|spd|1\n|move|p1a: Dragonite|Dragon Pulse|p2a: Espathra\n|-damage|p2a: Espathra|8/100\n|\n|-heal|p2a: Espathra|14/100|[from] item: Leftovers\n|-ability|p2a: Espathra|Speed Boost|boost\n|-boost|p2a: Espathra|spe|1\n|upkeep\n|turn|10\n|\n|t:|1776534609\n|move|p2a: Espathra|Protect|p2a: Espathra\n|-singleturn|p2a: Espathra|Protect\n|move|p1a: Dragonite|Dragon Pulse|p2a: Espathra\n|-activate|p2a: Espathra|move: Protect\n|\n|-heal|p2a: Espathra|20/100|[from] item: Leftovers\n|upkeep\n|turn|11\n|\n|t:|1776534616\n|move|p2a: Espathra|Baton Pass|p2a: Espathra\n|\n|t:|1776534618\n|switch|p2a: Clefable|Clefable, L50, M|100/100|[from] Baton Pass\n|move|p1a: Dragonite|Dragon Pulse|p2a: Clefable\n|-immune|p2a: Clefable\n|\n|upkeep\n|turn|12\n|c|\u2606ButterisBetter|yikes\n|\n|t:|1776534628\n|move|p2a: Clefable|Cosmic Power|p2a: Clefable\n|-boost|p2a: Clefable|def|1\n|-boost|p2a: Clefable|spd|1\n|move|p1a: Dragonite|Ice Beam|p2a: Clefable\n|-damage|p2a: Clefable|93/100\n|-status|p2a: Clefable|frz\n|\n|upkeep\n|turn|13\n|\n|t:|1776534635\n|switch|p1a: Scizor|Scizor, L50, F|100/100\n|-damage|p1a: Scizor|88/100|[from] Stealth Rock\n|cant|p2a: Clefable|frz\n|\n|upkeep\n|turn|14\n|\n|t:|1776534647\n|detailschange|p2a: Clefable|Clefable-Mega, L50, M\n|-mega|p2a: Clefable|Clefable|Clefablite\n|move|p1a: Scizor|Bullet Punch|p2a: Clefable\n|-supereffective|p2a: Clefable|1\n|-damage|p2a: Clefable|57/100 frz\n|-curestatus|p2a: Clefable|frz|[msg]\n|move|p2a: Clefable|Cosmic Power|p2a: Clefable\n|-boost|p2a: Clefable|def|1\n|-boost|p2a: Clefable|spd|1\n|\n|upkeep\n|turn|15\n|\n|t:|1776534658\n|move|p1a: Scizor|Bullet Punch|p2a: Clefable\n|-supereffective|p2a: Clefable|1\n|-damage|p2a: Clefable|28/100\n|move|p2a: Clefable|Flamethrower|p1a: Scizor\n|-supereffective|p1a: Scizor|2\n|-damage|p1a: Scizor|0 fnt\n|faint|p1a: Scizor\n|\n|upkeep\n|\n|t:|1776534661\n|switch|p1a: Charizard|Charizard-Mega-Y, L50, F|100/100\n|-damage|p1a: Charizard|51/100|[from] Stealth Rock\n|-weather|SunnyDay|[from] ability: Drought|[of] p1a: Charizard\n|turn|16\n|\n|t:|1776534670\n|move|p2a: Clefable|Moonlight|p2a: Clefable\n|-heal|p2a: Clefable|95/100\n|move|p1a: Charizard|Weather Ball|p2a: Clefable\n|-damage|p2a: Clefable|75/100\n|\n|-weather|SunnyDay|[upkeep]\n|upkeep\n|turn|17\n|\n|t:|1776534678\n|move|p2a: Clefable|Stored Power|p1a: Charizard\n|-damage|p1a: Charizard|0 fnt\n|faint|p1a: Charizard\n|\n|-weather|SunnyDay|[upkeep]\n|upkeep\n|-message|ButterisBetter forfeited.\n|\n|win|joguri\n|raw|ButterisBetter's rating: 1176 &rarr; <strong>1162</strong><br />(-14 for losing)\n|raw|joguri's rating: 1347 &rarr; <strong>1358</strong><br />(+11 for winning)\n|l|\u2606ButterisBetter\n|player|p1|\n",
  "uploadtime": 1776534684,
  "views": 2,
  "formatid": "gen9championsbssregma",
  "rating": 1162,
  "private": 0,
  "password": null
}