{
  "id": "gen9championsbssregma-2582758708",
  "format": "[Gen 9 Champions] BSS Reg M-A",
  "players": [
    "deepseazapdos",
    "phifth"
  ],
  "log": "|j|\u2606deepseazapdos\n|j|\u2606phifth\n|t:|1776112076\n|gametype|singles\n|player|p1|deepseazapdos|nate|1097\n|player|p2|phifth|rosa|1013\n|gen|9\n|tier|[Gen 9 Champions] BSS Reg M-A\n|rated|\n|rule|Species Clause: Limit one of each Pok\u00e9mon\n|rule|Item Clause: Limit 1 of each item\n|clearpoke\n|poke|p1|Meowscarada, L50, M|\n|poke|p1|Gengar, L50, M|\n|poke|p1|Ditto, L50|\n|poke|p1|Gyarados, L50, M|\n|poke|p1|Primarina, L50, F|\n|poke|p1|Bellibolt, L50, F|\n|poke|p2|Gliscor, L50, F|\n|poke|p2|Tyranitar, L50, F|\n|poke|p2|Meganium, L50, M|\n|poke|p2|Archaludon, L50, M|\n|poke|p2|Excadrill, L50, F|\n|poke|p2|Glimmora, L50, M|\n|teampreview|3\n|c|\u2606phifth|oh\n|c|\u2606phifth|its you\n|c|\u2606phifth|froge enjoyer\n|c|\u2606deepseazapdos|Ayo\n|c|\u2606deepseazapdos|Let's see how your team does glhf\n|\n|t:|1776112167\n|teamsize|p1|3\n|teamsize|p2|3\n|start\n|switch|p1a: Gyarados|Gyarados, L50, M|100/100\n|switch|p2a: Glimmora|Glimmora, L50, M|100/100\n|-ability|p1a: Gyarados|Intimidate|boost\n|-unboost|p2a: Glimmora|atk|1\n|turn|1\n|\n|t:|1776112231\n|detailschange|p2a: Glimmora|Glimmora-Mega, L50, M\n|-mega|p2a: Glimmora|Glimmora|Glimmoranite\n|move|p1a: Gyarados|Dragon Dance|p1a: Gyarados\n|-boost|p1a: Gyarados|atk|1\n|-boost|p1a: Gyarados|spe|1\n|move|p2a: Glimmora|Sludge Wave|p1a: Gyarados\n|-damage|p1a: Gyarados|23/100\n|\n|upkeep\n|turn|2\n|\n|t:|1776112257\n|switch|p2a: Meganium|Meganium, L50, M|100/100\n|detailschange|p1a: Gyarados|Gyarados-Mega, L50, M\n|-mega|p1a: Gyarados|Gyarados|Gyaradosite\n|-ability|p1a: Gyarados|Mold Breaker\n|move|p1a: Gyarados|Earthquake|p2a: Meganium\n|-resisted|p2a: Meganium|1\n|-damage|p2a: Meganium|72/100\n|\n|upkeep\n|turn|3\n|c|\u2606phifth|i've made a huge miscalculation\n|\n|t:|1776112277\n|switch|p1a: Meowscarada|Meowscarada, L50, M|100/100\n|move|p2a: Meganium|Dragon Tail|p1a: Meowscarada\n|-damage|p1a: Meowscarada|82/100\n|drag|p1a: Gyarados|Gyarados-Mega, L50, M|23/100\n|-ability|p1a: Gyarados|Mold Breaker\n|\n|upkeep\n|turn|4\n|\n|t:|1776112293\n|switch|p1a: Meowscarada|Meowscarada, L50, M|82/100\n|move|p2a: Meganium|Dragon Tail|p1a: Meowscarada\n|-damage|p1a: Meowscarada|65/100\n|drag|p1a: Gyarados|Gyarados-Mega, L50, M|23/100\n|-ability|p1a: Gyarados|Mold Breaker\n|\n|upkeep\n|turn|5\n|\n|t:|1776112308\n|switch|p1a: Primarina|Primarina, L50, F|100/100\n|move|p2a: Meganium|Dragon Tail|p1a: Primarina\n|-immune|p1a: Primarina\n|\n|upkeep\n|turn|6\n|\n|t:|1776112323\n|switch|p1a: Meowscarada|Meowscarada, L50, M|65/100\n|move|p2a: Meganium|Synthesis|p2a: Meganium\n|-heal|p2a: Meganium|100/100\n|\n|upkeep\n|turn|7\n|\n|t:|1776112340\n|move|p1a: Meowscarada|Knock Off|p2a: Meganium\n|-start|p1a: Meowscarada|typechange|Dark|[from] ability: Protean\n|-damage|p2a: Meganium|72/100\n|move|p2a: Meganium|Dragon Tail|p1a: Meowscarada\n|-damage|p1a: Meowscarada|46/100\n|drag|p1a: Primarina|Primarina, L50, F|100/100\n|\n|upkeep\n|turn|8\n|c|\u2606deepseazapdos|Oh it has the mega stone\n|\n|t:|1776112357\n|move|p2a: Meganium|Solar Beam||[still]\n|-prepare|p2a: Meganium|Solar Beam\n|move|p1a: Primarina|Moonblast|p2a: Meganium\n|-damage|p2a: Meganium|33/100\n|\n|upkeep\n|turn|9\n|\n|t:|1776112363\n|switch|p1a: Meowscarada|Meowscarada, L50, M|46/100\n|move|p2a: Meganium|Solar Beam|p1a: Meowscarada|[from] lockedmove\n|-resisted|p1a: Meowscarada|1\n|-damage|p1a: Meowscarada|0 fnt\n|faint|p1a: Meowscarada\n|\n|upkeep\n|\n|t:|1776112368\n|switch|p1a: Primarina|Primarina, L50, F|100/100\n|turn|10\n|\n|t:|1776112390\n|move|p2a: Meganium|Synthesis|p2a: Meganium\n|-heal|p2a: Meganium|82/100\n|move|p1a: Primarina|Moonblast|p2a: Meganium\n|-damage|p2a: Meganium|46/100\n|\n|upkeep\n|turn|11\n|\n|t:|1776112400\n|move|p2a: Meganium|Synthesis|p2a: Meganium\n|-heal|p2a: Meganium|96/100\n|move|p1a: Primarina|Moonblast|p2a: Meganium\n|-damage|p2a: Meganium|56/100\n|\n|upkeep\n|turn|12\n|\n|t:|1776112413\n|move|p2a: Meganium|Solar Beam||[still]\n|-prepare|p2a: Meganium|Solar Beam\n|move|p1a: Primarina|Moonblast|p2a: Meganium\n|-damage|p2a: Meganium|16/100\n|\n|upkeep\n|turn|13\n|\n|t:|1776112424\n|move|p1a: Primarina|Aqua Jet|p2a: Meganium\n|-resisted|p2a: Meganium|1\n|-damage|p2a: Meganium|11/100\n|move|p2a: Meganium|Solar Beam|p1a: Primarina|[from] lockedmove\n|-supereffective|p1a: Primarina|1\n|-damage|p1a: Primarina|0 fnt\n|faint|p1a: Primarina\n|\n|upkeep\n|\n|t:|1776112428\n|switch|p1a: Gyarados|Gyarados-Mega, L50, M|23/100\n|-ability|p1a: Gyarados|Mold Breaker\n|turn|14\n|\n|t:|1776112439\n|move|p1a: Gyarados|Earthquake|p2a: Meganium\n|-resisted|p2a: Meganium|1\n|-damage|p2a: Meganium|0 fnt\n|faint|p2a: Meganium\n|\n|upkeep\n|\n|t:|1776112445\n|switch|p2a: Excadrill|Excadrill, L50, F|100/100\n|turn|15\n|\n|t:|1776112451\n|move|p1a: Gyarados|Earthquake|p2a: Excadrill\n|-supereffective|p2a: Excadrill|1\n|-enditem|p2a: Excadrill|Focus Sash\n|-damage|p2a: Excadrill|1/100\n|move|p2a: Excadrill|Earthquake|p1a: Gyarados\n|-damage|p1a: Gyarados|0 fnt\n|faint|p1a: Gyarados\n|\n|win|phifth\n|raw|deepseazapdos's rating: 1097 &rarr; <strong>1067</strong><br />(-30 for losing)\n|raw|phifth's rating: 1013 &rarr; <strong>1060</strong><br />(+47 for winning)\n|c|\u2606phifth|gg\n|c|\u2606deepseazapdos|I need to find a better way for leading against meganium\n|c|\u2606deepseazapdos|ggs\n|c|\u2606phifth|mind if i send this replay?\n",
  "uploadtime": 1776112477,
  "views": 26,
  "formatid": "gen9championsbssregma",
  "rating": 1060,
  "private": 0,
  "password": null
}