{
  "id": "gen9championsbssregma-2586071955",
  "format": "[Gen 9 Champions] BSS Reg M-A",
  "players": [
    "RD919",
    "Mr. Bean Stan"
  ],
  "log": "|j|\u2606RD919\n|j|\u2606Mr. Bean Stan\n|t:|1776395979\n|gametype|singles\n|player|p1|RD919|170|1107\n|player|p2|Mr. Bean Stan|gentleman-gen6|1193\n|gen|9\n|tier|[Gen 9 Champions] BSS Reg M-A\n|rated|\n|rule|Species Clause: Limit one of each Pok\u00e9mon\n|rule|Item Clause: Limit 1 of each item\n|clearpoke\n|poke|p1|Vivillon-Pokeball, L50, M|\n|poke|p1|Whimsicott, L50, F|\n|poke|p1|Toxapex, L50, F|\n|poke|p1|Rotom-Wash, L50|\n|poke|p1|Charizard, L50, M|\n|poke|p1|Glimmora, L50, F|\n|poke|p2|Glalie, L50, F|\n|poke|p2|Hydrapple, L50, F|\n|poke|p2|Hatterene, L50, F|\n|poke|p2|Meowscarada, L50, F|\n|poke|p2|Corviknight, L50, M|\n|poke|p2|Kingambit, L50, F|\n|teampreview|3\n|\n|t:|1776396004\n|teamsize|p1|3\n|teamsize|p2|3\n|start\n|switch|p1a: Vivillon|Vivillon-Pokeball, L50, M|100/100\n|switch|p2a: Glalie|Glalie, L50, F|100/100\n|turn|1\n|\n|t:|1776396011\n|move|p1a: Vivillon|Sleep Powder|p2a: Glalie\n|-status|p2a: Glalie|slp|[from] move: Sleep Powder\n|cant|p2a: Glalie|slp\n|\n|-ability|p2a: Glalie|Moody|boost\n|-boost|p2a: Glalie|spd|2\n|-unboost|p2a: Glalie|spa|1\n|upkeep\n|turn|2\n|\n|t:|1776396020\n|move|p1a: Vivillon|Substitute|p1a: Vivillon\n|-start|p1a: Vivillon|Substitute\n|-damage|p1a: Vivillon|76/100\n|cant|p2a: Glalie|slp\n|\n|-ability|p2a: Glalie|Moody|boost\n|-boost|p2a: Glalie|def|2\n|-unboost|p2a: Glalie|atk|1\n|upkeep\n|turn|3\n|\n|t:|1776396060\n|move|p1a: Vivillon|Quiver Dance|p1a: Vivillon\n|-boost|p1a: Vivillon|spa|1\n|-boost|p1a: Vivillon|spd|1\n|-boost|p1a: Vivillon|spe|1\n|-curestatus|p2a: Glalie|slp|[msg]\n|move|p2a: Glalie|Disable|p1a: Vivillon\n|-start|p1a: Vivillon|Disable|Quiver Dance\n|\n|-ability|p2a: Glalie|Moody|boost\n|-boost|p2a: Glalie|spd|2\n|-unboost|p2a: Glalie|spe|1\n|upkeep\n|turn|4\n|\n|t:|1776396074\n|move|p1a: Vivillon|Sleep Powder|p2a: Glalie\n|-status|p2a: Glalie|slp|[from] move: Sleep Powder\n|cant|p2a: Glalie|slp\n|\n|-ability|p2a: Glalie|Moody|boost\n|-boost|p2a: Glalie|atk|2\n|-unboost|p2a: Glalie|spe|1\n|upkeep\n|turn|5\n|\n|t:|1776396081\n|move|p1a: Vivillon|Giga Drain|p2a: Glalie\n|-damage|p2a: Glalie|88/100 slp\n|-heal|p1a: Vivillon|83/100|[from] drain|[of] p2a: Glalie\n|-heal|p1a: Vivillon|85/100|[from] item: Shell Bell|[of] p2a: Glalie\n|cant|p2a: Glalie|slp\n|\n|-ability|p2a: Glalie|Moody|boost\n|-boost|p2a: Glalie|spe|2\n|-unboost|p2a: Glalie|spd|1\n|upkeep\n|turn|6\n|\n|t:|1776396091\n|move|p1a: Vivillon|Giga Drain|p2a: Glalie\n|-damage|p2a: Glalie|74/100 slp\n|-heal|p1a: Vivillon|93/100|[from] drain|[of] p2a: Glalie\n|-heal|p1a: Vivillon|95/100|[from] item: Shell Bell|[of] p2a: Glalie\n|-curestatus|p2a: Glalie|slp|[msg]\n|move|p2a: Glalie|Freeze-Dry|p1a: Vivillon\n|-supereffective|p1a: Vivillon|1\n|-end|p1a: Vivillon|Substitute\n|\n|-ability|p2a: Glalie|Moody|boost\n|-boost|p2a: Glalie|atk|2\n|-unboost|p2a: Glalie|spa|1\n|upkeep\n|turn|7\n|\n|t:|1776396115\n|move|p1a: Vivillon|Sleep Powder|p2a: Glalie\n|-status|p2a: Glalie|slp|[from] move: Sleep Powder\n|cant|p2a: Glalie|slp\n|\n|-end|p1a: Vivillon|Disable\n|-ability|p2a: Glalie|Moody|boost\n|-boost|p2a: Glalie|spe|2\n|-unboost|p2a: Glalie|spa|1\n|upkeep\n|turn|8\n|\n|t:|1776396125\n|move|p1a: Vivillon|Substitute|p1a: Vivillon\n|-start|p1a: Vivillon|Substitute\n|-damage|p1a: Vivillon|71/100\n|-curestatus|p2a: Glalie|slp|[msg]\n|move|p2a: Glalie|Freeze-Dry|p1a: Vivillon\n|-supereffective|p1a: Vivillon|1\n|-activate|p1a: Vivillon|move: Substitute|[damage]\n|\n|-ability|p2a: Glalie|Moody|boost\n|-boost|p2a: Glalie|spa|2\n|-unboost|p2a: Glalie|def|1\n|upkeep\n|turn|9\n|\n|t:|1776396137\n|move|p1a: Vivillon|Sleep Powder|p2a: Glalie\n|-status|p2a: Glalie|slp|[from] move: Sleep Powder\n|cant|p2a: Glalie|slp\n|\n|-ability|p2a: Glalie|Moody|boost\n|-boost|p2a: Glalie|spd|2\n|-unboost|p2a: Glalie|def|1\n|upkeep\n|turn|10\n|\n|t:|1776396146\n|move|p1a: Vivillon|Quiver Dance|p1a: Vivillon\n|-boost|p1a: Vivillon|spa|1\n|-boost|p1a: Vivillon|spd|1\n|-boost|p1a: Vivillon|spe|1\n|cant|p2a: Glalie|slp\n|\n|-ability|p2a: Glalie|Moody|boost\n|-boost|p2a: Glalie|def|2\n|-unboost|p2a: Glalie|atk|1\n|upkeep\n|turn|11\n|\n|t:|1776396154\n|move|p1a: Vivillon|Quiver Dance|p1a: Vivillon\n|-boost|p1a: Vivillon|spa|1\n|-boost|p1a: Vivillon|spd|1\n|-boost|p1a: Vivillon|spe|1\n|-curestatus|p2a: Glalie|slp|[msg]\n|move|p2a: Glalie|Disable|p1a: Vivillon\n|-start|p1a: Vivillon|Disable|Quiver Dance\n|\n|-ability|p2a: Glalie|Moody|boost\n|-boost|p2a: Glalie|def|2\n|-unboost|p2a: Glalie|spa|1\n|upkeep\n|turn|12\n|\n|t:|1776396166\n|move|p1a: Vivillon|Sleep Powder|p2a: Glalie\n|-status|p2a: Glalie|slp|[from] move: Sleep Powder\n|cant|p2a: Glalie|slp\n|\n|-ability|p2a: Glalie|Moody|boost\n|-boost|p2a: Glalie|spd|1\n|-unboost|p2a: Glalie|atk|1\n|upkeep\n|turn|13\n|\n|t:|1776396174\n|move|p1a: Vivillon|Giga Drain|p2a: Glalie\n|-damage|p2a: Glalie|59/100 slp\n|-heal|p1a: Vivillon|79/100|[from] drain|[of] p2a: Glalie\n|-heal|p1a: Vivillon|81/100|[from] item: Shell Bell|[of] p2a: Glalie\n|cant|p2a: Glalie|slp\n|\n|-ability|p2a: Glalie|Moody|boost\n|-boost|p2a: Glalie|atk|2\n|-unboost|p2a: Glalie|spe|1\n|upkeep\n|turn|14\n|\n|t:|1776396187\n|move|p1a: Vivillon|Giga Drain|p2a: Glalie\n|-damage|p2a: Glalie|43/100 slp\n|-heal|p1a: Vivillon|92/100|[from] drain|[of] p2a: Glalie\n|-heal|p1a: Vivillon|93/100|[from] item: Shell Bell|[of] p2a: Glalie\n|-curestatus|p2a: Glalie|slp|[msg]\n|move|p2a: Glalie|Freeze-Dry|p1a: Vivillon\n|-supereffective|p1a: Vivillon|1\n|-end|p1a: Vivillon|Substitute\n|\n|-ability|p2a: Glalie|Moody|boost\n|-boost|p2a: Glalie|atk|2\n|-unboost|p2a: Glalie|def|1\n|upkeep\n|turn|15\n|\n|t:|1776396199\n|move|p1a: Vivillon|Sleep Powder|p2a: Glalie\n|-status|p2a: Glalie|slp|[from] move: Sleep Powder\n|cant|p2a: Glalie|slp\n|\n|-end|p1a: Vivillon|Disable\n|-ability|p2a: Glalie|Moody|boost\n|-boost|p2a: Glalie|atk|1\n|-unboost|p2a: Glalie|def|1\n|upkeep\n|turn|16\n|\n|t:|1776396208\n|move|p1a: Vivillon|Substitute|p1a: Vivillon\n|-start|p1a: Vivillon|Substitute\n|-damage|p1a: Vivillon|69/100\n|-curestatus|p2a: Glalie|slp|[msg]\n|move|p2a: Glalie|Rest|p2a: Glalie\n|-status|p2a: Glalie|slp|[from] move: Rest\n|-heal|p2a: Glalie|100/100 slp|[silent]\n|\n|-ability|p2a: Glalie|Moody|boost\n|-boost|p2a: Glalie|spa|2\n|-unboost|p2a: Glalie|spe|1\n|upkeep\n|turn|17\n|\n|t:|1776396218\n|move|p1a: Vivillon|Quiver Dance|p1a: Vivillon\n|-boost|p1a: Vivillon|spa|1\n|-boost|p1a: Vivillon|spd|1\n|-boost|p1a: Vivillon|spe|1\n|cant|p2a: Glalie|slp\n|\n|-ability|p2a: Glalie|Moody|boost\n|-boost|p2a: Glalie|spe|2\n|-unboost|p2a: Glalie|def|1\n|upkeep\n|turn|18\n|\n|t:|1776396229\n|move|p1a: Vivillon|Quiver Dance|p1a: Vivillon\n|-boost|p1a: Vivillon|spa|1\n|-boost|p1a: Vivillon|spd|1\n|-boost|p1a: Vivillon|spe|1\n|cant|p2a: Glalie|slp\n|\n|-ability|p2a: Glalie|Moody|boost\n|-boost|p2a: Glalie|def|2\n|-unboost|p2a: Glalie|spd|1\n|upkeep\n|turn|19\n|\n|t:|1776396238\n|move|p1a: Vivillon|Giga Drain|p2a: Glalie\n|-damage|p2a: Glalie|78/100 slp\n|-heal|p1a: Vivillon|82/100|[from] drain|[of] p2a: Glalie\n|-heal|p1a: Vivillon|85/100|[from] item: Shell Bell|[of] p2a: Glalie\n|-curestatus|p2a: Glalie|slp|[msg]\n|move|p2a: Glalie|Freeze-Dry|p1a: Vivillon\n|-supereffective|p1a: Vivillon|1\n|-activate|p1a: Vivillon|move: Substitute|[damage]\n|\n|-ability|p2a: Glalie|Moody|boost\n|-boost|p2a: Glalie|spd|1\n|-unboost|p2a: Glalie|spa|1\n|upkeep\n|turn|20\n|\n|t:|1776396253\n|move|p1a: Vivillon|Giga Drain|p2a: Glalie\n|-damage|p2a: Glalie|58/100\n|-heal|p1a: Vivillon|97/100|[from] drain|[of] p2a: Glalie\n|-heal|p1a: Vivillon|99/100|[from] item: Shell Bell|[of] p2a: Glalie\n|move|p2a: Glalie|Freeze-Dry|p1a: Vivillon\n|-supereffective|p1a: Vivillon|1\n|-end|p1a: Vivillon|Substitute\n|\n|-ability|p2a: Glalie|Moody|boost\n|-boost|p2a: Glalie|spa|2\n|-unboost|p2a: Glalie|spd|1\n|upkeep\n|turn|21\n|\n|t:|1776396264\n|move|p1a: Vivillon|Sleep Powder|p2a: Glalie\n|-status|p2a: Glalie|slp|[from] move: Sleep Powder\n|cant|p2a: Glalie|slp\n|\n|-ability|p2a: Glalie|Moody|boost\n|-boost|p2a: Glalie|spe|2\n|-unboost|p2a: Glalie|spd|1\n|upkeep\n|turn|22\n|\n|t:|1776396272\n|move|p1a: Vivillon|Substitute|p1a: Vivillon\n|-start|p1a: Vivillon|Substitute\n|-damage|p1a: Vivillon|75/100\n|cant|p2a: Glalie|slp\n|\n|-ability|p2a: Glalie|Moody|boost\n|-boost|p2a: Glalie|def|2\n|-unboost|p2a: Glalie|spd|1\n|upkeep\n|turn|23\n|\n|t:|1776396280\n|move|p1a: Vivillon|Giga Drain|p2a: Glalie\n|-damage|p2a: Glalie|27/100 slp\n|-heal|p1a: Vivillon|93/100|[from] drain|[of] p2a: Glalie\n|-heal|p1a: Vivillon|98/100|[from] item: Shell Bell|[of] p2a: Glalie\n|-curestatus|p2a: Glalie|slp|[msg]\n|move|p2a: Glalie|Disable|p1a: Vivillon\n|-start|p1a: Vivillon|Disable|Giga Drain\n|\n|-ability|p2a: Glalie|Moody|boost\n|-boost|p2a: Glalie|spe|2\n|-unboost|p2a: Glalie|spa|1\n|upkeep\n|turn|24\n|\n|t:|1776396293\n|move|p1a: Vivillon|Sleep Powder|p2a: Glalie\n|-status|p2a: Glalie|slp|[from] move: Sleep Powder\n|cant|p2a: Glalie|slp\n|\n|-ability|p2a: Glalie|Moody|boost\n|-boost|p2a: Glalie|spd|2\n|-unboost|p2a: Glalie|def|1\n|upkeep\n|turn|25\n|\n|t:|1776396305\n|switch|p1a: Charizard|Charizard, L50, M|100/100\n|cant|p2a: Glalie|slp\n|\n|-ability|p2a: Glalie|Moody|boost\n|-boost|p2a: Glalie|def|2\n|-unboost|p2a: Glalie|spe|1\n|upkeep\n|turn|26\n|\n|t:|1776396350\n|detailschange|p1a: Charizard|Charizard-Mega-Y, L50, M\n|-mega|p1a: Charizard|Charizard|Charizardite Y\n|-weather|SunnyDay|[from] ability: Drought|[of] p1a: Charizard\n|-curestatus|p2a: Glalie|slp|[msg]\n|move|p2a: Glalie|Rest|p2a: Glalie\n|-status|p2a: Glalie|slp|[from] move: Rest\n|-heal|p2a: Glalie|100/100 slp|[silent]\n|move|p1a: Charizard|Air Slash|p2a: Glalie\n|-damage|p2a: Glalie|84/100 slp\n|\n|-weather|SunnyDay|[upkeep]\n|-ability|p2a: Glalie|Moody|boost\n|-boost|p2a: Glalie|spe|1\n|-unboost|p2a: Glalie|def|1\n|upkeep\n|turn|27\n|\n|t:|1776396365\n|cant|p2a: Glalie|slp\n|move|p1a: Charizard|Weather Ball|p2a: Glalie\n|-supereffective|p2a: Glalie|1\n|-damage|p2a: Glalie|23/100 slp\n|\n|-weather|SunnyDay|[upkeep]\n|-ability|p2a: Glalie|Moody|boost\n|-boost|p2a: Glalie|spa|2\n|-unboost|p2a: Glalie|spe|1\n|upkeep\n|turn|28\n|\n|t:|1776396374\n|cant|p2a: Glalie|slp\n|move|p1a: Charizard|Weather Ball|p2a: Glalie\n|-supereffective|p2a: Glalie|1\n|-damage|p2a: Glalie|0 fnt\n|faint|p2a: Glalie\n|\n|-weather|SunnyDay|[upkeep]\n|upkeep\n|\n|t:|1776396377\n|switch|p2a: Hydrapple|Hydrapple, L50, F|100/100\n|turn|29\n|inactive|Battle timer is ON: inactive players will automatically lose when time's up. (requested by Mr. Bean Stan)\n|\n|t:|1776396412\n|move|p1a: Charizard|Air Slash|p2a: Hydrapple\n|-supereffective|p2a: Hydrapple|1\n|-damage|p2a: Hydrapple|11/100\n|move|p2a: Hydrapple|Yawn|p1a: Charizard\n|-start|p1a: Charizard|move: Yawn|[of] p2a: Hydrapple\n|\n|-weather|SunnyDay|[upkeep]\n|upkeep\n|turn|30\n|\n|t:|1776396423\n|move|p1a: Charizard|Air Slash|p2a: Hydrapple\n|-supereffective|p2a: Hydrapple|1\n|-damage|p2a: Hydrapple|0 fnt\n|faint|p2a: Hydrapple\n|\n|-weather|none\n|-end|p1a: Charizard|move: Yawn|[silent]\n|-status|p1a: Charizard|slp\n|upkeep\n|\n|t:|1776396424\n|switch|p2a: Kingambit|Kingambit, L50, F|100/100\n|turn|31\n|\n|t:|1776396440\n|switch|p1a: Whimsicott|Whimsicott, L50, F|100/100\n|move|p2a: Kingambit|Swords Dance|p2a: Kingambit\n|-boost|p2a: Kingambit|atk|2\n|\n|upkeep\n|turn|32\n|\n|t:|1776396449\n|move|p1a: Whimsicott|Leech Seed|p2a: Kingambit\n|-hint|Since gen 7, Dark is immune to Prankster moves.\n|-immune|p2a: Kingambit\n|move|p2a: Kingambit|Swords Dance|p2a: Kingambit\n|-boost|p2a: Kingambit|atk|2\n|\n|upkeep\n|turn|33\n|\n|t:|1776396460\n|move|p1a: Whimsicott|Stun Spore|p2a: Kingambit\n|-hint|Since gen 7, Dark is immune to Prankster moves.\n|-immune|p2a: Kingambit\n|move|p2a: Kingambit|Kowtow Cleave|p1a: Whimsicott\n|-resisted|p1a: Whimsicott|1\n|-damage|p1a: Whimsicott|7/100\n|\n|-heal|p1a: Whimsicott|13/100|[from] item: Leftovers\n|upkeep\n|turn|34\n|\n|t:|1776396473\n|move|p1a: Whimsicott|Leech Seed|p2a: Kingambit\n|-hint|Since gen 7, Dark is immune to Prankster moves.\n|-immune|p2a: Kingambit\n|move|p2a: Kingambit|Kowtow Cleave|p1a: Whimsicott\n|-resisted|p1a: Whimsicott|1\n|-damage|p1a: Whimsicott|0 fnt\n|faint|p1a: Whimsicott\n|\n|upkeep\n|\n|t:|1776396488\n|switch|p1a: Vivillon|Vivillon-Pokeball, L50, M|98/100\n|turn|35\n|\n|t:|1776396492\n|move|p1a: Vivillon|Sleep Powder|p2a: Kingambit\n|-status|p2a: Kingambit|slp|[from] move: Sleep Powder\n|cant|p2a: Kingambit|slp\n|\n|upkeep\n|turn|36\n|\n|t:|1776396498\n|move|p1a: Vivillon|Substitute|p1a: Vivillon\n|-start|p1a: Vivillon|Substitute\n|-damage|p1a: Vivillon|73/100\n|cant|p2a: Kingambit|slp\n|\n|upkeep\n|turn|37\n|\n|t:|1776396505\n|move|p1a: Vivillon|Quiver Dance|p1a: Vivillon\n|-boost|p1a: Vivillon|spa|1\n|-boost|p1a: Vivillon|spd|1\n|-boost|p1a: Vivillon|spe|1\n|-curestatus|p2a: Kingambit|slp|[msg]\n|move|p2a: Kingambit|Kowtow Cleave|p1a: Vivillon\n|-end|p1a: Vivillon|Substitute\n|\n|upkeep\n|turn|38\n|\n|t:|1776396513\n|move|p1a: Vivillon|Sleep Powder|p2a: Kingambit\n|-status|p2a: Kingambit|slp|[from] move: Sleep Powder\n|cant|p2a: Kingambit|slp\n|\n|upkeep\n|turn|39\n|\n|t:|1776396519\n|move|p1a: Vivillon|Substitute|p1a: Vivillon\n|-start|p1a: Vivillon|Substitute\n|-damage|p1a: Vivillon|48/100\n|cant|p2a: Kingambit|slp\n|\n|upkeep\n|turn|40\n|\n|t:|1776396531\n|move|p1a: Vivillon|Quiver Dance|p1a: Vivillon\n|-boost|p1a: Vivillon|spa|1\n|-boost|p1a: Vivillon|spd|1\n|-boost|p1a: Vivillon|spe|1\n|-curestatus|p2a: Kingambit|slp|[msg]\n|move|p2a: Kingambit|Iron Head|p1a: Vivillon\n|-end|p1a: Vivillon|Substitute\n|\n|upkeep\n|turn|41\n|\n|t:|1776396539\n|move|p1a: Vivillon|Sleep Powder|p2a: Kingambit\n|-status|p2a: Kingambit|slp|[from] move: Sleep Powder\n|cant|p2a: Kingambit|slp\n|\n|upkeep\n|turn|42\n|\n|t:|1776396544\n|move|p1a: Vivillon|Substitute|p1a: Vivillon\n|-start|p1a: Vivillon|Substitute\n|-damage|p1a: Vivillon|23/100\n|-curestatus|p2a: Kingambit|slp|[msg]\n|move|p2a: Kingambit|Iron Head|p1a: Vivillon\n|-crit|p1a: Vivillon\n|-end|p1a: Vivillon|Substitute\n|\n|upkeep\n|turn|43\n|\n|t:|1776396552\n|move|p1a: Vivillon|Sleep Powder|p2a: Kingambit\n|-status|p2a: Kingambit|slp|[from] move: Sleep Powder\n|cant|p2a: Kingambit|slp\n|\n|upkeep\n|turn|44\n|\n|t:|1776396557\n|move|p1a: Vivillon|Giga Drain|p2a: Kingambit\n|-resisted|p2a: Kingambit|1\n|-damage|p2a: Kingambit|82/100 slp\n|-heal|p1a: Vivillon|36/100|[from] drain|[of] p2a: Kingambit\n|-heal|p1a: Vivillon|39/100|[from] item: Shell Bell|[of] p2a: Kingambit\n|cant|p2a: Kingambit|slp\n|\n|upkeep\n|turn|45\n|\n|t:|1776396568\n|move|p1a: Vivillon|Substitute|p1a: Vivillon\n|-start|p1a: Vivillon|Substitute\n|-damage|p1a: Vivillon|14/100\n|-curestatus|p2a: Kingambit|slp|[msg]\n|move|p2a: Kingambit|Iron Head|p1a: Vivillon\n|-end|p1a: Vivillon|Substitute\n|\n|upkeep\n|turn|46\n|\n|t:|1776396575\n|move|p1a: Vivillon|Sleep Powder|p2a: Kingambit\n|-status|p2a: Kingambit|slp|[from] move: Sleep Powder\n|cant|p2a: Kingambit|slp\n|\n|upkeep\n|turn|47\n|\n|t:|1776396583\n|move|p1a: Vivillon|Giga Drain|p2a: Kingambit\n|-resisted|p2a: Kingambit|1\n|-damage|p2a: Kingambit|61/100 slp\n|-heal|p1a: Vivillon|27/100|[from] drain|[of] p2a: Kingambit\n|-heal|p1a: Vivillon|30/100|[from] item: Shell Bell|[of] p2a: Kingambit\n|cant|p2a: Kingambit|slp\n|\n|upkeep\n|turn|48\n|\n|t:|1776396595\n|move|p1a: Vivillon|Substitute|p1a: Vivillon\n|-start|p1a: Vivillon|Substitute\n|-damage|p1a: Vivillon|6/100\n|-curestatus|p2a: Kingambit|slp|[msg]\n|move|p2a: Kingambit|Iron Head|p1a: Vivillon\n|-end|p1a: Vivillon|Substitute\n|\n|upkeep\n|turn|49\n|\n|t:|1776396603\n|move|p1a: Vivillon|Sleep Powder|p2a: Kingambit\n|-status|p2a: Kingambit|slp|[from] move: Sleep Powder\n|cant|p2a: Kingambit|slp\n|\n|upkeep\n|turn|50\n|\n|t:|1776396608\n|switch|p1a: Charizard|Charizard-Mega-Y, L50, M|100/100 slp\n|-weather|SunnyDay|[from] ability: Drought|[of] p1a: Charizard\n|cant|p2a: Kingambit|slp\n|\n|-weather|SunnyDay|[upkeep]\n|upkeep\n|turn|51\n|\n|t:|1776396617\n|cant|p1a: Charizard|slp\n|-curestatus|p2a: Kingambit|slp|[msg]\n|move|p2a: Kingambit|Kowtow Cleave|p1a: Charizard\n|-damage|p1a: Charizard|0 fnt\n|faint|p1a: Charizard\n|\n|-weather|SunnyDay|[upkeep]\n|upkeep\n|\n|t:|1776396624\n|switch|p1a: Vivillon|Vivillon-Pokeball, L50, M|6/100\n|turn|52\n|\n|t:|1776396628\n|move|p1a: Vivillon|Sleep Powder|p2a: Kingambit\n|-status|p2a: Kingambit|slp|[from] move: Sleep Powder\n|cant|p2a: Kingambit|slp\n|\n|-weather|SunnyDay|[upkeep]\n|upkeep\n|turn|53\n|\n|t:|1776396633\n|move|p1a: Vivillon|Giga Drain|p2a: Kingambit\n|-resisted|p2a: Kingambit|1\n|-damage|p2a: Kingambit|51/100 slp\n|-heal|p1a: Vivillon|13/100|[from] drain|[of] p2a: Kingambit\n|-heal|p1a: Vivillon|14/100|[from] item: Shell Bell|[of] p2a: Kingambit\n|cant|p2a: Kingambit|slp\n|\n|-weather|SunnyDay|[upkeep]\n|upkeep\n|turn|54\n|-message|RD919 forfeited.\n|\n|win|Mr. Bean Stan\n|raw|RD919's rating: 1107 &rarr; <strong>1088</strong><br />(-19 for losing)\n|raw|Mr. Bean Stan's rating: 1193 &rarr; <strong>1212</strong><br />(+19 for winning)\n|l|\u2606RD919\n|player|p1|\n|c|\u2606Mr. Bean Stan|ggs\n",
  "uploadtime": 1776396646,
  "views": 11,
  "formatid": "gen9championsbssregma",
  "rating": 1088,
  "private": 0,
  "password": null
}