{
  "id": "gen9championsbssregma-2586789030",
  "format": "[Gen 9 Champions] BSS Reg M-A",
  "players": [
    "RobinOfYlisse",
    "Voltaris33"
  ],
  "log": "|j|\u2606RobinOfYlisse\n|j|\u2606Voltaris33\n|t:|1776460017\n|gametype|singles\n|player|p1|RobinOfYlisse|leaf-masters|1095\n|player|p2|Voltaris33|unknownf|1061\n|gen|9\n|tier|[Gen 9 Champions] BSS Reg M-A\n|rated|\n|rule|Species Clause: Limit one of each Pok\u00e9mon\n|rule|Item Clause: Limit 1 of each item\n|clearpoke\n|poke|p1|Tyranitar, L50, M|\n|poke|p1|Vaporeon, L50, M|\n|poke|p1|Gardevoir, L50, F|\n|poke|p1|Meowscarada, L50, M|\n|poke|p1|Weavile, L50, F|\n|poke|p1|Excadrill, L50, M|\n|poke|p2|Skarmory, L50, M|\n|poke|p2|Garchomp, L50, M|\n|poke|p2|Aggron, L50, F|\n|poke|p2|Armarouge, L50, M|\n|poke|p2|Zoroark-Hisui, L50, F|\n|poke|p2|Vaporeon, L50, M|\n|teampreview|3\n|inactive|Battle timer is ON: inactive players will automatically lose when time's up. (requested by Voltaris33)\n|c|\u2606RobinOfYlisse|glhf\n|\n|t:|1776460035\n|teamsize|p1|3\n|teamsize|p2|3\n|start\n|switch|p1a: Vaporeon|Vaporeon, L50, M|100/100\n|switch|p2a: Aggron|Aggron, L50, F|100/100\n|turn|1\n|\n|t:|1776460048\n|move|p2a: Aggron|Trick|p1a: Vaporeon\n|-activate|p2a: Aggron|move: Trick|[of] p1a: Vaporeon\n|-item|p1a: Vaporeon|Choice Scarf|[from] move: Trick\n|-item|p2a: Aggron|Quick Claw|[from] move: Trick\n|move|p1a: Vaporeon|Acid Armor|p1a: Vaporeon\n|-boost|p1a: Vaporeon|def|2\n|\n|upkeep\n|turn|2\n|\n|t:|1776460054\n|switch|p1a: Gardevoir|Gardevoir, L50, F, shiny|100/100\n|move|p2a: Aggron|Nasty Plot|p2a: Aggron\n|-boost|p2a: Aggron|spa|2\n|\n|upkeep\n|turn|3\n|\n|t:|1776460060\n|move|p2a: Aggron|Shadow Ball|p1a: Gardevoir\n|-supereffective|p1a: Gardevoir|1\n|-damage|p1a: Gardevoir|0 fnt\n|faint|p1a: Gardevoir\n|\n|upkeep\n|\n|t:|1776460063\n|switch|p1a: Tyranitar|Tyranitar, L50, M|100/100\n|-weather|Sandstorm|[from] ability: Sand Stream|[of] p1a: Tyranitar\n|turn|4\n|\n|t:|1776460078\n|switch|p2a: Aggron|Aggron, L50, F|100/100\n|detailschange|p1a: Tyranitar|Tyranitar-Mega, L50, M\n|-mega|p1a: Tyranitar|Tyranitar|Tyranitarite\n|move|p1a: Tyranitar|Dragon Dance|p1a: Tyranitar\n|-boost|p1a: Tyranitar|atk|1\n|-boost|p1a: Tyranitar|spe|1\n|\n|-weather|Sandstorm|[upkeep]\n|upkeep\n|turn|5\n|\n|t:|1776460094\n|detailschange|p2a: Aggron|Aggron-Mega, L50, F\n|-mega|p2a: Aggron|Aggron|Aggronite\n|move|p1a: Tyranitar|Rock Slide|p2a: Aggron|[miss]\n|-miss|p1a: Tyranitar|p2a: Aggron\n|move|p2a: Aggron|Body Press|p1a: Tyranitar\n|-supereffective|p1a: Tyranitar|2\n|-damage|p1a: Tyranitar|0 fnt\n|faint|p1a: Tyranitar\n|\n|-weather|Sandstorm|[upkeep]\n|upkeep\n|\n|t:|1776460097\n|switch|p1a: Vaporeon|Vaporeon, L50, M|100/100\n|turn|6\n|c|\u2606RobinOfYlisse|gg\n|inactive|Voltaris33 has 30 seconds left.\n|\n|t:|1776460123\n|move|p1a: Vaporeon|Scald|p2a: Aggron\n|-damage|p2a: Aggron|63/100\n|-status|p2a: Aggron|brn\n|move|p2a: Aggron|Iron Defense|p2a: Aggron\n|-boost|p2a: Aggron|def|2\n|\n|-weather|Sandstorm|[upkeep]\n|-damage|p1a: Vaporeon|95/100|[from] Sandstorm\n|-damage|p2a: Aggron|56/100 brn|[from] brn\n|upkeep\n|turn|7\n|inactive|RobinOfYlisse has 30 seconds left.\n|\n|t:|1776460154\n|move|p1a: Vaporeon|Scald|p2a: Aggron\n|-damage|p2a: Aggron|22/100 brn\n|move|p2a: Aggron|Rest|p2a: Aggron\n|-status|p2a: Aggron|slp|[from] move: Rest\n|-heal|p2a: Aggron|100/100 slp|[silent]\n|\n|-weather|Sandstorm|[upkeep]\n|-damage|p1a: Vaporeon|89/100|[from] Sandstorm\n|upkeep\n|turn|8\n|\n|t:|1776460160\n|move|p1a: Vaporeon|Scald|p2a: Aggron\n|-damage|p2a: Aggron|64/100 slp\n|cant|p2a: Aggron|slp\n|move|p2a: Aggron|Sleep Talk|p2a: Aggron\n|move|p2a: Aggron|Rest||[from] move: Sleep Talk|[still]\n|-fail|p2a: Aggron\n|\n|-weather|none\n|upkeep\n|turn|9\n|\n|t:|1776460164\n|move|p1a: Vaporeon|Scald|p2a: Aggron\n|-damage|p2a: Aggron|26/100 slp\n|cant|p2a: Aggron|slp\n|move|p2a: Aggron|Sleep Talk|p2a: Aggron\n|move|p2a: Aggron|Rest||[from] move: Sleep Talk|[still]\n|-fail|p2a: Aggron\n|\n|upkeep\n|turn|10\n|\n|t:|1776460169\n|switch|p2a: Aggron|Aggron-Mega, L50, F|100/100\n|move|p1a: Vaporeon|Scald|p2a: Aggron\n|-crit|p2a: Aggron\n|-damage|p2a: Aggron|3/100\n|-status|p2a: Aggron|brn\n|replace|p2a: Zoroark|Zoroark-Hisui, L50, F\n|-end|p2a: Zoroark|Illusion\n|\n|-damage|p2a: Zoroark|0 fnt|[from] brn\n|faint|p2a: Zoroark\n|upkeep\n|\n|t:|1776460171\n|switch|p2a: Garchomp|Garchomp, L50, M|100/100\n|turn|11\n|\n|t:|1776460177\n|move|p2a: Garchomp|Scale Shot|p1a: Vaporeon\n|-damage|p1a: Vaporeon|79/100\n|-damage|p1a: Vaporeon|69/100\n|-hitcount|p1a: Vaporeon|2\n|-unboost|p2a: Garchomp|def|1\n|-boost|p2a: Garchomp|spe|1\n|move|p1a: Vaporeon|Scald|p2a: Garchomp\n|-damage|p2a: Garchomp|66/100\n|-status|p2a: Garchomp|brn\n|\n|-damage|p2a: Garchomp|60/100 brn|[from] brn\n|upkeep\n|turn|12\n|\n|t:|1776460179\n|move|p2a: Garchomp|Swords Dance|p2a: Garchomp\n|-boost|p2a: Garchomp|atk|2\n|move|p1a: Vaporeon|Scald|p2a: Garchomp\n|-crit|p2a: Garchomp\n|-damage|p2a: Garchomp|6/100 brn\n|\n|-damage|p2a: Garchomp|0 fnt|[from] brn\n|faint|p2a: Garchomp\n|upkeep\n|\n|t:|1776460181\n|switch|p2a: Aggron|Aggron-Mega, L50, F|26/100 slp\n|turn|13\n|\n|t:|1776460185\n|move|p1a: Vaporeon|Scald|p2a: Aggron\n|-damage|p2a: Aggron|0 fnt\n|faint|p2a: Aggron\n|\n|win|RobinOfYlisse\n|raw|RobinOfYlisse's rating: 1095 &rarr; <strong>1118</strong><br />(+23 for winning)\n|raw|Voltaris33's rating: 1061 &rarr; <strong>1044</strong><br />(-17 for losing)\n|c|\u2606RobinOfYlisse|well played\n|l|\u2606Voltaris33\n|player|p2|\n",
  "uploadtime": 1776460277,
  "views": 6,
  "formatid": "gen9championsbssregma",
  "rating": 1044,
  "private": 0,
  "password": null
}