{
  "id": "gen9championsbssregma-2583098082",
  "format": "[Gen 9 Champions] BSS Reg M-A",
  "players": [
    "bandai home",
    "Mr.Ohkido"
  ],
  "log": "|j|\u2606bandai home\n|j|\u203dMr.Ohkido\n|t:|1776141741\n|gametype|singles\n|player|p1|bandai home|170|1271\n|player|p2|Mr.Ohkido|1|1293\n|gen|9\n|tier|[Gen 9 Champions] BSS Reg M-A\n|rated|\n|rule|Species Clause: Limit one of each Pok\u00e9mon\n|rule|Item Clause: Limit 1 of each item\n|clearpoke\n|poke|p1|Dragapult, L50, M|\n|poke|p1|Floette-Eternal, L50, F|\n|poke|p1|Scovillain, L50, F|\n|poke|p1|Kingambit, L50, F|\n|poke|p1|Corviknight, L50, F|\n|poke|p1|Arcanine-Hisui, L50, F|\n|poke|p2|Corviknight, L50, F|\n|poke|p2|Bellibolt, L50, F|\n|poke|p2|Garchomp, L50, F|\n|poke|p2|Slowbro, L50, M|\n|poke|p2|Gengar, L50, M|\n|poke|p2|Meowscarada, L50, F|\n|teampreview|3\n|inactive|Battle timer is ON: inactive players will automatically lose when time's up. (requested by bandai home)\n|j| p74\n|\n|t:|1776141789\n|teamsize|p1|3\n|teamsize|p2|3\n|start\n|switch|p1a: Scovillain|Scovillain, L50, F|100/100\n|switch|p2a: Meowscarada|Meowscarada, L50, F|100/100\n|turn|1\n|inactive|Mr.Ohkido has 30 seconds left.\n|inactive|Mr.Ohkido has 20 seconds left.\n|\n|t:|1776141832\n|move|p2a: Meowscarada|Knock Off|p1a: Scovillain\n|-damage|p1a: Scovillain|71/100\n|move|p1a: Scovillain|Substitute|p1a: Scovillain\n|-start|p1a: Scovillain|Substitute\n|-damage|p1a: Scovillain|46/100\n|\n|-ability|p1a: Scovillain|Moody|boost\n|-boost|p1a: Scovillain|spe|2\n|-unboost|p1a: Scovillain|atk|1\n|upkeep\n|turn|2\n|\n|t:|1776141843\n|switch|p2a: Bellibolt|Bellibolt, L50, F|100/100\n|move|p1a: Scovillain|Flamethrower|p2a: Bellibolt\n|-damage|p2a: Bellibolt|78/100\n|-status|p2a: Bellibolt|brn\n|-start|p2a: Bellibolt|Charge|Flamethrower|[from] ability: Electromorphosis\n|\n|-damage|p2a: Bellibolt|72/100 brn|[from] brn\n|-ability|p1a: Scovillain|Moody|boost\n|-boost|p1a: Scovillain|def|2\n|-unboost|p1a: Scovillain|spe|1\n|upkeep\n|turn|3\n|\n|t:|1776141857\n|move|p1a: Scovillain|Ingrain|p1a: Scovillain\n|-start|p1a: Scovillain|move: Ingrain\n|move|p2a: Bellibolt|Volt Switch|p1a: Scovillain\n|-resisted|p1a: Scovillain|1\n|-end|p1a: Scovillain|Substitute\n|-end|p2a: Bellibolt|Charge|[silent]\n|\n|t:|1776141873\n|switch|p2a: Meowscarada|Meowscarada, L50, F|100/100|[from] Volt Switch\n|\n|-heal|p1a: Scovillain|52/100|[from] Ingrain\n|-ability|p1a: Scovillain|Moody|boost\n|-boost|p1a: Scovillain|spe|2\n|-unboost|p1a: Scovillain|spd|1\n|upkeep\n|turn|4\n|\n|t:|1776141894\n|move|p1a: Scovillain|Flamethrower|p2a: Meowscarada\n|-supereffective|p2a: Meowscarada|1\n|-damage|p2a: Meowscarada|14/100\n|-enditem|p2a: Meowscarada|Sitrus Berry|[eat]\n|-heal|p2a: Meowscarada|39/100|[from] item: Sitrus Berry\n|move|p2a: Meowscarada|Knock Off|p1a: Scovillain\n|-damage|p1a: Scovillain|37/100\n|\n|-heal|p1a: Scovillain|43/100|[from] Ingrain\n|-ability|p1a: Scovillain|Moody|boost\n|-boost|p1a: Scovillain|spd|2\n|-unboost|p1a: Scovillain|atk|1\n|upkeep\n|turn|5\n|-message|Mr.Ohkido forfeited.\n|\n|win|bandai home\n|raw|bandai home's rating: 1271 &rarr; <strong>1298</strong><br />(+27 for winning)\n|raw|Mr.Ohkido's rating: 1293 &rarr; <strong>1266</strong><br />(-27 for losing)\n|l|\u203dMr.Ohkido\n|player|p2|\n|l|\u2606bandai home\n|player|p1|\n|l| p74\n",
  "uploadtime": 1776141917,
  "views": 9,
  "formatid": "gen9championsbssregma",
  "rating": 1266,
  "private": 0,
  "password": null
}