{
  "id": "gen9championsbssregma-2583386276",
  "format": "[Gen 9 Champions] BSS Reg M-A",
  "players": [
    "lawofdeath",
    "ljh4874484"
  ],
  "log": "|j|\u2606lawofdeath\n|j|\u2606ljh4874484\n|t:|1776172062\n|gametype|singles\n|player|p1|lawofdeath|101|1103\n|player|p2|ljh4874484|misty|1128\n|gen|9\n|tier|[Gen 9 Champions] BSS Reg M-A\n|rated|\n|rule|Species Clause: Limit one of each Pok\u00e9mon\n|rule|Item Clause: Limit 1 of each item\n|clearpoke\n|poke|p1|Corviknight, L50, F|\n|poke|p1|Rotom-Wash, L50|\n|poke|p1|Ceruledge, L50, M|\n|poke|p1|Tyranitar, L50, F|\n|poke|p1|Garchomp, L50, M|\n|poke|p1|Charizard, L50, F|\n|poke|p2|Venusaur, L50, F|\n|poke|p2|Hippowdon, L50, F|\n|poke|p2|Hydreigon, L50, F|\n|poke|p2|Charizard, L50, M|\n|poke|p2|Kingambit, L50, M|\n|poke|p2|Sylveon, L50, M|\n|teampreview|3\n|\n|t:|1776172117\n|teamsize|p1|3\n|teamsize|p2|3\n|start\n|switch|p1a: Corviknight|Corviknight, L50, F|100/100\n|switch|p2a: Hydreigon|Hydreigon, L50, F, shiny|100/100\n|-ability|p1a: Corviknight|Pressure\n|turn|1\n|inactive|Battle timer is ON: inactive players will automatically lose when time's up. (requested by ljh4874484)\n|\n|t:|1776172135\n|switch|p1a: Garchomp|Garchomp, L50, M|100/100\n|move|p2a: Hydreigon|Dark Pulse|p1a: Garchomp\n|-damage|p1a: Garchomp|49/100\n|\n|upkeep\n|turn|2\n|\n|t:|1776172143\n|move|p1a: Garchomp|Outrage|p2a: Hydreigon\n|-supereffective|p2a: Hydreigon|1\n|-damage|p2a: Hydreigon|0 fnt\n|faint|p2a: Hydreigon\n|\n|upkeep\n|\n|t:|1776172149\n|switch|p2a: Kingambit|Kingambit, L50, M|100/100\n|-activate|p2a: Kingambit|ability: Supreme Overlord\n|-start|p2a: Kingambit|fallen1|[silent]\n|turn|3\n|\n|t:|1776172153\n|move|p1a: Garchomp|Outrage|p2a: Kingambit|[from] lockedmove\n|-resisted|p2a: Kingambit|1\n|-damage|p2a: Kingambit|78/100\n|move|p2a: Kingambit|Swords Dance|p2a: Kingambit\n|-boost|p2a: Kingambit|atk|2\n|\n|upkeep\n|turn|4\n|\n|t:|1776172159\n|move|p2a: Kingambit|Sucker Punch|p1a: Garchomp\n|-damage|p1a: Garchomp|0 fnt\n|-damage|p2a: Kingambit|66/100|[from] ability: Rough Skin|[of] p1a: Garchomp\n|faint|p1a: Garchomp\n|\n|upkeep\n|\n|t:|1776172167\n|switch|p1a: Ceruledge|Ceruledge, L50, M|100/100\n|turn|5\n|\n|t:|1776172171\n|move|p2a: Kingambit|Sucker Punch|p1a: Ceruledge\n|-supereffective|p1a: Ceruledge|1\n|-enditem|p1a: Ceruledge|Focus Sash\n|-damage|p1a: Ceruledge|1/100\n|-ability|p1a: Ceruledge|Weak Armor|boost\n|-unboost|p1a: Ceruledge|def|1\n|-boost|p1a: Ceruledge|spe|2\n|move|p1a: Ceruledge|Bitter Blade|p2a: Kingambit\n|-supereffective|p2a: Kingambit|1\n|-damage|p2a: Kingambit|0 fnt\n|-heal|p1a: Ceruledge|45/100|[from] drain|[of] p2a: Kingambit\n|faint|p2a: Kingambit\n|-end|p2a: Kingambit|fallen1|[silent]\n|\n|upkeep\n|\n|t:|1776172173\n|switch|p2a: Charizard|Charizard, L50, M, shiny|100/100\n|turn|6\n|\n|t:|1776172187\n|detailschange|p2a: Charizard|Charizard-Mega-Y, L50, M, shiny\n|-mega|p2a: Charizard|Charizard|Charizardite Y\n|-weather|SunnyDay|[from] ability: Drought|[of] p2a: Charizard\n|move|p1a: Ceruledge|Poltergeist|p2a: Charizard|[miss]\n|-miss|p1a: Ceruledge|p2a: Charizard\n|move|p2a: Charizard|Flame Charge|p1a: Ceruledge\n|-resisted|p1a: Ceruledge|1\n|-damage|p1a: Ceruledge|19/100\n|-boost|p2a: Charizard|spe|1\n|-ability|p1a: Ceruledge|Weak Armor|boost\n|-unboost|p1a: Ceruledge|def|1\n|-boost|p1a: Ceruledge|spe|2\n|\n|-weather|SunnyDay|[upkeep]\n|upkeep\n|turn|7\n|\n|t:|1776172202\n|move|p1a: Ceruledge|Poltergeist|p2a: Charizard\n|-activate|p2a: Charizard|move: Poltergeist|Charizardite Y\n|-damage|p2a: Charizard|15/100\n|move|p2a: Charizard|Weather Ball|p1a: Ceruledge\n|-resisted|p1a: Ceruledge|1\n|-damage|p1a: Ceruledge|0 fnt\n|faint|p1a: Ceruledge\n|\n|-weather|SunnyDay|[upkeep]\n|upkeep\n|\n|t:|1776172210\n|switch|p1a: Corviknight|Corviknight, L50, F|100/100\n|-ability|p1a: Corviknight|Pressure\n|turn|8\n|\n|t:|1776172221\n|move|p2a: Charizard|Weather Ball|p1a: Corviknight\n|-supereffective|p1a: Corviknight|1\n|-damage|p1a: Corviknight|0 fnt\n|faint|p1a: Corviknight\n|\n|win|ljh4874484\n|raw|lawofdeath's rating: 1103 &rarr; <strong>1080</strong><br />(-23 for losing)\n|raw|ljh4874484's rating: 1128 &rarr; <strong>1151</strong><br />(+23 for winning)\n|l|\u2606ljh4874484\n|player|p2|\n",
  "uploadtime": 1776172226,
  "views": 11,
  "formatid": "gen9championsbssregma",
  "rating": 1080,
  "private": 0,
  "password": null
}