{
  "id": "gen9championsbssregma-2586247689",
  "format": "[Gen 9 Champions] BSS Reg M-A",
  "players": [
    "Bbbkty",
    "Regal Angel"
  ],
  "log": "|j|\u2606Bbbkty\n|j|\u2606Regal Angel\n|t:|1776417063\n|gametype|singles\n|player|p1|Bbbkty|2|1079\n|player|p2|Regal Angel|pokemonranger-gen4|1100\n|gen|9\n|tier|[Gen 9 Champions] BSS Reg M-A\n|rated|\n|rule|Species Clause: Limit one of each Pok\u00e9mon\n|rule|Item Clause: Limit 1 of each item\n|clearpoke\n|poke|p1|Clefable, L50, F|\n|poke|p1|Charizard, L50, M|\n|poke|p1|Mimikyu, L50, M|\n|poke|p1|Kingambit, L50, F|\n|poke|p1|Espathra, L50, F|\n|poke|p1|Glimmora, L50, F|\n|poke|p2|Armarouge, L50, M|\n|poke|p2|Lopunny, L50, M|\n|poke|p2|Gardevoir, L50, M|\n|poke|p2|Dragonite, L50, M|\n|poke|p2|Garchomp, L50, F|\n|poke|p2|Incineroar, L50, F|\n|teampreview|3\n|inactive|Battle timer is ON: inactive players will automatically lose when time's up. (requested by Regal Angel)\n|inactive|Regal Angel has 60 seconds left.\n|\n|t:|1776417105\n|teamsize|p1|3\n|teamsize|p2|3\n|start\n|switch|p1a: Glimmora|Glimmora, L50, F, shiny|100/100\n|switch|p2a: Gardevoir|Gardevoir, L50, M|100/100\n|-ability|p2a: Gardevoir|Toxic Debris|Trace|[from] ability: Trace|[of] p1a: Glimmora\n|turn|1\n|\n|t:|1776417115\n|detailschange|p2a: Gardevoir|Gardevoir-Mega, L50, M\n|-mega|p2a: Gardevoir|Gardevoir|Gardevoirite\n|move|p2a: Gardevoir|Calm Mind|p2a: Gardevoir\n|-boost|p2a: Gardevoir|spa|1\n|-boost|p2a: Gardevoir|spd|1\n|move|p1a: Glimmora|Stealth Rock|p2a: Gardevoir\n|-sidestart|p2: Regal Angel|move: Stealth Rock\n|\n|upkeep\n|turn|2\n|\n|t:|1776417119\n|move|p2a: Gardevoir|Expanding Force|p1a: Glimmora\n|-supereffective|p1a: Glimmora|1\n|-enditem|p1a: Glimmora|Focus Sash\n|-damage|p1a: Glimmora|1/100\n|move|p1a: Glimmora|Mortal Spin|p2a: Gardevoir\n|-supereffective|p2a: Gardevoir|1\n|-damage|p2a: Gardevoir|78/100\n|-status|p2a: Gardevoir|psn\n|\n|-damage|p2a: Gardevoir|66/100 psn|[from] psn\n|upkeep\n|turn|3\n|\n|t:|1776417124\n|move|p2a: Gardevoir|Hyper Voice|p1a: Glimmora\n|-resisted|p1a: Glimmora|1\n|-damage|p1a: Glimmora|0 fnt\n|faint|p1a: Glimmora\n|\n|-damage|p2a: Gardevoir|54/100 psn|[from] psn\n|upkeep\n|\n|t:|1776417128\n|switch|p1a: Espathra|Espathra, L50, F, shiny|100/100\n|turn|4\n|\n|t:|1776417131\n|move|p1a: Espathra|Protect|p1a: Espathra\n|-singleturn|p1a: Espathra|Protect\n|move|p2a: Gardevoir|Hyper Voice|p1a: Espathra\n|-activate|p1a: Espathra|move: Protect\n|\n|-damage|p2a: Gardevoir|42/100 psn|[from] psn\n|-ability|p1a: Espathra|Speed Boost|boost\n|-boost|p1a: Espathra|spe|1\n|upkeep\n|turn|5\n|\n|t:|1776417139\n|move|p1a: Espathra|Calm Mind|p1a: Espathra\n|-boost|p1a: Espathra|spa|1\n|-boost|p1a: Espathra|spd|1\n|move|p2a: Gardevoir|Mystical Fire|p1a: Espathra\n|-damage|p1a: Espathra|61/100\n|-unboost|p1a: Espathra|spa|1\n|\n|-damage|p2a: Gardevoir|31/100 psn|[from] psn\n|-ability|p1a: Espathra|Speed Boost|boost\n|-boost|p1a: Espathra|spe|1\n|upkeep\n|turn|6\n|\n|t:|1776417145\n|move|p1a: Espathra|Protect|p1a: Espathra\n|-singleturn|p1a: Espathra|Protect\n|move|p2a: Gardevoir|Mystical Fire|p1a: Espathra\n|-activate|p1a: Espathra|move: Protect\n|\n|-damage|p2a: Gardevoir|19/100 psn|[from] psn\n|-ability|p1a: Espathra|Speed Boost|boost\n|-boost|p1a: Espathra|spe|1\n|upkeep\n|turn|7\n|\n|t:|1776417151\n|move|p1a: Espathra|Calm Mind|p1a: Espathra\n|-boost|p1a: Espathra|spa|1\n|-boost|p1a: Espathra|spd|1\n|move|p2a: Gardevoir|Mystical Fire|p1a: Espathra\n|-damage|p1a: Espathra|29/100\n|-unboost|p1a: Espathra|spa|1\n|-enditem|p1a: Espathra|Sitrus Berry|[eat]\n|-heal|p1a: Espathra|53/100|[from] item: Sitrus Berry\n|\n|-damage|p2a: Gardevoir|7/100 psn|[from] psn\n|-ability|p1a: Espathra|Speed Boost|boost\n|-boost|p1a: Espathra|spe|1\n|upkeep\n|turn|8\n|\n|t:|1776417157\n|move|p1a: Espathra|Protect|p1a: Espathra\n|-singleturn|p1a: Espathra|Protect\n|move|p2a: Gardevoir|Mystical Fire|p1a: Espathra\n|-activate|p1a: Espathra|move: Protect\n|\n|-damage|p2a: Gardevoir|0 fnt|[from] psn\n|faint|p2a: Gardevoir\n|-ability|p1a: Espathra|Speed Boost|boost\n|-boost|p1a: Espathra|spe|1\n|upkeep\n|\n|t:|1776417166\n|switch|p2a: Dragonite|Dragonite, L50, M|100/100\n|-damage|p2a: Dragonite|76/100|[from] Stealth Rock\n|turn|9\n|\n|t:|1776417172\n|move|p1a: Espathra|Baton Pass|p1a: Espathra\n|\n|t:|1776417174\n|switch|p1a: Clefable|Clefable, L50, F, shiny|100/100|[from] Baton Pass\n|move|p2a: Dragonite|Dragon Dance|p2a: Dragonite\n|-boost|p2a: Dragonite|atk|1\n|-boost|p2a: Dragonite|spe|1\n|\n|upkeep\n|turn|10\n|\n|t:|1776417180\n|detailschange|p1a: Clefable|Clefable-Mega, L50, F, shiny\n|-mega|p1a: Clefable|Clefable|Clefablite\n|move|p1a: Clefable|Cosmic Power|p1a: Clefable\n|-boost|p1a: Clefable|def|1\n|-boost|p1a: Clefable|spd|1\n|move|p2a: Dragonite|Earthquake|p1a: Clefable\n|-immune|p1a: Clefable\n|\n|upkeep\n|turn|11\n|-message|Regal Angel forfeited.\n|\n|win|Bbbkty\n|raw|Bbbkty's rating: 1079 &rarr; <strong>1109</strong><br />(+30 for winning)\n|raw|Regal Angel's rating: 1100 &rarr; <strong>1073</strong><br />(-27 for losing)\n|l|\u2606Regal Angel\n|player|p2|\n",
  "uploadtime": 1776417202,
  "views": 3,
  "formatid": "gen9championsbssregma",
  "rating": 1073,
  "private": 0,
  "password": null
}