{
  "id": "gen9championsbssregma-2585913170",
  "format": "[Gen 9 Champions] BSS Reg M-A",
  "players": [
    "idunnoagoodnam",
    "NovaBoltSpider"
  ],
  "log": "|j|\u2606idunnoagoodnam\n|j|\u2606NovaBoltSpider\n|t:|1776380890\n|gametype|singles\n|player|p1|idunnoagoodnam|169|1149\n|player|p2|NovaBoltSpider|red|1147\n|gen|9\n|tier|[Gen 9 Champions] BSS Reg M-A\n|rated|\n|rule|Species Clause: Limit one of each Pok\u00e9mon\n|rule|Item Clause: Limit 1 of each item\n|clearpoke\n|poke|p1|Lopunny, L50, F|\n|poke|p1|Primarina, L50, F|\n|poke|p1|Corviknight, L50, M|\n|poke|p1|Meowscarada, L50, M|\n|poke|p1|Garchomp, L50, M|\n|poke|p1|Delphox, L50, F|\n|poke|p2|Feraligatr, L50, M|\n|poke|p2|Greninja-*, L50, M|\n|poke|p2|Garchomp, L50, M|\n|poke|p2|Dragapult, L50, M|\n|poke|p2|Corviknight, L50, M|\n|poke|p2|Excadrill, L50, M|\n|teampreview|3\n|inactive|Battle timer is ON: inactive players will automatically lose when time's up. (requested by NovaBoltSpider)\n|\n|t:|1776380906\n|teamsize|p1|3\n|teamsize|p2|3\n|start\n|switch|p1a: Meowscarada|Meowscarada, L50, M|100/100\n|switch|p2a: Greninja|Greninja, L50, M|100/100\n|turn|1\n|\n|t:|1776380908\n|switch|p2a: Corviknight|Corviknight, L50, M|100/100\n|-ability|p2a: Corviknight|Pressure\n|move|p1a: Meowscarada|Play Rough|p2a: Corviknight\n|-start|p1a: Meowscarada|typechange|Fairy|[from] ability: Protean\n|-resisted|p2a: Corviknight|1\n|-damage|p2a: Corviknight|84/100\n|\n|upkeep\n|turn|2\n|\n|t:|1776380912\n|switch|p1a: Corviknight|Corviknight, L50, M, shiny|100/100\n|-ability|p1a: Corviknight|Pressure\n|switch|p2a: Greninja|Greninja, L50, M|100/100\n|\n|upkeep\n|turn|3\n|\n|t:|1776380920\n|switch|p2a: Corviknight|Corviknight, L50, M|84/100\n|-ability|p2a: Corviknight|Pressure\n|move|p1a: Corviknight|Body Press|p2a: Corviknight\n|-damage|p2a: Corviknight|61/100\n|\n|upkeep\n|turn|4\n|\n|t:|1776380925\n|move|p2a: Corviknight|Roost|p2a: Corviknight\n|-heal|p2a: Corviknight|100/100\n|-singleturn|p2a: Corviknight|move: Roost\n|move|p1a: Corviknight|Body Press|p2a: Corviknight\n|-supereffective|p2a: Corviknight|1\n|-damage|p2a: Corviknight|60/100\n|\n|upkeep\n|turn|5\n|\n|t:|1776380930\n|move|p2a: Corviknight|Iron Defense|p2a: Corviknight\n|-boost|p2a: Corviknight|def|2\n|move|p1a: Corviknight|Iron Defense|p1a: Corviknight\n|-boost|p1a: Corviknight|def|2\n|\n|upkeep\n|turn|6\n|\n|t:|1776380932\n|move|p2a: Corviknight|Iron Defense|p2a: Corviknight\n|-boost|p2a: Corviknight|def|2\n|move|p1a: Corviknight|Iron Defense|p1a: Corviknight\n|-boost|p1a: Corviknight|def|2\n|\n|upkeep\n|turn|7\n|\n|t:|1776380934\n|move|p1a: Corviknight|Iron Defense|p1a: Corviknight\n|-boost|p1a: Corviknight|def|2\n|move|p2a: Corviknight|Iron Defense|p2a: Corviknight\n|-boost|p2a: Corviknight|def|2\n|\n|upkeep\n|turn|8\n|\n|t:|1776380942\n|move|p1a: Corviknight|Body Press|p2a: Corviknight\n|-damage|p2a: Corviknight|37/100\n|-enditem|p2a: Corviknight|Sitrus Berry|[eat]\n|-heal|p2a: Corviknight|61/100|[from] item: Sitrus Berry\n|move|p2a: Corviknight|Roost|p2a: Corviknight\n|-heal|p2a: Corviknight|100/100\n|-singleturn|p2a: Corviknight|move: Roost\n|\n|upkeep\n|turn|9\n|\n|t:|1776380948\n|move|p2a: Corviknight|Body Press|p1a: Corviknight\n|-damage|p1a: Corviknight|87/100\n|move|p1a: Corviknight|Body Press|p2a: Corviknight\n|-damage|p2a: Corviknight|77/100\n|\n|-heal|p1a: Corviknight|93/100|[from] item: Leftovers\n|upkeep\n|turn|10\n|\n|t:|1776380954\n|move|p2a: Corviknight|Body Press|p1a: Corviknight\n|-damage|p1a: Corviknight|81/100\n|move|p1a: Corviknight|Body Press|p2a: Corviknight\n|-damage|p2a: Corviknight|55/100\n|\n|-heal|p1a: Corviknight|87/100|[from] item: Leftovers\n|upkeep\n|turn|11\n|\n|t:|1776380956\n|move|p1a: Corviknight|Body Press|p2a: Corviknight\n|-crit|p2a: Corviknight\n|-damage|p2a: Corviknight|0 fnt\n|faint|p2a: Corviknight\n|\n|-heal|p1a: Corviknight|93/100|[from] item: Leftovers\n|upkeep\n|\n|t:|1776380961\n|switch|p2a: Excadrill|Excadrill, L50, M|100/100\n|-ability|p2a: Excadrill|Mold Breaker\n|turn|12\n|\n|t:|1776380971\n|move|p2a: Excadrill|Horn Drill|p1a: Corviknight\n|-damage|p1a: Corviknight|0 fnt\n|faint|p1a: Corviknight\n|-ohko\n|\n|upkeep\n|c|\u2606idunnoagoodnam|Well then\n|\n|t:|1776380990\n|switch|p1a: Primarina|Primarina, L50, F|100/100\n|turn|13\n|\n|t:|1776380994\n|switch|p2a: Greninja|Greninja, L50, M|100/100\n|move|p1a: Primarina|Sparkling Aria|p2a: Greninja\n|-resisted|p2a: Greninja|1\n|-damage|p2a: Greninja|64/100\n|\n|upkeep\n|turn|14\n|\n|t:|1776381001\n|detailschange|p2a: Greninja|Greninja-Mega, L50, M\n|-mega|p2a: Greninja|Greninja|Greninjite\n|move|p2a: Greninja|Gunk Shot|p1a: Primarina\n|-start|p2a: Greninja|typechange|Poison|[from] ability: Protean\n|-supereffective|p1a: Primarina|1\n|-damage|p1a: Primarina|0 fnt\n|faint|p1a: Primarina\n|\n|upkeep\n|\n|t:|1776381007\n|switch|p1a: Meowscarada|Meowscarada, L50, M|100/100\n|turn|15\n|\n|t:|1776381012\n|switch|p2a: Excadrill|Excadrill, L50, M|100/100\n|-ability|p2a: Excadrill|Mold Breaker\n|move|p1a: Meowscarada|Knock Off|p2a: Excadrill\n|-start|p1a: Meowscarada|typechange|Dark|[from] ability: Protean\n|-damage|p2a: Excadrill|38/100\n|-enditem|p2a: Excadrill|Choice Scarf|[from] move: Knock Off|[of] p1a: Meowscarada\n|\n|upkeep\n|turn|16\n|\n|t:|1776381015\n|move|p1a: Meowscarada|Knock Off|p2a: Excadrill\n|-damage|p2a: Excadrill|0 fnt\n|faint|p2a: Excadrill\n|\n|upkeep\n|\n|t:|1776381017\n|switch|p2a: Greninja|Greninja-Mega, L50, M|64/100\n|turn|17\n|\n|t:|1776381021\n|move|p1a: Meowscarada|Knock Off|p2a: Greninja\n|-resisted|p2a: Greninja|1\n|-damage|p2a: Greninja|36/100\n|move|p2a: Greninja|U-turn|p1a: Meowscarada\n|-start|p2a: Greninja|typechange|Bug|[from] ability: Protean\n|-supereffective|p1a: Meowscarada|1\n|-damage|p1a: Meowscarada|0 fnt\n|faint|p1a: Meowscarada\n|\n|win|NovaBoltSpider\n|raw|idunnoagoodnam's rating: 1149 &rarr; <strong>1126</strong><br />(-23 for losing)\n|raw|NovaBoltSpider's rating: 1173 &rarr; <strong>1196</strong><br />(+23 for winning)\n|l|\u2606idunnoagoodnam\n|player|p1|\n|j|\u2606idunnoagoodnam\n|player|p1|idunnoagoodnam|169|\n",
  "uploadtime": 1776381026,
  "views": 15,
  "formatid": "gen9championsbssregma",
  "rating": 1126,
  "private": 0,
  "password": null
}