{
  "id": "gen9championsbssregma-2582204934",
  "format": "[Gen 9 Champions] BSS Reg M-A",
  "players": [
    "nagichan0121",
    "hrztkb"
  ],
  "log": "|j|\u2606nagichan0121\n|j|\u2606hrztkb\n|t:|1776071048\n|gametype|singles\n|player|p1|nagichan0121|2|1297\n|player|p2|hrztkb|169|1250\n|gen|9\n|tier|[Gen 9 Champions] BSS Reg M-A\n|rated|\n|rule|Species Clause: Limit one of each Pok\u00e9mon\n|rule|Item Clause: Limit 1 of each item\n|clearpoke\n|poke|p1|Garchomp, L50, M|\n|poke|p1|Hydreigon, L50, M|\n|poke|p1|Gengar, L50, F|\n|poke|p1|Corviknight, L50, M|\n|poke|p1|Toxapex, L50, M|\n|poke|p1|Beedrill, L50, M|\n|poke|p2|Gyarados, L50, M|\n|poke|p2|Hydreigon, L50, F|\n|poke|p2|Volcarona, L50, M|\n|poke|p2|Gallade, L50, M|\n|poke|p2|Venusaur, L50, F|\n|poke|p2|Archaludon, L50, F|\n|teampreview|3\n|\n|t:|1776071098\n|teamsize|p1|3\n|teamsize|p2|3\n|start\n|switch|p1a: Beedrill|Beedrill, L50, M|100/100\n|switch|p2a: Gallade|Gallade, L50, M|100/100\n|turn|1\n|\n|t:|1776071115\n|detailschange|p1a: Beedrill|Beedrill-Mega, L50, M\n|-mega|p1a: Beedrill|Beedrill|Beedrillite\n|move|p1a: Beedrill|U-turn|p2a: Gallade\n|-damage|p2a: Gallade|20/100\n|\n|t:|1776071129\n|switch|p1a: Corviknight|Corviknight, L50, M|100/100|[from] U-turn\n|-ability|p1a: Corviknight|Pressure\n|move|p2a: Gallade|Psycho Cut|p1a: Corviknight\n|-resisted|p1a: Corviknight|1\n|-damage|p1a: Corviknight|83/100\n|\n|-heal|p1a: Corviknight|89/100|[from] item: Leftovers\n|upkeep\n|turn|2\n|j| p74\n|\n|t:|1776071141\n|move|p2a: Gallade|Sacred Sword|p1a: Corviknight\n|-damage|p1a: Corviknight|40/100\n|move|p1a: Corviknight|U-turn|p2a: Gallade\n|-damage|p2a: Gallade|0 fnt\n|faint|p2a: Gallade\n|\n|t:|1776071147\n|switch|p1a: Beedrill|Beedrill-Mega, L50, M|100/100|[from] U-turn\n|\n|upkeep\n|\n|t:|1776071150\n|switch|p2a: Volcarona|Volcarona, L50, M|100/100\n|turn|3\n|\n|t:|1776071156\n|move|p1a: Beedrill|U-turn|p2a: Volcarona\n|-resisted|p2a: Volcarona|1\n|-damage|p2a: Volcarona|72/100\n|\n|t:|1776071159\n|switch|p1a: Toxapex|Toxapex, L50, M|100/100|[from] U-turn\n|move|p2a: Volcarona|Quiver Dance|p2a: Volcarona\n|-boost|p2a: Volcarona|spa|1\n|-boost|p2a: Volcarona|spd|1\n|-boost|p2a: Volcarona|spe|1\n|\n|-heal|p2a: Volcarona|78/100|[from] item: Leftovers\n|upkeep\n|turn|4\n|\n|t:|1776071169\n|switch|p2a: Venusaur|Venusaur, L50, F|100/100\n|move|p1a: Toxapex|Toxic|p2a: Venusaur\n|-immune|p2a: Venusaur\n|\n|upkeep\n|turn|5\n|\n|t:|1776071177\n|switch|p1a: Corviknight|Corviknight, L50, M|40/100\n|-ability|p1a: Corviknight|Pressure\n|move|p2a: Venusaur|Leech Seed|p1a: Corviknight\n|-start|p1a: Corviknight|move: Leech Seed\n|\n|-heal|p1a: Corviknight|46/100|[from] item: Leftovers\n|-damage|p1a: Corviknight|34/100|[from] Leech Seed|[of] p2a: Venusaur\n|upkeep\n|turn|6\n|\n|t:|1776071186\n|switch|p2a: Volcarona|Volcarona, L50, M|78/100\n|move|p1a: Corviknight|Roost|p1a: Corviknight\n|-heal|p1a: Corviknight|84/100\n|-singleturn|p1a: Corviknight|move: Roost\n|\n|-heal|p2a: Volcarona|84/100|[from] item: Leftovers\n|-heal|p1a: Corviknight|90/100|[from] item: Leftovers\n|-damage|p1a: Corviknight|78/100|[from] Leech Seed|[of] p2a: Volcarona\n|-heal|p2a: Volcarona|97/100|[silent]\n|upkeep\n|turn|7\n|\n|t:|1776071197\n|switch|p1a: Toxapex|Toxapex, L50, M|100/100\n|move|p2a: Volcarona|Quiver Dance|p2a: Volcarona\n|-boost|p2a: Volcarona|spa|1\n|-boost|p2a: Volcarona|spd|1\n|-boost|p2a: Volcarona|spe|1\n|\n|-heal|p2a: Volcarona|100/100|[from] item: Leftovers\n|upkeep\n|turn|8\n|\n|t:|1776071206\n|move|p2a: Volcarona|Giga Drain|p1a: Toxapex\n|-damage|p1a: Toxapex|78/100\n|move|p1a: Toxapex|Toxic|p2a: Volcarona\n|-status|p2a: Volcarona|tox\n|\n|-damage|p2a: Volcarona|95/100 tox|[from] psn\n|upkeep\n|turn|9\n|\n|t:|1776071213\n|switch|p2a: Venusaur|Venusaur, L50, F|100/100\n|move|p1a: Toxapex|Infestation|p2a: Venusaur\n|-damage|p2a: Venusaur|98/100\n|-activate|p2a: Venusaur|move: Infestation|[of] p1a: Toxapex\n|\n|-damage|p2a: Venusaur|86/100|[from] move: Infestation|[partiallytrapped]\n|upkeep\n|turn|10\n|\n|t:|1776071220\n|switch|p1a: Beedrill|Beedrill-Mega, L50, M|100/100\n|move|p2a: Venusaur|Leech Seed|p1a: Beedrill\n|-start|p1a: Beedrill|move: Leech Seed\n|\n|-damage|p1a: Beedrill|89/100|[from] Leech Seed|[of] p2a: Venusaur\n|-heal|p2a: Venusaur|95/100|[silent]\n|-end|p2a: Venusaur|Infestation|[partiallytrapped]|[silent]\n|upkeep\n|turn|11\n|\n|t:|1776071233\n|move|p1a: Beedrill|Poison Jab|p2a: Venusaur\n|-crit|p2a: Venusaur\n|-damage|p2a: Venusaur|0 fnt\n|faint|p2a: Venusaur\n|\n|upkeep\n|-message|hrztkb forfeited.\n|\n|win|nagichan0121\n|raw|nagichan0121's rating: 1297 &rarr; <strong>1319</strong><br />(+22 for winning)\n|raw|hrztkb's rating: 1250 &rarr; <strong>1228</strong><br />(-22 for losing)\n|l|\u2606hrztkb\n|player|p2|\n|l|\u2606nagichan0121\n|player|p1|\n",
  "uploadtime": 1776071278,
  "views": 3,
  "formatid": "gen9championsbssregma",
  "rating": 1228,
  "private": 0,
  "password": null
}