{
  "id": "gen9championsbssregma-2585973903",
  "format": "[Gen 9 Champions] BSS Reg M-A",
  "players": [
    "Waddahxd",
    "Bbbkty"
  ],
  "log": "|j|\u2606Waddahxd\n|j|\u2606Bbbkty\n|t:|1776386560\n|gametype|singles\n|player|p1|Waddahxd|169|1205\n|player|p2|Bbbkty|169|1140\n|gen|9\n|tier|[Gen 9 Champions] BSS Reg M-A\n|rated|\n|rule|Species Clause: Limit one of each Pok\u00e9mon\n|rule|Item Clause: Limit 1 of each item\n|clearpoke\n|poke|p1|Charizard, L50, M|\n|poke|p1|Sneasler, L50, F|\n|poke|p1|Clefable, L50, F|\n|poke|p1|Zoroark-Hisui, L50, F|\n|poke|p1|Gourgeist-*, L50, F|\n|poke|p1|Heracross, L50, M|\n|poke|p2|Clefable, L50, M|\n|poke|p2|Charizard, L50, F|\n|poke|p2|Mimikyu, L50, M|\n|poke|p2|Kingambit, L50, F|\n|poke|p2|Espathra, L50, M|\n|poke|p2|Glimmora, L50, F|\n|teampreview|3\n|inactive|Battle timer is ON: inactive players will automatically lose when time's up. (requested by Waddahxd)\n|\n|t:|1776386574\n|teamsize|p1|3\n|teamsize|p2|3\n|start\n|switch|p1a: Gourgeist|Gourgeist-Super, L50, F|100/100\n|switch|p2a: Glimmora|Glimmora, L50, F, shiny|100/100\n|-item|p2a: Glimmora|Focus Sash|[from] ability: Frisk|[of] p1a: Gourgeist\n|turn|1\n|\n|t:|1776386587\n|move|p2a: Glimmora|Stealth Rock|p1a: Gourgeist\n|-sidestart|p1: Waddahxd|move: Stealth Rock\n|move|p1a: Gourgeist|Trick Room|p1a: Gourgeist\n|-fieldstart|move: Trick Room|[of] p1a: Gourgeist\n|\n|upkeep\n|turn|2\n|\n|t:|1776386595\n|move|p1a: Gourgeist|Explosion|p2a: Glimmora\n|-resisted|p2a: Glimmora|1\n|-damage|p2a: Glimmora|64/100\n|-activate|p2a: Glimmora|ability: Toxic Debris\n|-sidestart|p1: Waddahxd|move: Toxic Spikes\n|faint|p1a: Gourgeist\n|move|p2a: Glimmora|Mortal Spin|p1: Gourgeist|[notarget]\n|-fail|p2a: Glimmora\n|\n|upkeep\n|\n|t:|1776386603\n|switch|p1a: Heracross|Heracross, L50, M|100/100\n|-damage|p1a: Heracross|88/100|[from] Stealth Rock\n|-status|p1a: Heracross|psn\n|turn|3\n|\n|t:|1776386619\n|detailschange|p1a: Heracross|Heracross-Mega, L50, M\n|-mega|p1a: Heracross|Heracross|Heracronite\n|move|p1a: Heracross|Bullet Seed|p2a: Glimmora\n|-damage|p2a: Glimmora|52/100\n|-activate|p2a: Glimmora|ability: Toxic Debris\n|-sidestart|p1: Waddahxd|move: Toxic Spikes\n|-damage|p2a: Glimmora|40/100\n|-damage|p2a: Glimmora|29/100\n|-damage|p2a: Glimmora|17/100\n|-damage|p2a: Glimmora|5/100\n|-hitcount|p2a: Glimmora|5\n|move|p2a: Glimmora|Power Gem|p1a: Heracross\n|-damage|p1a: Heracross|59/100 psn\n|\n|-damage|p1a: Heracross|46/100 psn|[from] psn\n|upkeep\n|turn|4\n|\n|t:|1776386630\n|move|p1a: Heracross|Bullet Seed|p2a: Glimmora\n|-damage|p2a: Glimmora|0 fnt\n|faint|p2a: Glimmora\n|-hitcount|p2: Glimmora|1\n|\n|-damage|p1a: Heracross|34/100 psn|[from] psn\n|upkeep\n|\n|t:|1776386633\n|switch|p2a: Espathra|Espathra, L50, M, shiny|100/100\n|turn|5\n|\n|t:|1776386637\n|move|p2a: Espathra|Protect|p2a: Espathra\n|-singleturn|p2a: Espathra|Protect\n|move|p1a: Heracross|Pin Missile|p2a: Espathra\n|-activate|p2a: Espathra|move: Protect\n|\n|-damage|p1a: Heracross|22/100 psn|[from] psn\n|-fieldend|move: Trick Room\n|-ability|p2a: Espathra|Speed Boost|boost\n|-boost|p2a: Espathra|spe|1\n|upkeep\n|turn|6\n|\n|t:|1776386643\n|move|p2a: Espathra|Lumina Crash|p1a: Heracross\n|-supereffective|p1a: Heracross|1\n|-damage|p1a: Heracross|0 fnt\n|faint|p1a: Heracross\n|\n|-ability|p2a: Espathra|Speed Boost|boost\n|-boost|p2a: Espathra|spe|1\n|upkeep\n|-message|Waddahxd forfeited.\n|\n|win|Bbbkty\n|raw|Waddahxd's rating: 1205 &rarr; <strong>1177</strong><br />(-28 for losing)\n|raw|Bbbkty's rating: 1160 &rarr; <strong>1188</strong><br />(+28 for winning)\n|l|\u2606Waddahxd\n|player|p1|\n",
  "uploadtime": 1776386650,
  "views": 6,
  "formatid": "gen9championsbssregma",
  "rating": 1177,
  "private": 0,
  "password": null
}