{
  "id": "gen9championsbssregma-2585093971",
  "format": "[Gen 9 Champions] BSS Reg M-A",
  "players": [
    "phifth",
    "RelentlessGambler"
  ],
  "log": "|j|\u2606phifth\n|j|\u2606RelentlessGambler\n|t:|1776311093\n|gametype|singles\n|player|p1|phifth|266|1100\n|player|p2|RelentlessGambler|miku-ghost|1076\n|gen|9\n|tier|[Gen 9 Champions] BSS Reg M-A\n|rated|\n|rule|Species Clause: Limit one of each Pok\u00e9mon\n|rule|Item Clause: Limit 1 of each item\n|clearpoke\n|poke|p1|Aggron, L50, F|\n|poke|p1|Basculegion, L50, M|\n|poke|p1|Archaludon, L50, F|\n|poke|p1|Bellibolt, L50, M|\n|poke|p1|Pelipper, L50, F|\n|poke|p1|Gengar, L50, M|\n|poke|p2|Scovillain, L50, M|\n|poke|p2|Bellibolt, L50, F|\n|poke|p2|Medicham, L50, M|\n|poke|p2|Meowscarada, L50, F|\n|poke|p2|Rotom-Wash, L50|\n|poke|p2|Dragapult, L50, M|\n|teampreview|3\n|inactive|Battle timer is ON: inactive players will automatically lose when time's up. (requested by RelentlessGambler)\n|inactive|phifth has 60 seconds left.\n|c|\u2606phifth|the restless gambler?\n|c|\u2606RelentlessGambler|indeed\n|inactive|phifth has 30 seconds left.\n|inactive|phifth has 20 seconds left.\n|inactiveoff|Battle timer is now OFF.\n|\n|t:|1776311189\n|teamsize|p1|3\n|teamsize|p2|3\n|start\n|switch|p1a: gamatatsu|Bellibolt, L50, M, shiny|100/100\n|switch|p2a: Medicham|Medicham, L50, M|100/100\n|turn|1\n|\n|t:|1776311200\n|switch|p1a: King Boo|Gengar, L50, M, shiny|100/100\n|detailschange|p2a: Medicham|Medicham-Mega, L50, M\n|-mega|p2a: Medicham|Medicham|Medichamite\n|move|p2a: Medicham|Bulk Up|p2a: Medicham\n|-boost|p2a: Medicham|atk|1\n|-boost|p2a: Medicham|def|1\n|\n|upkeep\n|turn|2\n|\n|t:|1776311209\n|detailschange|p1a: King Boo|Gengar-Mega, L50, M, shiny\n|-mega|p1a: King Boo|Gengar|Gengarite\n|move|p1a: King Boo|Dazzling Gleam|p2a: Medicham\n|-supereffective|p2a: Medicham|1\n|-damage|p2a: Medicham|38/100\n|move|p2a: Medicham|Ice Punch|p1a: King Boo\n|-damage|p1a: King Boo|12/100\n|\n|upkeep\n|turn|3\n|\n|t:|1776311218\n|move|p1a: King Boo|Shadow Ball|p2a: Medicham\n|-supereffective|p2a: Medicham|1\n|-damage|p2a: Medicham|0 fnt\n|faint|p2a: Medicham\n|\n|upkeep\n|\n|t:|1776311222\n|switch|p2a: Meowscarada|Meowscarada, L50, F|100/100\n|turn|4\n|\n|t:|1776311232\n|switch|p1a: Tina|Aggron, L50, F|100/100\n|move|p2a: Meowscarada|U-turn|p1a: Tina\n|-start|p2a: Meowscarada|typechange|Bug|[from] ability: Protean\n|-resisted|p1a: Tina|1\n|-damage|p1a: Tina|90/100\n|\n|t:|1776311235\n|switch|p2a: Bellibolt|Bellibolt, L50, F|100/100|[from] U-turn\n|\n|upkeep\n|turn|5\n|\n|t:|1776311245\n|move|p1a: Tina|Iron Defense|p1a: Tina\n|-boost|p1a: Tina|def|2\n|move|p2a: Bellibolt|Chilling Water|p1a: Tina\n|-supereffective|p1a: Tina|1\n|-damage|p1a: Tina|59/100\n|-unboost|p1a: Tina|atk|1\n|\n|upkeep\n|turn|6\n|inactive|Battle timer is ON: inactive players will automatically lose when time's up. (requested by RelentlessGambler)\n|c|\u2606RelentlessGambler|am i cooked?\n|\n|t:|1776311263\n|move|p1a: Tina|Iron Defense|p1a: Tina\n|-boost|p1a: Tina|def|2\n|move|p2a: Bellibolt|Parabolic Charge|p1a: Tina\n|-damage|p1a: Tina|28/100\n|\n|upkeep\n|turn|7\n|\n|t:|1776311268\n|move|p1a: Tina|Body Press|p2a: Bellibolt\n|-damage|p2a: Bellibolt|17/100\n|-start|p2a: Bellibolt|Charge|Body Press|[from] ability: Electromorphosis\n|move|p2a: Bellibolt|Parabolic Charge|p1a: Tina\n|-damage|p1a: Tina|0 fnt\n|-heal|p2a: Bellibolt|29/100|[from] drain|[of] p1a: Tina\n|faint|p1a: Tina\n|-end|p2a: Bellibolt|Charge|[silent]\n|\n|upkeep\n|c|\u2606phifth|HES SO FAT\n|c|\u2606RelentlessGambler|he is indeed fat\n|\n|t:|1776311292\n|switch|p1a: King Boo|Gengar-Mega, L50, M, shiny|12/100\n|turn|8\n|\n|t:|1776311295\n|move|p1a: King Boo|Shadow Ball|p2a: Bellibolt\n|-damage|p2a: Bellibolt|0 fnt\n|faint|p2a: Bellibolt\n|\n|upkeep\n|\n|t:|1776311298\n|switch|p2a: Meowscarada|Meowscarada, L50, F|100/100\n|turn|9\n|\n|t:|1776311315\n|move|p2a: Meowscarada|Flower Trick|p1a: King Boo\n|-start|p2a: Meowscarada|typechange|Grass|[from] ability: Protean\n|-resisted|p1a: King Boo|1\n|-crit|p1a: King Boo\n|-damage|p1a: King Boo|0 fnt\n|faint|p1a: King Boo\n|\n|upkeep\n|c|\u2606phifth|damn i lost\n|\n|t:|1776311328\n|switch|p1a: gamatatsu|Bellibolt, L50, M, shiny|100/100\n|turn|10\n|\n|t:|1776311332\n|move|p2a: Meowscarada|Flower Trick|p1a: gamatatsu\n|-crit|p1a: gamatatsu\n|-damage|p1a: gamatatsu|54/100\n|-start|p1a: gamatatsu|Charge|Flower Trick|[from] ability: Electromorphosis\n|move|p1a: gamatatsu|Parabolic Charge|p2a: Meowscarada\n|-resisted|p2a: Meowscarada|1\n|-damage|p2a: Meowscarada|50/100\n|-heal|p1a: gamatatsu|75/100|[from] drain|[of] p2a: Meowscarada\n|-end|p1a: gamatatsu|Charge|[silent]\n|\n|-heal|p1a: gamatatsu|81/100|[from] item: Leftovers\n|upkeep\n|turn|11\n|c|\u2606RelentlessGambler|you got it!\n|\n|t:|1776311341\n|move|p2a: Meowscarada|Flower Trick|p1a: gamatatsu\n|-crit|p1a: gamatatsu\n|-damage|p1a: gamatatsu|27/100\n|-start|p1a: gamatatsu|Charge|Flower Trick|[from] ability: Electromorphosis\n|move|p1a: gamatatsu|Parabolic Charge|p2a: Meowscarada\n|-resisted|p2a: Meowscarada|1\n|-damage|p2a: Meowscarada|3/100\n|-heal|p1a: gamatatsu|46/100|[from] drain|[of] p2a: Meowscarada\n|-end|p1a: gamatatsu|Charge|[silent]\n|\n|-heal|p1a: gamatatsu|52/100|[from] item: Leftovers\n|upkeep\n|turn|12\n|\n|t:|1776311352\n|move|p2a: Meowscarada|Flower Trick|p1a: gamatatsu\n|-crit|p1a: gamatatsu\n|-damage|p1a: gamatatsu|5/100\n|-start|p1a: gamatatsu|Charge|Flower Trick|[from] ability: Electromorphosis\n|move|p1a: gamatatsu|Parabolic Charge|p2a: Meowscarada\n|-resisted|p2a: Meowscarada|1\n|-damage|p2a: Meowscarada|0 fnt\n|-heal|p1a: gamatatsu|6/100|[from] drain|[of] p2a: Meowscarada\n|faint|p2a: Meowscarada\n|-end|p1a: gamatatsu|Charge|[silent]\n|\n|win|phifth\n|raw|phifth's rating: 1100 &rarr; <strong>1123</strong><br />(+23 for winning)\n|raw|RelentlessGambler's rating: 1076 &rarr; <strong>1056</strong><br />(-20 for losing)\n|c|\u2606RelentlessGambler|wowie\n|c|\u2606RelentlessGambler|gg\n|c|\u2606RelentlessGambler|big bolt for the win\n|l|\u2606RelentlessGambler\n|player|p2|\n",
  "uploadtime": 1776311392,
  "views": 6,
  "formatid": "gen9championsbssregma",
  "rating": 1056,
  "private": 0,
  "password": null
}