{
  "id": "gen9championsbssregma-2586297633",
  "format": "[Gen 9 Champions] BSS Reg M-A",
  "players": [
    "Keyan_Sans",
    "ssslizard"
  ],
  "log": "|j|\u2606Keyan_Sans\n|j|\u2606ssslizard\n|t:|1776422629\n|gametype|singles\n|player|p1|Keyan_Sans|hugh|1183\n|player|p2|ssslizard|102|1125\n|gen|9\n|tier|[Gen 9 Champions] BSS Reg M-A\n|rated|\n|rule|Species Clause: Limit one of each Pok\u00e9mon\n|rule|Item Clause: Limit 1 of each item\n|clearpoke\n|poke|p1|Aegislash, L50, F|\n|poke|p1|Primarina, L50, F|\n|poke|p1|Glimmora, L50, F|\n|poke|p1|Meowscarada, L50, F|\n|poke|p1|Dragonite, L50, F|\n|poke|p1|Lopunny, L50, M|\n|poke|p2|Espathra, L50, M|\n|poke|p2|Clefable, L50, M|\n|poke|p2|Incineroar, L50, M|\n|poke|p2|Hatterene, L50, F|\n|poke|p2|Vaporeon, L50, F|\n|poke|p2|Lopunny, L50, F|\n|teampreview|3\n|inactive|Battle timer is ON: inactive players will automatically lose when time's up. (requested by Keyan_Sans)\n|\n|t:|1776422663\n|teamsize|p1|3\n|teamsize|p2|3\n|start\n|switch|p1a: Meowscarada|Meowscarada, L50, F|100/100\n|switch|p2a: Espathra|Espathra, L50, M|100/100\n|turn|1\n|\n|t:|1776422671\n|move|p2a: Espathra|Protect|p2a: Espathra\n|-singleturn|p2a: Espathra|Protect\n|move|p1a: Meowscarada|Knock Off|p2a: Espathra\n|-start|p1a: Meowscarada|typechange|Dark|[from] ability: Protean\n|-activate|p2a: Espathra|move: Protect\n|\n|-ability|p2a: Espathra|Speed Boost|boost\n|-boost|p2a: Espathra|spe|1\n|upkeep\n|turn|2\n|\n|t:|1776422680\n|move|p1a: Meowscarada|Knock Off|p2a: Espathra\n|-supereffective|p2a: Espathra|1\n|-enditem|p2a: Espathra|Focus Sash\n|-damage|p2a: Espathra|1/100\n|move|p2a: Espathra|Feather Dance|p1a: Meowscarada\n|-unboost|p1a: Meowscarada|atk|2\n|\n|-ability|p2a: Espathra|Speed Boost|boost\n|-boost|p2a: Espathra|spe|1\n|upkeep\n|turn|3\n|\n|t:|1776422686\n|switch|p1a: Dragonite|Dragonite, L50, F|100/100\n|move|p2a: Espathra|Baton Pass|p2a: Espathra\n|\n|t:|1776422689\n|switch|p2a: Clefable|Clefable, L50, M|100/100|[from] Baton Pass\n|\n|upkeep\n|turn|4\n|\n|t:|1776422692\n|switch|p1a: Aegislash|Aegislash, L50, F|100/100\n|move|p2a: Clefable|Cosmic Power|p2a: Clefable\n|-boost|p2a: Clefable|def|1\n|-boost|p2a: Clefable|spd|1\n|\n|upkeep\n|turn|5\n|\n|t:|1776422696\n|move|p2a: Clefable|Baton Pass|p2a: Clefable\n|\n|t:|1776422699\n|switch|p2a: Incineroar|Incineroar, L50, M|100/100|[from] Baton Pass\n|-ability|p2a: Incineroar|Intimidate|boost\n|-unboost|p1a: Aegislash|atk|1\n|-formechange|p1a: Aegislash|Aegislash-Blade|\n|move|p1a: Aegislash|Iron Head|p2a: Incineroar\n|-resisted|p2a: Incineroar|1\n|-damage|p2a: Incineroar|92/100\n|\n|upkeep\n|turn|6\n|\n|t:|1776422709\n|-formechange|p1a: Aegislash|Aegislash|\n|move|p1a: Aegislash|King's Shield|p1a: Aegislash\n|-singleturn|p1a: Aegislash|Protect\n|move|p2a: Incineroar|Bulk Up|p2a: Incineroar\n|-boost|p2a: Incineroar|atk|1\n|-boost|p2a: Incineroar|def|1\n|\n|upkeep\n|turn|7\n|\n|t:|1776422714\n|switch|p1a: Dragonite|Dragonite, L50, F|100/100\n|move|p2a: Incineroar|Bulk Up|p2a: Incineroar\n|-boost|p2a: Incineroar|atk|1\n|-boost|p2a: Incineroar|def|1\n|\n|upkeep\n|turn|8\n|\n|t:|1776422723\n|move|p2a: Incineroar|Baton Pass|p2a: Incineroar\n|\n|t:|1776422726\n|switch|p2a: Clefable|Clefable, L50, M|100/100|[from] Baton Pass\n|move|p1a: Dragonite|Dragon Dance|p1a: Dragonite\n|-boost|p1a: Dragonite|atk|1\n|-boost|p1a: Dragonite|spe|1\n|\n|upkeep\n|turn|9\n|\n|t:|1776422730\n|move|p1a: Dragonite|Earthquake|p2a: Clefable\n|-damage|p2a: Clefable|84/100\n|move|p2a: Clefable|Cosmic Power|p2a: Clefable\n|-boost|p2a: Clefable|def|1\n|-boost|p2a: Clefable|spd|1\n|\n|upkeep\n|turn|10\n|\n|t:|1776422733\n|switch|p1a: Aegislash|Aegislash, L50, F|100/100\n|move|p2a: Clefable|Draining Kiss|p1a: Aegislash\n|-resisted|p1a: Aegislash|1\n|-damage|p1a: Aegislash|95/100\n|-heal|p2a: Clefable|88/100|[from] drain|[of] p1a: Aegislash\n|\n|upkeep\n|turn|11\n|l|\u2606ssslizard\n|inactive|ssslizard disconnected and has a minute to reconnect!\n|player|p2|\n|-message|Keyan_Sans forfeited.\n|\n|win|ssslizard\n|raw|Keyan_Sans's rating: 1183 &rarr; <strong>1154</strong><br />(-29 for losing)\n|raw|ssslizard's rating: 1125 &rarr; <strong>1154</strong><br />(+29 for winning)\n|l|\u2606Keyan_Sans\n|player|p1|\n|j|\u2606ssslizard\n|player|p2|ssslizard|102|\n|l|\u2606ssslizard\n|player|p2|\n|j|\u2606ssslizard\n|player|p2|ssslizard|102|\n|j|\u2606Keyan_Sans\n|player|p1|Keyan_Sans|hugh|\n",
  "uploadtime": 1776422855,
  "views": 14,
  "formatid": "gen9championsbssregma",
  "rating": 1154,
  "private": 0,
  "password": null
}