{
  "id": "gen9championsbssregma-2584688298",
  "format": "[Gen 9 Champions] BSS Reg M-A",
  "players": [
    "Millygan15",
    "iamisrael"
  ],
  "log": "|j|\u2606Millygan15\n|j|\u2606iamisrael\n|t:|1776276885\n|gametype|singles\n|player|p1|Millygan15|volkner|1037\n|player|p2|iamisrael|waiter-gen4|1075\n|gen|9\n|tier|[Gen 9 Champions] BSS Reg M-A\n|rated|\n|rule|Species Clause: Limit one of each Pok\u00e9mon\n|rule|Item Clause: Limit 1 of each item\n|clearpoke\n|poke|p1|Garchomp, L50, M|\n|poke|p1|Volcarona, L50, M|\n|poke|p1|Roserade, L50, F|\n|poke|p1|Corviknight, L50, F|\n|poke|p1|Slowbro, L50, M|\n|poke|p1|Steelix, L50, M|\n|poke|p2|Golurk, L50|\n|poke|p2|Tyranitar, L50, F|\n|poke|p2|Archaludon, L50, M|\n|poke|p2|Palafin, L50, F|\n|poke|p2|Pidgeot, L50, F|\n|poke|p2|Meowscarada, L50, F|\n|teampreview|3\n|inactive|Battle timer is ON: inactive players will automatically lose when time's up. (requested by iamisrael)\n|\n|t:|1776276927\n|teamsize|p1|3\n|teamsize|p2|3\n|start\n|switch|p1a: Steelix|Steelix, L50, M|100/100\n|switch|p2a: Palafin|Palafin, L50, F|100/100\n|turn|1\n|\n|t:|1776276936\n|move|p2a: Palafin|Flip Turn|p1a: Steelix\n|-supereffective|p1a: Steelix|1\n|-damage|p1a: Steelix|64/100\n|\n|t:|1776276946\n|detailschange|p2a: Palafin|Palafin-Hero, L50, F\n|switch|p2a: Tyranitar|Tyranitar, L50, F|100/100|[from] Flip Turn\n|-weather|Sandstorm|[from] ability: Sand Stream|[of] p2a: Tyranitar\n|move|p1a: Steelix|Rock Polish|p1a: Steelix\n|-boost|p1a: Steelix|spe|2\n|\n|-weather|Sandstorm|[upkeep]\n|upkeep\n|turn|2\n|inactive|Millygan15 has 30 seconds left.\n|\n|t:|1776276975\n|move|p1a: Steelix|Head Smash|p2a: Tyranitar\n|-damage|p2a: Tyranitar|63/100\n|move|p2a: Tyranitar|Knock Off|p1a: Steelix\n|-damage|p1a: Steelix|24/100\n|-enditem|p1a: Steelix|Sitrus Berry|[from] move: Knock Off|[of] p2a: Tyranitar\n|\n|-weather|Sandstorm|[upkeep]\n|upkeep\n|turn|3\n|\n|t:|1776276987\n|move|p1a: Steelix|Heavy Slam|p2a: Tyranitar\n|-supereffective|p2a: Tyranitar|1\n|-damage|p2a: Tyranitar|31/100\n|move|p2a: Tyranitar|Stealth Rock|p1a: Steelix\n|-sidestart|p1: Millygan15|move: Stealth Rock\n|\n|-weather|Sandstorm|[upkeep]\n|upkeep\n|turn|4\n|inactive|Millygan15 has 30 seconds left.\n|\n|t:|1776277015\n|move|p1a: Steelix|Heavy Slam|p2a: Tyranitar\n|-supereffective|p2a: Tyranitar|1\n|-damage|p2a: Tyranitar|0 fnt\n|faint|p2a: Tyranitar\n|\n|-weather|Sandstorm|[upkeep]\n|upkeep\n|\n|t:|1776277029\n|switch|p2a: Palafin|Palafin-Hero, L50, F|100/100\n|-activate|p2a: Palafin|ability: Zero to Hero\n|turn|5\n|\n|t:|1776277036\n|move|p2a: Palafin|Jet Punch|p1a: Steelix\n|-supereffective|p1a: Steelix|1\n|-damage|p1a: Steelix|0 fnt\n|faint|p1a: Steelix\n|\n|-weather|none\n|upkeep\n|\n|t:|1776277039\n|switch|p1a: Slowbro|Slowbro, L50, M|100/100\n|-damage|p1a: Slowbro|88/100|[from] Stealth Rock\n|turn|6\n|\n|t:|1776277054\n|move|p2a: Palafin|Flip Turn|p1a: Slowbro\n|-resisted|p1a: Slowbro|1\n|-damage|p1a: Slowbro|71/100\n|\n|t:|1776277057\n|switch|p2a: Pidgeot|Pidgeot, L50, F|100/100|[from] Flip Turn\n|move|p1a: Slowbro|Calm Mind|p1a: Slowbro\n|-boost|p1a: Slowbro|spa|1\n|-boost|p1a: Slowbro|spd|1\n|\n|upkeep\n|turn|7\n|\n|t:|1776277077\n|detailschange|p2a: Pidgeot|Pidgeot-Mega, L50, F\n|-mega|p2a: Pidgeot|Pidgeot|Pidgeotite\n|move|p2a: Pidgeot|Hurricane|p1a: Slowbro\n|-damage|p1a: Slowbro|30/100\n|move|p1a: Slowbro|Calm Mind|p1a: Slowbro\n|-boost|p1a: Slowbro|spa|1\n|-boost|p1a: Slowbro|spd|1\n|\n|upkeep\n|turn|8\n|\n|t:|1776277085\n|detailschange|p1a: Slowbro|Slowbro-Mega, L50, M\n|-mega|p1a: Slowbro|Slowbro|Slowbronite\n|move|p2a: Pidgeot|Hurricane|p1a: Slowbro\n|-damage|p1a: Slowbro|1/100\n|move|p1a: Slowbro|Slack Off|p1a: Slowbro\n|-heal|p1a: Slowbro|51/100\n|\n|upkeep\n|turn|9\n|\n|t:|1776277094\n|move|p2a: Pidgeot|Hurricane|p1a: Slowbro\n|-damage|p1a: Slowbro|19/100\n|-start|p1a: Slowbro|confusion\n|-activate|p1a: Slowbro|confusion\n|move|p1a: Slowbro|Slack Off|p1a: Slowbro\n|-heal|p1a: Slowbro|69/100\n|\n|upkeep\n|turn|10\n|\n|t:|1776277101\n|move|p2a: Pidgeot|Hurricane|p1a: Slowbro\n|-damage|p1a: Slowbro|39/100\n|-activate|p1a: Slowbro|confusion\n|-damage|p1a: Slowbro|36/100|[from] confusion\n|\n|upkeep\n|turn|11\n|\n|t:|1776277106\n|move|p2a: Pidgeot|Hurricane|p1a: Slowbro\n|-damage|p1a: Slowbro|8/100\n|-end|p1a: Slowbro|confusion\n|move|p1a: Slowbro|Slack Off|p1a: Slowbro\n|-heal|p1a: Slowbro|58/100\n|\n|upkeep\n|turn|12\n|\n|t:|1776277117\n|move|p2a: Pidgeot|Hurricane|p1a: Slowbro\n|-damage|p1a: Slowbro|29/100\n|move|p1a: Slowbro|Slack Off|p1a: Slowbro\n|-heal|p1a: Slowbro|79/100\n|\n|upkeep\n|turn|13\n|\n|t:|1776277124\n|move|p2a: Pidgeot|Hurricane|p1a: Slowbro\n|-damage|p1a: Slowbro|50/100\n|move|p1a: Slowbro|Scald|p2a: Pidgeot\n|-damage|p2a: Pidgeot|11/100\n|-status|p2a: Pidgeot|brn\n|\n|-damage|p2a: Pidgeot|6/100 brn|[from] brn\n|upkeep\n|turn|14\n|\n|t:|1776277132\n|move|p2a: Pidgeot|Roost|p2a: Pidgeot\n|-heal|p2a: Pidgeot|56/100 brn\n|-singleturn|p2a: Pidgeot|move: Roost\n|move|p1a: Slowbro|Slack Off|p1a: Slowbro\n|-heal|p1a: Slowbro|100/100\n|\n|-damage|p2a: Pidgeot|50/100 brn|[from] brn\n|upkeep\n|turn|15\n|\n|t:|1776277136\n|move|p2a: Pidgeot|Hurricane|p1a: Slowbro\n|-damage|p1a: Slowbro|72/100\n|-start|p1a: Slowbro|confusion\n|-activate|p1a: Slowbro|confusion\n|-damage|p1a: Slowbro|69/100|[from] confusion\n|\n|-damage|p2a: Pidgeot|44/100 brn|[from] brn\n|upkeep\n|turn|16\n|\n|t:|1776277141\n|move|p2a: Pidgeot|Hurricane|p1a: Slowbro\n|-damage|p1a: Slowbro|39/100\n|-activate|p1a: Slowbro|confusion\n|move|p1a: Slowbro|Calm Mind|p1a: Slowbro\n|-boost|p1a: Slowbro|spa|1\n|-boost|p1a: Slowbro|spd|1\n|\n|-damage|p2a: Pidgeot|38/100 brn|[from] brn\n|upkeep\n|turn|17\n|\n|t:|1776277147\n|move|p2a: Pidgeot|Hurricane|p1a: Slowbro\n|-damage|p1a: Slowbro|16/100\n|-activate|p1a: Slowbro|confusion\n|move|p1a: Slowbro|Slack Off|p1a: Slowbro\n|-heal|p1a: Slowbro|66/100\n|\n|-damage|p2a: Pidgeot|33/100 brn|[from] brn\n|upkeep\n|turn|18\n|\n|t:|1776277156\n|move|p2a: Pidgeot|Roost|p2a: Pidgeot\n|-heal|p2a: Pidgeot|83/100 brn\n|-singleturn|p2a: Pidgeot|move: Roost\n|-end|p1a: Slowbro|confusion\n|move|p1a: Slowbro|Slack Off|p1a: Slowbro\n|-heal|p1a: Slowbro|100/100\n|\n|-damage|p2a: Pidgeot|77/100 brn|[from] brn\n|upkeep\n|turn|19\n|\n|t:|1776277160\n|move|p2a: Pidgeot|Hurricane|p1a: Slowbro\n|-damage|p1a: Slowbro|77/100\n|move|p1a: Slowbro|Stored Power|p2a: Pidgeot\n|-damage|p2a: Pidgeot|0 fnt\n|faint|p2a: Pidgeot\n|\n|upkeep\n|\n|t:|1776277164\n|switch|p2a: Palafin|Palafin-Hero, L50, F|100/100\n|turn|20\n|\n|t:|1776277171\n|move|p2a: Palafin|Wave Crash|p1a: Slowbro\n|-resisted|p1a: Slowbro|1\n|-damage|p1a: Slowbro|52/100\n|-damage|p2a: Palafin|92/100|[from] Recoil\n|move|p1a: Slowbro|Stored Power|p2a: Palafin\n|-damage|p2a: Palafin|0 fnt\n|faint|p2a: Palafin\n|\n|win|Millygan15\n|raw|Millygan15's rating: 1037 &rarr; <strong>1075</strong><br />(+38 for winning)\n|raw|iamisrael's rating: 1075 &rarr; <strong>1051</strong><br />(-24 for losing)\n|l|\u2606iamisrael\n|player|p2|\n",
  "uploadtime": 1776277184,
  "views": 6,
  "formatid": "gen9championsbssregma",
  "rating": 1051,
  "private": 0,
  "password": null
}