{
  "id": "gen9championsbssregma-2580643686",
  "format": "[Gen 9 Champions] BSS Reg M-A",
  "players": [
    "KuroeHanako0927",
    "gingerbuck"
  ],
  "log": "|j|\u203dKuroeHanako0927\n|j|\u2606gingerbuck\n|t:|1775920773\n|gametype|singles\n|player|p1|KuroeHanako0927|cynthia|1189\n|player|p2|gingerbuck|acetrainer-gen4dp|1273\n|gen|9\n|tier|[Gen 9 Champions] BSS Reg M-A\n|rated|\n|rule|Species Clause: Limit one of each Pok\u00e9mon\n|rule|Item Clause: Limit 1 of each item\n|clearpoke\n|poke|p1|Venusaur, L50, F|\n|poke|p1|Aegislash, L50, M|\n|poke|p1|Tyranitar, L50, M|\n|poke|p1|Rotom-Wash, L50|\n|poke|p1|Hydreigon, L50, M|\n|poke|p1|Floette-Eternal, L50, F|\n|poke|p2|Glimmora, L50, M|\n|poke|p2|Dragonite, L50, F|\n|poke|p2|Espathra, L50, M|\n|poke|p2|Garchomp, L50, M|\n|poke|p2|Kangaskhan, L50, F|\n|poke|p2|Volcarona, L50, M|\n|teampreview|3\n|inactive|Battle timer is ON: inactive players will automatically lose when time's up. (requested by gingerbuck)\n|j| wuhyun\n|inactive|gingerbuck has 60 seconds left.\n|\n|t:|1775920832\n|teamsize|p1|3\n|teamsize|p2|3\n|start\n|switch|p1a: Hydreigon|Hydreigon, L50, M, shiny|100/100\n|switch|p2a: Espathra|Espathra, L50, M, shiny|100/100\n|turn|1\n|\n|t:|1775920837\n|move|p2a: Espathra|Protect|p2a: Espathra\n|-singleturn|p2a: Espathra|Protect\n|move|p1a: Hydreigon|U-turn|p2a: Espathra\n|-activate|p2a: Espathra|move: Protect\n|\n|-ability|p2a: Espathra|Speed Boost|boost\n|-boost|p2a: Espathra|spe|1\n|upkeep\n|turn|2\n|\n|t:|1775920843\n|move|p2a: Espathra|Dazzling Gleam|p1a: Hydreigon\n|-supereffective|p1a: Hydreigon|2\n|-damage|p1a: Hydreigon|0 fnt\n|faint|p1a: Hydreigon\n|\n|-ability|p2a: Espathra|Speed Boost|boost\n|-boost|p2a: Espathra|spe|1\n|upkeep\n|\n|t:|1775920846\n|switch|p1a: Aegislash|Aegislash, L50, M, shiny|100/100\n|turn|3\n|\n|t:|1775920854\n|move|p2a: Espathra|Lumina Crash|p1a: Aegislash\n|-resisted|p1a: Aegislash|1\n|-damage|p1a: Aegislash|86/100\n|-unboost|p1a: Aegislash|spd|2\n|-formechange|p1a: Aegislash|Aegislash-Blade|\n|move|p1a: Aegislash|Poltergeist|p2a: Espathra\n|-activate|p2a: Espathra|move: Poltergeist|Kasib Berry\n|-supereffective|p2a: Espathra|1\n|-enditem|p2a: Espathra|Kasib Berry|[eat]\n|-enditem|p2a: Espathra|Kasib Berry|[weaken]\n|-damage|p2a: Espathra|0 fnt\n|faint|p2a: Espathra\n|\n|upkeep\n|\n|t:|1775920879\n|switch|p2a: Dragonite|Dragonite, L50, F, shiny|100/100\n|turn|4\n|\n|t:|1775920889\n|switch|p1a: Floette|Floette-Eternal, L50, F|100/100\n|detailschange|p2a: Dragonite|Dragonite-Mega, L50, F, shiny\n|-mega|p2a: Dragonite|Dragonite|Dragoninite\n|move|p2a: Dragonite|Thunderbolt|p1a: Floette\n|-damage|p1a: Floette|61/100\n|\n|upkeep\n|turn|5\n|\n|t:|1775920901\n|switch|p2a: Volcarona|Volcarona, L50, M, shiny|100/100\n|detailschange|p1a: Floette|Floette-Mega, L50, F\n|-mega|p1a: Floette|Floette|Floettite\n|-ability|p1a: Floette|Fairy Aura\n|move|p1a: Floette|Draining Kiss|p2a: Volcarona\n|-resisted|p2a: Volcarona|1\n|-damage|p2a: Volcarona|82/100\n|-heal|p1a: Floette|79/100|[from] drain|[of] p2a: Volcarona\n|-status|p1a: Floette|brn|[from] ability: Flame Body|[of] p2a: Volcarona\n|\n|-damage|p1a: Floette|73/100 brn|[from] brn\n|upkeep\n|turn|6\n|inactive|KuroeHanako0927 has 30 seconds left.\n|inactive|KuroeHanako0927 has 20 seconds left.\n|\n|t:|1775920937\n|move|p1a: Floette|Light of Ruin|p2a: Volcarona\n|-resisted|p2a: Volcarona|1\n|-damage|p2a: Volcarona|32/100\n|-enditem|p2a: Volcarona|Sitrus Berry|[eat]\n|-heal|p2a: Volcarona|57/100|[from] item: Sitrus Berry\n|-damage|p1a: Floette|42/100 brn|[from] Recoil\n|move|p2a: Volcarona|Quiver Dance|p2a: Volcarona\n|-boost|p2a: Volcarona|spa|1\n|-boost|p2a: Volcarona|spd|1\n|-boost|p2a: Volcarona|spe|1\n|\n|-damage|p1a: Floette|36/100 brn|[from] brn\n|upkeep\n|turn|7\n|-message|KuroeHanako0927 forfeited.\n|\n|win|gingerbuck\n|raw|KuroeHanako0927's rating: 1189 &rarr; <strong>1170</strong><br />(-19 for losing)\n|raw|gingerbuck's rating: 1273 &rarr; <strong>1292</strong><br />(+19 for winning)\n|l|\u203dKuroeHanako0927\n|player|p1|\n|l|\u2606gingerbuck\n|player|p2|\n",
  "uploadtime": 1775921008,
  "views": 18,
  "formatid": "gen9championsbssregma",
  "rating": 1170,
  "private": 0,
  "password": null
}