{
  "id": "gen9championsbssregma-2582905902",
  "format": "[Gen 9 Champions] BSS Reg M-A",
  "players": [
    "lichen_poke",
    "harald283"
  ],
  "log": "|j|\u2606lichen_poke\n|j|\u2606harald283\n|t:|1776123787\n|gametype|singles\n|player|p1|lichen_poke|266|1042\n|player|p2|harald283|drayden|1081\n|gen|9\n|tier|[Gen 9 Champions] BSS Reg M-A\n|rated|\n|rule|Species Clause: Limit one of each Pok\u00e9mon\n|rule|Item Clause: Limit 1 of each item\n|clearpoke\n|poke|p1|Charizard, L50, M|\n|poke|p1|Gengar, L50, F|\n|poke|p1|Scizor, L50, F|\n|poke|p1|Garchomp, L50, F|\n|poke|p1|Serperior, L50, M|\n|poke|p1|Garganacl, L50, M|\n|poke|p2|Hippowdon, L50, M|\n|poke|p2|Garchomp, L50, M|\n|poke|p2|Excadrill, L50, M|\n|poke|p2|Charizard, L50, M|\n|poke|p2|Kingambit, L50, M|\n|poke|p2|Corviknight, L50, M|\n|teampreview|3\n|\n|t:|1776123847\n|teamsize|p1|3\n|teamsize|p2|3\n|start\n|switch|p1a: Garchomp|Garchomp, L50, F, shiny|100/100\n|switch|p2a: Hippowdon|Hippowdon, L50, M, shiny|100/100\n|-weather|Sandstorm|[from] ability: Sand Stream|[of] p2a: Hippowdon\n|turn|1\n|\n|t:|1776123862\n|move|p1a: Garchomp|Stealth Rock|p2a: Hippowdon\n|-sidestart|p2: harald283|move: Stealth Rock\n|move|p2a: Hippowdon|Roar|p1a: Garchomp\n|drag|p1a: Charizard|Charizard, L50, M, shiny|100/100\n|\n|-weather|Sandstorm|[upkeep]\n|-damage|p1a: Charizard|95/100|[from] Sandstorm\n|upkeep\n|turn|2\n|j| fffaaahhh\n|\n|t:|1776123885\n|switch|p2a: Kingambit|Kingambit, L50, M, shiny|100/100\n|-damage|p2a: Kingambit|95/100|[from] Stealth Rock\n|move|p1a: Charizard|Will-O-Wisp|p2a: Kingambit\n|-status|p2a: Kingambit|brn\n|\n|-weather|Sandstorm|[upkeep]\n|-damage|p1a: Charizard|89/100|[from] Sandstorm\n|-damage|p2a: Kingambit|89/100 brn|[from] brn\n|upkeep\n|turn|3\n|\n|t:|1776123906\n|switch|p2a: Garchomp|Garchomp, L50, M, shiny|100/100\n|-damage|p2a: Garchomp|94/100|[from] Stealth Rock\n|detailschange|p1a: Charizard|Charizard-Mega-X, L50, M, shiny\n|-mega|p1a: Charizard|Charizard|Charizardite X\n|move|p1a: Charizard|Flame Charge|p2a: Garchomp\n|-resisted|p2a: Garchomp|1\n|-damage|p2a: Garchomp|81/100\n|-boost|p1a: Charizard|spe|1\n|\n|-weather|Sandstorm|[upkeep]\n|-damage|p1a: Charizard|83/100|[from] Sandstorm\n|upkeep\n|turn|4\n|\n|t:|1776123926\n|switch|p1a: Serperior|Serperior, L50, M|100/100\n|detailschange|p2a: Garchomp|Garchomp-Mega, L50, M, shiny\n|-mega|p2a: Garchomp|Garchomp|Garchompite\n|move|p2a: Garchomp|Scale Shot|p1a: Serperior\n|-damage|p1a: Serperior|84/100\n|-damage|p1a: Serperior|68/100\n|-hitcount|p1a: Serperior|2\n|-unboost|p2a: Garchomp|def|1\n|-boost|p2a: Garchomp|spe|1\n|\n|-weather|Sandstorm|[upkeep]\n|-damage|p1a: Serperior|62/100|[from] Sandstorm\n|upkeep\n|turn|5\n|\n|t:|1776123951\n|move|p2a: Garchomp|Dragon Claw|p1a: Serperior\n|-damage|p1a: Serperior|10/100\n|-enditem|p1a: Serperior|Sitrus Berry|[eat]\n|-heal|p1a: Serperior|35/100|[from] item: Sitrus Berry\n|move|p1a: Serperior|Glare|p2a: Garchomp\n|-status|p2a: Garchomp|par\n|\n|-weather|none\n|upkeep\n|turn|6\n|\n|t:|1776123972\n|move|p1a: Serperior|Leaf Storm|p2a: Garchomp\n|-damage|p2a: Garchomp|46/100 par\n|-boost|p1a: Serperior|spa|2\n|move|p2a: Garchomp|Dragon Claw|p1a: Serperior\n|-damage|p1a: Serperior|0 fnt\n|faint|p1a: Serperior\n|\n|upkeep\n|\n|t:|1776123983\n|switch|p1a: Garchomp|Garchomp, L50, F, shiny|100/100\n|turn|7\n|\n|t:|1776123991\n|move|p1a: Garchomp|Earthquake|p2a: Garchomp\n|-damage|p2a: Garchomp|0 fnt\n|faint|p2a: Garchomp\n|\n|upkeep\n|\n|t:|1776123998\n|switch|p2a: Hippowdon|Hippowdon, L50, M, shiny|100/100\n|-damage|p2a: Hippowdon|94/100|[from] Stealth Rock\n|-weather|Sandstorm|[from] ability: Sand Stream|[of] p2a: Hippowdon\n|turn|8\n|\n|t:|1776124006\n|move|p1a: Garchomp|Earthquake|p2a: Hippowdon\n|-damage|p2a: Hippowdon|71/100\n|move|p2a: Hippowdon|Stealth Rock|p1a: Garchomp\n|-sidestart|p1: lichen_poke|move: Stealth Rock\n|\n|-weather|Sandstorm|[upkeep]\n|upkeep\n|turn|9\n|l| fffaaahhh\n|\n|t:|1776124021\n|move|p1a: Garchomp|Earthquake|p2a: Hippowdon\n|-damage|p2a: Hippowdon|47/100\n|move|p2a: Hippowdon|Earthquake|p1a: Garchomp\n|-damage|p1a: Garchomp|66/100\n|\n|-weather|Sandstorm|[upkeep]\n|upkeep\n|turn|10\n|\n|t:|1776124029\n|move|p1a: Garchomp|Earthquake|p2a: Hippowdon\n|-damage|p2a: Hippowdon|23/100\n|move|p2a: Hippowdon|Slack Off|p2a: Hippowdon\n|-heal|p2a: Hippowdon|73/100\n|\n|-weather|Sandstorm|[upkeep]\n|upkeep\n|turn|11\n|\n|t:|1776124039\n|move|p1a: Garchomp|Earthquake|p2a: Hippowdon\n|-damage|p2a: Hippowdon|49/100\n|move|p2a: Hippowdon|Earthquake|p1a: Garchomp\n|-damage|p1a: Garchomp|28/100\n|\n|-weather|Sandstorm|[upkeep]\n|upkeep\n|turn|12\n|\n|t:|1776124047\n|move|p1a: Garchomp|Earthquake|p2a: Hippowdon\n|-damage|p2a: Hippowdon|27/100\n|move|p2a: Hippowdon|Slack Off|p2a: Hippowdon\n|-heal|p2a: Hippowdon|77/100\n|\n|-weather|none\n|upkeep\n|turn|13\n|\n|t:|1776124057\n|move|p1a: Garchomp|Earthquake|p2a: Hippowdon\n|-damage|p2a: Hippowdon|51/100\n|move|p2a: Hippowdon|Slack Off|p2a: Hippowdon\n|-heal|p2a: Hippowdon|100/100\n|\n|upkeep\n|turn|14\n|\n|t:|1776124065\n|move|p1a: Garchomp|Earthquake|p2a: Hippowdon\n|-damage|p2a: Hippowdon|78/100\n|move|p2a: Hippowdon|Earthquake|p1a: Garchomp\n|-damage|p1a: Garchomp|0 fnt\n|faint|p1a: Garchomp\n|\n|upkeep\n|\n|t:|1776124073\n|switch|p1a: Charizard|Charizard-Mega-X, L50, M, shiny|83/100\n|-damage|p1a: Charizard|58/100|[from] Stealth Rock\n|turn|15\n|\n|t:|1776124077\n|move|p1a: Charizard|Will-O-Wisp|p2a: Hippowdon|[miss]\n|-miss|p1a: Charizard|p2a: Hippowdon\n|move|p2a: Hippowdon|Earthquake|p1a: Charizard\n|-supereffective|p1a: Charizard|1\n|-damage|p1a: Charizard|2/100\n|\n|upkeep\n|turn|16\n|\n|t:|1776124086\n|move|p1a: Charizard|Roost|p1a: Charizard\n|-heal|p1a: Charizard|52/100\n|-singleturn|p1a: Charizard|move: Roost\n|move|p2a: Hippowdon|Earthquake|p1a: Charizard\n|-supereffective|p1a: Charizard|1\n|-damage|p1a: Charizard|0 fnt\n|faint|p1a: Charizard\n|\n|win|harald283\n|raw|lichen_poke's rating: 1042 &rarr; <strong>1028</strong><br />(-14 for losing)\n|raw|harald283's rating: 1081 &rarr; <strong>1106</strong><br />(+25 for winning)\n",
  "uploadtime": 1776124096,
  "views": 2,
  "formatid": "gen9championsbssregma",
  "rating": 1028,
  "private": 0,
  "password": null
}