{
  "id": "gen9championsbssregma-2587618629",
  "format": "[Gen 9 Champions] BSS Reg M-A",
  "players": [
    "Slovami",
    "driflount drifloon"
  ],
  "log": "|j|\u2606Slovami\n|j|\u2606driflount drifloon\n|t:|1776547480\n|gametype|singles\n|player|p1|Slovami|1|1191\n|player|p2|driflount drifloon|brock|1109\n|gen|9\n|tier|[Gen 9 Champions] BSS Reg M-A\n|rated|\n|rule|Species Clause: Limit one of each Pok\u00e9mon\n|rule|Item Clause: Limit 1 of each item\n|clearpoke\n|poke|p1|Pelipper, L50, F|\n|poke|p1|Archaludon, L50, F|\n|poke|p1|Starmie, L50|\n|poke|p1|Meganium, L50, F|\n|poke|p1|Basculegion, L50, M|\n|poke|p1|Garchomp, L50, F|\n|poke|p2|Espathra, L50, F|\n|poke|p2|Lopunny, L50, F|\n|poke|p2|Slowbro, L50, F|\n|poke|p2|Clefable, L50, F|\n|poke|p2|Corviknight, L50, F|\n|poke|p2|Incineroar, L50, F|\n|teampreview|3\n|inactive|Battle timer is ON: inactive players will automatically lose when time's up. (requested by driflount drifloon)\n|inactive|Slovami has 60 seconds left.\n|inactive|driflount drifloon has 60 seconds left.\n|\n|t:|1776547536\n|teamsize|p1|3\n|teamsize|p2|3\n|start\n|switch|p1a: Pelipper|Pelipper, L50, F|100/100\n|switch|p2a: Espathra|Espathra, L50, F|100/100\n|-weather|RainDance|[from] ability: Drizzle|[of] p1a: Pelipper\n|turn|1\n|\n|t:|1776547543\n|move|p2a: Espathra|Protect|p2a: Espathra\n|-singleturn|p2a: Espathra|Protect\n|move|p1a: Pelipper|Weather Ball|p2a: Espathra\n|-activate|p2a: Espathra|move: Protect\n|\n|-weather|RainDance|[upkeep]\n|-ability|p2a: Espathra|Speed Boost|boost\n|-boost|p2a: Espathra|spe|1\n|upkeep\n|turn|2\n|\n|t:|1776547551\n|move|p2a: Espathra|Calm Mind|p2a: Espathra\n|-boost|p2a: Espathra|spa|1\n|-boost|p2a: Espathra|spd|1\n|move|p1a: Pelipper|Weather Ball|p2a: Espathra\n|-damage|p2a: Espathra|22/100\n|\n|-weather|RainDance|[upkeep]\n|-ability|p2a: Espathra|Speed Boost|boost\n|-boost|p2a: Espathra|spe|1\n|upkeep\n|turn|3\n|\n|t:|1776547562\n|move|p2a: Espathra|Protect|p2a: Espathra\n|-singleturn|p2a: Espathra|Protect\n|move|p1a: Pelipper|Weather Ball|p2a: Espathra\n|-activate|p2a: Espathra|move: Protect\n|\n|-weather|RainDance|[upkeep]\n|-ability|p2a: Espathra|Speed Boost|boost\n|-boost|p2a: Espathra|spe|1\n|upkeep\n|turn|4\n|\n|t:|1776547585\n|move|p2a: Espathra|Baton Pass|p2a: Espathra\n|\n|t:|1776547588\n|switch|p2a: Corviknight|Corviknight, L50, F|100/100|[from] Baton Pass\n|-ability|p2a: Corviknight|Pressure\n|move|p1a: Pelipper|Weather Ball|p2a: Corviknight\n|-damage|p2a: Corviknight|58/100\n|\n|-weather|RainDance|[upkeep]\n|-heal|p2a: Corviknight|64/100|[from] item: Leftovers\n|upkeep\n|turn|5\n|\n|t:|1776547614\n|switch|p1a: Basculegion|Basculegion, L50, M|100/100\n|move|p2a: Corviknight|Power Trip|p1a: Basculegion\n|-supereffective|p1a: Basculegion|1\n|-damage|p1a: Basculegion|27/100\n|\n|-weather|none\n|-heal|p2a: Corviknight|70/100|[from] item: Leftovers\n|upkeep\n|turn|6\n|\n|t:|1776547625\n|move|p2a: Corviknight|Power Trip|p1a: Basculegion\n|-supereffective|p1a: Basculegion|1\n|-damage|p1a: Basculegion|0 fnt\n|faint|p1a: Basculegion\n|\n|-heal|p2a: Corviknight|76/100|[from] item: Leftovers\n|upkeep\n|\n|t:|1776547630\n|switch|p1a: Pelipper|Pelipper, L50, F|100/100\n|-weather|RainDance|[from] ability: Drizzle|[of] p1a: Pelipper\n|turn|7\n|\n|t:|1776547648\n|switch|p1a: Archaludon|Archaludon, L50, F|100/100\n|move|p2a: Corviknight|Power Trip|p1a: Archaludon\n|-damage|p1a: Archaludon|75/100\n|-ability|p1a: Archaludon|Stamina|boost\n|-boost|p1a: Archaludon|def|1\n|\n|-weather|RainDance|[upkeep]\n|-heal|p2a: Corviknight|81/100|[from] item: Leftovers\n|upkeep\n|turn|8\n|inactive|driflount drifloon has 30 seconds left.\n|\n|t:|1776547679\n|move|p2a: Corviknight|Roost|p2a: Corviknight\n|-heal|p2a: Corviknight|100/100\n|-singleturn|p2a: Corviknight|move: Roost\n|move|p1a: Archaludon|Electro Shot||[still]\n|-prepare|p1a: Archaludon|Electro Shot\n|-boost|p1a: Archaludon|spa|1\n|-anim|p1a: Archaludon|Electro Shot|p2a: Corviknight\n|-damage|p2a: Corviknight|63/100\n|\n|-weather|RainDance|[upkeep]\n|-heal|p2a: Corviknight|69/100|[from] item: Leftovers\n|upkeep\n|turn|9\n|-message|Slovami forfeited.\n|\n|win|driflount drifloon\n|raw|Slovami's rating: 1191 &rarr; <strong>1160</strong><br />(-31 for losing)\n|raw|driflount drifloon's rating: 1109 &rarr; <strong>1140</strong><br />(+31 for winning)\n|l|\u2606Slovami\n|player|p1|\n",
  "uploadtime": 1776547712,
  "views": 1,
  "formatid": "gen9championsbssregma",
  "rating": 1140,
  "private": 0,
  "password": null
}