{
  "id": "gen9championsbssregma-2583278540",
  "format": "[Gen 9 Champions] BSS Reg M-A",
  "players": [
    "388737dgtgt",
    "pkmnallrounder"
  ],
  "log": "|j|\u2606388737dgtgt\n|j|\u2606pkmnallrounder\n|t:|1776162486\n|gametype|singles\n|player|p1|388737dgtgt|266|1297\n|player|p2|pkmnallrounder|266|1252\n|gen|9\n|tier|[Gen 9 Champions] BSS Reg M-A\n|rated|\n|rule|Species Clause: Limit one of each Pok\u00e9mon\n|rule|Item Clause: Limit 1 of each item\n|clearpoke\n|poke|p1|Conkeldurr, L50, F|\n|poke|p1|Scizor, L50, M|\n|poke|p1|Lucario, L50, F|\n|poke|p1|Dragonite, L50, F|\n|poke|p1|Gyarados, L50, F|\n|poke|p1|Archaludon, L50, M|\n|poke|p2|Emboar, L50, F|\n|poke|p2|Primarina, L50, F|\n|poke|p2|Victreebel, L50, M|\n|poke|p2|Hydrapple, L50, M|\n|poke|p2|Lycanroc-Midnight, L50, F|\n|poke|p2|Basculegion, L50, M|\n|teampreview|3\n|inactive|Battle timer is ON: inactive players will automatically lose when time's up. (requested by pkmnallrounder)\n|inactive|388737dgtgt has 60 seconds left.\n|j| windir44\n|inactive|388737dgtgt has 30 seconds left.\n|inactive|388737dgtgt has 20 seconds left.\n|inactive|388737dgtgt has 15 seconds left.\n|\n|t:|1776162575\n|teamsize|p1|3\n|teamsize|p2|3\n|start\n|switch|p1a: Dragonite|Dragonite, L50, F|100/100\n|switch|p2a: Victreebel|Victreebel, L50, M|100/100\n|turn|1\n|\n|t:|1776162582\n|detailschange|p2a: Victreebel|Victreebel-Mega, L50, M\n|-mega|p2a: Victreebel|Victreebel|Victreebelite\n|move|p1a: Dragonite|Fire Blast|p2a: Victreebel\n|-supereffective|p2a: Victreebel|1\n|-damage|p2a: Victreebel|33/100\n|move|p2a: Victreebel|Sleep Powder|p1a: Dragonite\n|-status|p1a: Dragonite|slp|[from] move: Sleep Powder\n|-enditem|p1a: Dragonite|Lum Berry|[eat]\n|-curestatus|p1a: Dragonite|slp|[msg]\n|\n|upkeep\n|turn|2\n|\n|t:|1776162591\n|switch|p2a: Primarina|Primarina, L50, F|100/100\n|move|p1a: Dragonite|Dragon Pulse|p2a: Primarina\n|-immune|p2a: Primarina\n|\n|upkeep\n|turn|3\n|j| ewgef\n|\n|t:|1776162600\n|move|p1a: Dragonite|Fire Blast|p2a: Primarina\n|-resisted|p2a: Primarina|1\n|-damage|p2a: Primarina|87/100\n|move|p2a: Primarina|Moonblast|p1a: Dragonite\n|-supereffective|p1a: Dragonite|1\n|-damage|p1a: Dragonite|55/100\n|\n|upkeep\n|turn|4\n|\n|t:|1776162605\n|move|p1a: Dragonite|Roost|p1a: Dragonite\n|-heal|p1a: Dragonite|100/100\n|-singleturn|p1a: Dragonite|move: Roost\n|move|p2a: Primarina|Moonblast|p1a: Dragonite\n|-supereffective|p1a: Dragonite|1\n|-damage|p1a: Dragonite|52/100\n|\n|upkeep\n|turn|5\n|l| ewgef\n|j| p74\n|\n|t:|1776162619\n|move|p1a: Dragonite|Extreme Speed|p2a: Primarina\n|-damage|p2a: Primarina|61/100\n|move|p2a: Primarina|Ice Beam|p1a: Dragonite\n|-supereffective|p1a: Dragonite|2\n|-damage|p1a: Dragonite|0 fnt\n|faint|p1a: Dragonite\n|\n|upkeep\n|\n|t:|1776162630\n|switch|p1a: Gyarados|Gyarados, L50, F|100/100\n|-ability|p1a: Gyarados|Intimidate|boost\n|-unboost|p2a: Primarina|atk|1\n|turn|6\n|\n|t:|1776162635\n|move|p1a: Gyarados|Dragon Dance|p1a: Gyarados\n|-boost|p1a: Gyarados|atk|1\n|-boost|p1a: Gyarados|spe|1\n|move|p2a: Primarina|Moonblast|p1a: Gyarados\n|-damage|p1a: Gyarados|48/100\n|\n|upkeep\n|turn|7\n|\n|t:|1776162640\n|detailschange|p1a: Gyarados|Gyarados-Mega, L50, F\n|-mega|p1a: Gyarados|Gyarados|Gyaradosite\n|-ability|p1a: Gyarados|Mold Breaker\n|move|p1a: Gyarados|Power Whip|p2a: Primarina\n|-supereffective|p2a: Primarina|1\n|-damage|p2a: Primarina|0 fnt\n|faint|p2a: Primarina\n|\n|upkeep\n|\n|t:|1776162652\n|switch|p2a: Victreebel|Victreebel-Mega, L50, M|33/100\n|turn|8\n|\n|t:|1776162656\n|move|p1a: Gyarados|Crunch|p2a: Victreebel\n|-damage|p2a: Victreebel|0 fnt\n|-damage|p1a: Gyarados|13/100|[from] ability: Innards Out|[of] p2a: Victreebel\n|faint|p2a: Victreebel\n|\n|upkeep\n|\n|t:|1776162657\n|switch|p2a: Basculegion|Basculegion, L50, M|100/100\n|turn|9\n|\n|t:|1776162660\n|move|p1a: Gyarados|Power Whip|p2a: Basculegion|[miss]\n|-miss|p1a: Gyarados|p2a: Basculegion\n|move|p2a: Basculegion|Last Respects|p1a: Gyarados\n|-resisted|p1a: Gyarados|1\n|-damage|p1a: Gyarados|0 fnt\n|faint|p1a: Gyarados\n|\n|upkeep\n|-message|388737dgtgt forfeited.\n|\n|win|pkmnallrounder\n|raw|388737dgtgt's rating: 1297 &rarr; <strong>1269</strong><br />(-28 for losing)\n|raw|pkmnallrounder's rating: 1252 &rarr; <strong>1280</strong><br />(+28 for winning)\n|l|\u2606388737dgtgt\n|player|p1|\n|l|\u2606pkmnallrounder\n|player|p2|\n",
  "uploadtime": 1776162761,
  "views": 2,
  "formatid": "gen9championsbssregma",
  "rating": 1269,
  "private": 0,
  "password": null
}