{
  "id": "gen9championsbssregma-2584284572",
  "format": "[Gen 9 Champions] BSS Reg M-A",
  "players": [
    "zakokr",
    "jiiiiima"
  ],
  "log": "|j|\u2606zakokr\n|j|\u2606jiiiiima\n|t:|1776247047\n|gametype|singles\n|player|p1|zakokr|silver|1325\n|player|p2|jiiiiima|102|1331\n|gen|9\n|tier|[Gen 9 Champions] BSS Reg M-A\n|rated|\n|rule|Species Clause: Limit one of each Pok\u00e9mon\n|rule|Item Clause: Limit 1 of each item\n|clearpoke\n|poke|p1|Floette-Eternal, L50, F|\n|poke|p1|Delphox, L50, M|\n|poke|p1|Archaludon, L50, F|\n|poke|p1|Hydreigon, L50, M|\n|poke|p1|Primarina, L50, M|\n|poke|p1|Garchomp, L50, M|\n|poke|p2|Sylveon, L50, F|\n|poke|p2|Garchomp, L50, F|\n|poke|p2|Kingambit, L50, M|\n|poke|p2|Mimikyu, L50, M|\n|poke|p2|Dragonite, L50, F|\n|poke|p2|Rotom-Wash, L50|\n|teampreview|3\n|j| p74\n|\n|t:|1776247089\n|teamsize|p1|3\n|teamsize|p2|3\n|start\n|switch|p1a: Hydreigon|Hydreigon, L50, M|100/100\n|switch|p2a: Sylveon|Sylveon, L50, F|100/100\n|turn|1\n|\n|t:|1776247099\n|move|p1a: Hydreigon|Thunder Wave|p2a: Sylveon\n|-status|p2a: Sylveon|par\n|move|p2a: Sylveon|Calm Mind|p2a: Sylveon\n|-boost|p2a: Sylveon|spa|1\n|-boost|p2a: Sylveon|spd|1\n|\n|upkeep\n|turn|2\n|\n|t:|1776247108\n|move|p1a: Hydreigon|Taunt|p2a: Sylveon\n|-start|p2a: Sylveon|move: Taunt\n|cant|p2a: Sylveon|par\n|\n|upkeep\n|turn|3\n|\n|t:|1776247114\n|move|p1a: Hydreigon|Stealth Rock|p2a: Sylveon\n|-sidestart|p2: jiiiiima|move: Stealth Rock\n|move|p2a: Sylveon|Hyper Voice|p1a: Hydreigon\n|-supereffective|p1a: Hydreigon|2\n|-enditem|p1a: Hydreigon|Focus Sash\n|-damage|p1a: Hydreigon|1/100\n|\n|upkeep\n|turn|4\n|\n|t:|1776247127\n|move|p1a: Hydreigon|Dark Pulse|p2a: Sylveon\n|-resisted|p2a: Sylveon|1\n|-damage|p2a: Sylveon|90/100 par\n|move|p2a: Sylveon|Hyper Voice|p1a: Hydreigon\n|-supereffective|p1a: Hydreigon|2\n|-damage|p1a: Hydreigon|0 fnt\n|faint|p1a: Hydreigon\n|\n|-end|p2a: Sylveon|move: Taunt\n|upkeep\n|\n|t:|1776247137\n|switch|p1a: Floette|Floette-Eternal, L50, F|100/100\n|turn|5\n|\n|t:|1776247142\n|detailschange|p1a: Floette|Floette-Mega, L50, F\n|-mega|p1a: Floette|Floette|Floettite\n|-ability|p1a: Floette|Fairy Aura\n|move|p1a: Floette|Calm Mind|p1a: Floette\n|-boost|p1a: Floette|spa|1\n|-boost|p1a: Floette|spd|1\n|move|p2a: Sylveon|Calm Mind|p2a: Sylveon\n|-boost|p2a: Sylveon|spa|1\n|-boost|p2a: Sylveon|spd|1\n|\n|upkeep\n|turn|6\n|\n|t:|1776247155\n|move|p1a: Floette|Moonblast|p2a: Sylveon\n|-damage|p2a: Sylveon|48/100 par\n|-enditem|p2a: Sylveon|Sitrus Berry|[eat]\n|-heal|p2a: Sylveon|73/100 par|[from] item: Sitrus Berry\n|move|p2a: Sylveon|Calm Mind|p2a: Sylveon\n|-boost|p2a: Sylveon|spa|1\n|-boost|p2a: Sylveon|spd|1\n|\n|upkeep\n|turn|7\n|\n|t:|1776247164\n|move|p1a: Floette|Moonblast|p2a: Sylveon\n|-crit|p2a: Sylveon\n|-damage|p2a: Sylveon|0 fnt\n|faint|p2a: Sylveon\n|\n|upkeep\n|\n|t:|1776247170\n|switch|p2a: Mimikyu|Mimikyu, L50, M|100/100\n|-damage|p2a: Mimikyu|88/100|[from] Stealth Rock\n|turn|8\n|\n|t:|1776247178\n|move|p1a: Floette|Moonblast|p2a: Mimikyu\n|-activate|p2a: Mimikyu|ability: Disguise\n|-damage|p2a: Mimikyu|88/100\n|-unboost|p2a: Mimikyu|spa|1\n|detailschange|p2a: Mimikyu|Mimikyu-Busted, L50, M\n|-damage|p2a: Mimikyu|76/100|[from] pokemon: Mimikyu-Busted\n|move|p2a: Mimikyu|Swords Dance|p2a: Mimikyu\n|-boost|p2a: Mimikyu|atk|2\n|\n|upkeep\n|turn|9\n|inactive|Battle timer is ON: inactive players will automatically lose when time's up. (requested by jiiiiima)\n|\n|t:|1776247227\n|move|p2a: Mimikyu|Shadow Sneak|p1a: Floette\n|-damage|p1a: Floette|40/100\n|move|p1a: Floette|Draining Kiss|p2a: Mimikyu\n|-damage|p2a: Mimikyu|11/100\n|-heal|p1a: Floette|93/100|[from] drain|[of] p2a: Mimikyu\n|\n|upkeep\n|turn|10\n|\n|t:|1776247235\n|move|p2a: Mimikyu|Shadow Sneak|p1a: Floette\n|-damage|p1a: Floette|36/100\n|move|p1a: Floette|Draining Kiss|p2a: Mimikyu\n|-damage|p2a: Mimikyu|0 fnt\n|-heal|p1a: Floette|45/100|[from] drain|[of] p2a: Mimikyu\n|faint|p2a: Mimikyu\n|\n|upkeep\n|\n|t:|1776247237\n|switch|p2a: Dragonite|Dragonite, L50, F|100/100\n|-damage|p2a: Dragonite|76/100|[from] Stealth Rock\n|turn|11\n|\n|t:|1776247248\n|detailschange|p2a: Dragonite|Dragonite-Mega, L50, F\n|-mega|p2a: Dragonite|Dragonite|Dragoninite\n|move|p2a: Dragonite|Extreme Speed|p1a: Floette\n|-damage|p1a: Floette|19/100\n|move|p1a: Floette|Moonblast|p2a: Dragonite\n|-supereffective|p2a: Dragonite|1\n|-damage|p2a: Dragonite|0 fnt\n|faint|p2a: Dragonite\n|\n|win|zakokr\n|raw|zakokr's rating: 1325 &rarr; <strong>1345</strong><br />(+20 for winning)\n|raw|jiiiiima's rating: 1331 &rarr; <strong>1311</strong><br />(-20 for losing)\n|l|\u2606jiiiiima\n|player|p2|\n|l|\u2606zakokr\n|player|p1|\n",
  "uploadtime": 1776247658,
  "views": 6,
  "formatid": "gen9championsbssregma",
  "rating": 1311,
  "private": 0,
  "password": null
}