{
  "id": "gen9championsbssregma-2584297000",
  "format": "[Gen 9 Champions] BSS Reg M-A",
  "players": [
    "388737dgtgt",
    "jiiiiima"
  ],
  "log": "|j|\u2606388737dgtgt\n|j|\u203djiiiiima\n|t:|1776248411\n|gametype|singles\n|player|p1|388737dgtgt|266|1267\n|player|p2|jiiiiima|102|1304\n|gen|9\n|tier|[Gen 9 Champions] BSS Reg M-A\n|rated|\n|rule|Species Clause: Limit one of each Pok\u00e9mon\n|rule|Item Clause: Limit 1 of each item\n|clearpoke\n|poke|p1|Kingambit, L50, M|\n|poke|p1|Aerodactyl, L50, M|\n|poke|p1|Trevenant, L50, F|\n|poke|p1|Delphox, L50, F|\n|poke|p1|Garchomp, L50, F|\n|poke|p1|Arcanine-Hisui, L50, F|\n|poke|p2|Sylveon, L50, F|\n|poke|p2|Garchomp, L50, M|\n|poke|p2|Kingambit, L50, M|\n|poke|p2|Mimikyu, L50, F|\n|poke|p2|Dragonite, L50, F|\n|poke|p2|Venusaur, L50, M|\n|teampreview|3\n|inactive|Battle timer is ON: inactive players will automatically lose when time's up. (requested by 388737dgtgt)\n|inactive|jiiiiima has 60 seconds left.\n|inactive|jiiiiima has 30 seconds left.\n|inactive|jiiiiima has 20 seconds left.\n|inactive|jiiiiima has 15 seconds left.\n|\n|t:|1776248490\n|teamsize|p1|3\n|teamsize|p2|3\n|start\n|switch|p1a: Arcanine|Arcanine-Hisui, L50, F|100/100\n|switch|p2a: Garchomp|Garchomp, L50, M|100/100\n|-ability|p1a: Arcanine|Intimidate|boost\n|-unboost|p2a: Garchomp|atk|1\n|turn|1\n|\n|t:|1776248504\n|switch|p1a: Delphox|Delphox, L50, F|100/100\n|move|p2a: Garchomp|Stealth Rock|p1a: Delphox\n|-sidestart|p1: 388737dgtgt|move: Stealth Rock\n|\n|upkeep\n|turn|2\n|\n|t:|1776248528\n|switch|p2a: Dragonite|Dragonite, L50, F|100/100\n|detailschange|p1a: Delphox|Delphox-Mega, L50, F\n|-mega|p1a: Delphox|Delphox|Delphoxite\n|move|p1a: Delphox|Encore||[still]\n|-fail|p1a: Delphox\n|\n|upkeep\n|turn|3\n|\n|t:|1776248534\n|detailschange|p2a: Dragonite|Dragonite-Mega, L50, F\n|-mega|p2a: Dragonite|Dragonite|Dragoninite\n|move|p1a: Delphox|Substitute|p1a: Delphox\n|-start|p1a: Delphox|Substitute\n|-damage|p1a: Delphox|76/100\n|move|p2a: Dragonite|Air Slash|p1a: Delphox\n|-end|p1a: Delphox|Substitute\n|\n|upkeep\n|turn|4\n|\n|t:|1776248552\n|move|p1a: Delphox|Psychic|p2a: Dragonite\n|-damage|p2a: Dragonite|77/100\n|move|p2a: Dragonite|Air Slash|p1a: Delphox\n|-damage|p1a: Delphox|30/100\n|\n|upkeep\n|turn|5\n|j| p74\n|\n|t:|1776248567\n|switch|p1a: Arcanine|Arcanine-Hisui, L50, F|100/100\n|-damage|p1a: Arcanine|76/100|[from] Stealth Rock\n|-ability|p1a: Arcanine|Intimidate|boost\n|-unboost|p2a: Dragonite|atk|1\n|move|p2a: Dragonite|Air Slash|p1a: Arcanine\n|-resisted|p1a: Arcanine|1\n|-damage|p1a: Arcanine|44/100\n|\n|upkeep\n|turn|6\n|\n|t:|1776248579\n|switch|p2a: Garchomp|Garchomp, L50, M|100/100\n|move|p1a: Arcanine|Extreme Speed|p2a: Garchomp\n|-damage|p2a: Garchomp|74/100\n|-damage|p1a: Arcanine|32/100|[from] ability: Rough Skin|[of] p2a: Garchomp\n|\n|upkeep\n|turn|7\n|\n|t:|1776248586\n|move|p1a: Arcanine|Extreme Speed|p2a: Garchomp\n|-damage|p2a: Garchomp|49/100\n|-damage|p1a: Arcanine|20/100|[from] ability: Rough Skin|[of] p2a: Garchomp\n|move|p2a: Garchomp|Outrage|p1a: Arcanine\n|-damage|p1a: Arcanine|0 fnt\n|faint|p1a: Arcanine\n|\n|upkeep\n|\n|t:|1776248598\n|switch|p1a: Kingambit|Kingambit, L50, M|100/100\n|-damage|p1a: Kingambit|95/100|[from] Stealth Rock\n|-activate|p1a: Kingambit|ability: Supreme Overlord\n|-start|p1a: Kingambit|fallen1|[silent]\n|turn|8\n|\n|t:|1776248621\n|move|p2a: Garchomp|Outrage|p1a: Kingambit|[from] lockedmove\n|-resisted|p1a: Kingambit|1\n|-damage|p1a: Kingambit|73/100\n|-start|p2a: Garchomp|confusion|[fatigue]\n|move|p1a: Kingambit|Swords Dance|p1a: Kingambit\n|-boost|p1a: Kingambit|atk|2\n|\n|upkeep\n|turn|9\n|\n|t:|1776248644\n|move|p1a: Kingambit|Sucker Punch|p2a: Garchomp\n|-damage|p2a: Garchomp|0 fnt\n|-damage|p1a: Kingambit|61/100|[from] ability: Rough Skin|[of] p2a: Garchomp\n|faint|p2a: Garchomp\n|\n|upkeep\n|\n|t:|1776248648\n|switch|p2a: Mimikyu|Mimikyu, L50, F|100/100\n|turn|10\n|\n|t:|1776248651\n|move|p2a: Mimikyu|Play Rough|p1a: Kingambit\n|-damage|p1a: Kingambit|29/100\n|move|p1a: Kingambit|Iron Head|p2a: Mimikyu\n|-activate|p2a: Mimikyu|ability: Disguise\n|-damage|p2a: Mimikyu|100/100\n|detailschange|p2a: Mimikyu|Mimikyu-Busted, L50, F\n|-damage|p2a: Mimikyu|88/100|[from] pokemon: Mimikyu-Busted\n|\n|upkeep\n|turn|11\n|inactive|jiiiiima has 30 seconds left.\n|\n|t:|1776248686\n|move|p1a: Kingambit|Sucker Punch|p2a: Mimikyu\n|-damage|p2a: Mimikyu|0 fnt\n|faint|p2a: Mimikyu\n|\n|upkeep\n|-message|jiiiiima forfeited.\n|\n|win|388737dgtgt\n|raw|388737dgtgt's rating: 1267 &rarr; <strong>1295</strong><br />(+28 for winning)\n|raw|jiiiiima's rating: 1304 &rarr; <strong>1282</strong><br />(-22 for losing)\n|l|\u203djiiiiima\n|player|p2|\n|l|\u2606388737dgtgt\n|player|p1|\n",
  "uploadtime": 1776248764,
  "views": 9,
  "formatid": "gen9championsbssregma",
  "rating": 1282,
  "private": 0,
  "password": null
}