{
  "id": "gen9championsbssregma-2588947313",
  "format": "[Gen 9 Champions] BSS Reg M-A",
  "players": [
    "aceman2798",
    "Gontatta"
  ],
  "log": "|j|\u2606aceman2798\n|j|\u2606Gontatta\n|t:|1776688520\n|gametype|singles\n|player|p1|aceman2798|sada-ai|1090\n|player|p2|Gontatta|waiter-gen4dp|1079\n|gen|9\n|tier|[Gen 9 Champions] BSS Reg M-A\n|rated|\n|rule|Species Clause: Limit one of each Pok\u00e9mon\n|rule|Item Clause: Limit 1 of each item\n|clearpoke\n|poke|p1|Ceruledge, L50, F|\n|poke|p1|Samurott-Hisui, L50, M|\n|poke|p1|Araquanid, L50, F|\n|poke|p1|Glimmora, L50, F|\n|poke|p1|Noivern, L50, F|\n|poke|p1|Lucario, L50, M|\n|poke|p2|Meganium, L50, F|\n|poke|p2|Tyranitar, L50, M|\n|poke|p2|Archaludon, L50, F|\n|poke|p2|Palafin, L50, M|\n|poke|p2|Delphox, L50, F|\n|poke|p2|Primarina, L50, M|\n|teampreview|3\n|inactive|Battle timer is ON: inactive players will automatically lose when time's up. (requested by Gontatta)\n|inactive|aceman2798 has 60 seconds left.\n|inactive|Gontatta has 60 seconds left.\n|\n|t:|1776688590\n|teamsize|p1|3\n|teamsize|p2|3\n|start\n|switch|p1a: Lucario|Lucario, L50, M|100/100\n|switch|p2a: Delphox|Delphox, L50, F|100/100\n|turn|1\n|\n|t:|1776688597\n|switch|p1a: Samurott|Samurott-Hisui, L50, M|100/100\n|detailschange|p2a: Delphox|Delphox-Mega, L50, F\n|-mega|p2a: Delphox|Delphox|Delphoxite\n|move|p2a: Delphox|Flamethrower|p1a: Samurott\n|-resisted|p1a: Samurott|1\n|-damage|p1a: Samurott|56/100\n|\n|upkeep\n|turn|2\n|\n|t:|1776688611\n|switch|p2a: Archaludon|Archaludon, L50, F|100/100\n|move|p1a: Samurott|Ceaseless Edge|p2a: Archaludon\n|-damage|p2a: Archaludon|63/100\n|-ability|p2a: Archaludon|Stamina|boost\n|-boost|p2a: Archaludon|def|1\n|-sidestart|p2: Gontatta|Spikes\n|\n|-heal|p2a: Archaludon|70/100|[from] item: Leftovers\n|upkeep\n|turn|3\n|\n|t:|1776688617\n|move|p1a: Samurott|Sacred Sword|p2a: Archaludon\n|-supereffective|p2a: Archaludon|1\n|-damage|p2a: Archaludon|12/100\n|-ability|p2a: Archaludon|Stamina|boost\n|-boost|p2a: Archaludon|def|1\n|move|p2a: Archaludon|Stealth Rock|p1a: Samurott\n|-sidestart|p1: aceman2798|move: Stealth Rock\n|\n|-heal|p2a: Archaludon|18/100|[from] item: Leftovers\n|upkeep\n|turn|4\n|\n|t:|1776688625\n|switch|p2a: Tyranitar|Tyranitar, L50, M|100/100\n|-damage|p2a: Tyranitar|88/100|[from] Spikes\n|-weather|Sandstorm|[from] ability: Sand Stream|[of] p2a: Tyranitar\n|move|p1a: Samurott|Ceaseless Edge|p2a: Tyranitar\n|-resisted|p2a: Tyranitar|1\n|-damage|p2a: Tyranitar|68/100\n|-sidestart|p2: Gontatta|Spikes\n|\n|-weather|Sandstorm|[upkeep]\n|-damage|p1a: Samurott|50/100|[from] Sandstorm\n|upkeep\n|turn|5\n|\n|t:|1776688630\n|switch|p2a: Delphox|Delphox-Mega, L50, F|100/100\n|move|p1a: Samurott|Sacred Sword|p2a: Delphox\n|-resisted|p2a: Delphox|1\n|-damage|p2a: Delphox|70/100\n|\n|-weather|Sandstorm|[upkeep]\n|-damage|p2a: Delphox|64/100|[from] Sandstorm\n|-damage|p1a: Samurott|44/100|[from] Sandstorm\n|upkeep\n|turn|6\n|\n|t:|1776688637\n|move|p1a: Samurott|Aqua Jet|p2a: Delphox\n|-supereffective|p2a: Delphox|1\n|-damage|p2a: Delphox|10/100\n|move|p2a: Delphox|Dazzling Gleam|p1a: Samurott\n|-supereffective|p1a: Samurott|1\n|-damage|p1a: Samurott|0 fnt\n|faint|p1a: Samurott\n|\n|-weather|Sandstorm|[upkeep]\n|-damage|p2a: Delphox|4/100|[from] Sandstorm\n|upkeep\n|\n|t:|1776688642\n|switch|p1a: Lucario|Lucario, L50, M|100/100\n|-damage|p1a: Lucario|98/100|[from] Stealth Rock\n|turn|7\n|\n|t:|1776688647\n|switch|p2a: Archaludon|Archaludon, L50, F|18/100\n|-damage|p2a: Archaludon|2/100|[from] Spikes\n|detailschange|p1a: Lucario|Lucario-Mega, L50, M\n|-mega|p1a: Lucario|Lucario|Lucarionite\n|move|p1a: Lucario|Bullet Punch|p2a: Archaludon\n|-resisted|p2a: Archaludon|1\n|-damage|p2a: Archaludon|0 fnt\n|faint|p2a: Archaludon\n|\n|-weather|Sandstorm|[upkeep]\n|upkeep\n|\n|t:|1776688651\n|switch|p2a: Delphox|Delphox-Mega, L50, F|4/100\n|turn|8\n|\n|t:|1776688653\n|move|p1a: Lucario|Bullet Punch|p2a: Delphox\n|-resisted|p2a: Delphox|1\n|-damage|p2a: Delphox|0 fnt\n|faint|p2a: Delphox\n|\n|-weather|none\n|upkeep\n|\n|t:|1776688657\n|switch|p2a: Tyranitar|Tyranitar, L50, M|68/100\n|-damage|p2a: Tyranitar|52/100|[from] Spikes\n|-weather|Sandstorm|[from] ability: Sand Stream|[of] p2a: Tyranitar\n|turn|9\n|-message|Gontatta forfeited.\n|\n|win|aceman2798\n|raw|aceman2798's rating: 1090 &rarr; <strong>1116</strong><br />(+26 for winning)\n|raw|Gontatta's rating: 1079 &rarr; <strong>1058</strong><br />(-21 for losing)\n|l|\u2606Gontatta\n|player|p2|\n",
  "uploadtime": 1776688674,
  "views": 8,
  "formatid": "gen9championsbssregma",
  "rating": 1058,
  "private": 0,
  "password": null
}