{
  "id": "gen9championsbssregma-2588015533",
  "format": "[Gen 9 Champions] BSS Reg M-A",
  "players": [
    "ArkanisPK",
    "nowhere60"
  ],
  "log": "|j|\u2606ArkanisPK\n|j|\u2606nowhere60\n|t:|1776593240\n|gametype|singles\n|player|p1|ArkanisPK|madame-gen4dp|1385\n|player|p2|nowhere60|1|1257\n|gen|9\n|tier|[Gen 9 Champions] BSS Reg M-A\n|rated|\n|rule|Species Clause: Limit one of each Pok\u00e9mon\n|rule|Item Clause: Limit 1 of each item\n|clearpoke\n|poke|p1|Meganium, L50, F|\n|poke|p1|Basculegion, L50, M|\n|poke|p1|Bellibolt, L50, M|\n|poke|p1|Aegislash, L50, M|\n|poke|p1|Gyarados, L50, M|\n|poke|p1|Garchomp, L50, F|\n|poke|p2|Charizard, L50, M|\n|poke|p2|Basculegion, L50, M|\n|poke|p2|Ditto, L50|\n|poke|p2|Mimikyu, L50, F|\n|poke|p2|Clefable, L50, M|\n|poke|p2|Polteageist-Antique, L50|\n|teampreview|3\n|\n|t:|1776593273\n|teamsize|p1|3\n|teamsize|p2|3\n|start\n|switch|p1a: Garchomp|Garchomp, L50, F|100/100\n|switch|p2a: Ditto|Ditto, L50|100/100\n|-transform|p2a: Ditto|p1a: Garchomp|[from] ability: Imposter\n|turn|1\n|\n|t:|1776593286\n|move|p2a: Ditto|Stealth Rock|p1a: Garchomp\n|-sidestart|p1: ArkanisPK|move: Stealth Rock\n|move|p1a: Garchomp|Stealth Rock|p2a: Ditto\n|-sidestart|p2: nowhere60|move: Stealth Rock\n|\n|upkeep\n|turn|2\n|\n|t:|1776593290\n|move|p1a: Garchomp|Rock Tomb|p2a: Ditto\n|-resisted|p2a: Ditto|1\n|-damage|p2a: Ditto|88/100\n|-unboost|p2a: Ditto|spe|1\n|move|p2a: Ditto|Rock Tomb|p1a: Garchomp\n|-resisted|p1a: Garchomp|1\n|-damage|p1a: Garchomp|91/100\n|-unboost|p1a: Garchomp|spe|1\n|\n|upkeep\n|turn|3\n|\n|t:|1776593295\n|move|p1a: Garchomp|Rock Tomb|p2a: Ditto\n|-resisted|p2a: Ditto|1\n|-damage|p2a: Ditto|77/100\n|-unboost|p2a: Ditto|spe|1\n|move|p2a: Ditto|Earthquake|p1a: Garchomp\n|-damage|p1a: Garchomp|38/100\n|\n|upkeep\n|turn|4\n|\n|t:|1776593298\n|move|p1a: Garchomp|Earthquake|p2a: Ditto\n|-damage|p2a: Ditto|9/100\n|move|p2a: Ditto|Earthquake|p1a: Garchomp\n|-damage|p1a: Garchomp|0 fnt\n|faint|p1a: Garchomp\n|\n|upkeep\n|\n|t:|1776593301\n|switch|p1a: Gyarados|Gyarados, L50, M|100/100\n|-damage|p1a: Gyarados|76/100|[from] Stealth Rock\n|-ability|p1a: Gyarados|Intimidate|boost\n|-unboost|p2a: Ditto|atk|1\n|turn|5\n|\n|t:|1776593305\n|move|p1a: Gyarados|Waterfall|p2a: Ditto\n|-damage|p2a: Ditto|0 fnt\n|-damage|p1a: Gyarados|63/100|[from] ability: Rough Skin|[of] p2a: Ditto\n|faint|p2a: Ditto\n|\n|upkeep\n|\n|t:|1776593311\n|switch|p2a: Polteageist|Polteageist-Antique, L50|100/100\n|-damage|p2a: Polteageist|88/100|[from] Stealth Rock\n|turn|6\n|\n|t:|1776593318\n|detailschange|p1a: Gyarados|Gyarados-Mega, L50, M\n|-mega|p1a: Gyarados|Gyarados|Gyaradosite\n|-ability|p1a: Gyarados|Mold Breaker\n|move|p1a: Gyarados|Crunch|p2a: Polteageist\n|-supereffective|p2a: Polteageist|1\n|-damage|p2a: Polteageist|0 fnt\n|faint|p2a: Polteageist\n|\n|upkeep\n|\n|t:|1776593321\n|switch|p2a: Clefable|Clefable, L50, M|100/100\n|-damage|p2a: Clefable|88/100|[from] Stealth Rock\n|turn|7\n|\n|t:|1776593327\n|switch|p1a: Bellibolt|Bellibolt, L50, M|100/100\n|-damage|p1a: Bellibolt|88/100|[from] Stealth Rock\n|move|p2a: Clefable|Cosmic Power|p2a: Clefable\n|-boost|p2a: Clefable|def|1\n|-boost|p2a: Clefable|spd|1\n|\n|-heal|p1a: Bellibolt|94/100|[from] item: Leftovers\n|upkeep\n|turn|8\n|j| p74\n|\n|t:|1776593335\n|move|p2a: Clefable|Cosmic Power|p2a: Clefable\n|-boost|p2a: Clefable|def|1\n|-boost|p2a: Clefable|spd|1\n|move|p1a: Bellibolt|Parabolic Charge|p2a: Clefable\n|-damage|p2a: Clefable|75/100\n|-heal|p1a: Bellibolt|99/100|[from] drain|[of] p2a: Clefable\n|\n|-heal|p1a: Bellibolt|100/100|[from] item: Leftovers\n|upkeep\n|turn|9\n|\n|t:|1776593341\n|move|p2a: Clefable|Cosmic Power|p2a: Clefable\n|-boost|p2a: Clefable|def|1\n|-boost|p2a: Clefable|spd|1\n|move|p1a: Bellibolt|Toxic|p2a: Clefable\n|-status|p2a: Clefable|tox\n|\n|-damage|p2a: Clefable|69/100 tox|[from] psn\n|upkeep\n|turn|10\n|\n|t:|1776593353\n|move|p2a: Clefable|Cosmic Power|p2a: Clefable\n|-boost|p2a: Clefable|def|1\n|-boost|p2a: Clefable|spd|1\n|move|p1a: Bellibolt|Parabolic Charge|p2a: Clefable\n|-damage|p2a: Clefable|60/100 tox\n|\n|-damage|p2a: Clefable|48/100 tox|[from] psn\n|upkeep\n|turn|11\n|\n|t:|1776593361\n|detailschange|p2a: Clefable|Clefable-Mega, L50, M\n|-mega|p2a: Clefable|Clefable|Clefablite\n|move|p2a: Clefable|Stored Power|p1a: Bellibolt\n|-damage|p1a: Bellibolt|56/100\n|-start|p1a: Bellibolt|Charge|Stored Power|[from] ability: Electromorphosis\n|move|p1a: Bellibolt|Soak|p2a: Clefable\n|move|p2a: Clefable|Soak|p1a: Bellibolt|[from] ability: Magic Bounce\n|-start|p1a: Bellibolt|typechange|Water\n|\n|-heal|p1a: Bellibolt|62/100|[from] item: Leftovers\n|-damage|p2a: Clefable|30/100 tox|[from] psn\n|upkeep\n|turn|12\n|-message|nowhere60 forfeited.\n|\n|win|ArkanisPK\n|raw|ArkanisPK's rating: 1385 &rarr; <strong>1398</strong><br />(+13 for winning)\n|raw|nowhere60's rating: 1257 &rarr; <strong>1241</strong><br />(-16 for losing)\n|l|\u2606nowhere60\n|player|p2|\n|l|\u2606ArkanisPK\n|player|p1|\n",
  "uploadtime": 1776593378,
  "views": 8,
  "formatid": "gen9championsbssregma",
  "rating": 1241,
  "private": 0,
  "password": null
}