{
  "id": "gen9championsbssregma-2585103173",
  "format": "[Gen 9 Champions] BSS Reg M-A",
  "players": [
    "kyotoyoko",
    "MiraidonGaming"
  ],
  "log": "|j|\u2606kyotoyoko\n|j|\u2606MiraidonGaming\n|t:|1776312099\n|gametype|singles\n|player|p1|kyotoyoko|caitlin|1200\n|player|p2|MiraidonGaming|lucas|1226\n|gen|9\n|tier|[Gen 9 Champions] BSS Reg M-A\n|rated|\n|rule|Species Clause: Limit one of each Pok\u00e9mon\n|rule|Item Clause: Limit 1 of each item\n|clearpoke\n|poke|p1|Hatterene, L50, F|\n|poke|p1|Charizard, L50, F|\n|poke|p1|Mimikyu, L50, F|\n|poke|p1|Gyarados, L50, F|\n|poke|p1|Rotom-Wash, L50|\n|poke|p1|Kingambit, L50, F|\n|poke|p2|Ninetales-Alola, L50, F|\n|poke|p2|Charizard, L50, M|\n|poke|p2|Scizor, L50, M|\n|poke|p2|Sinistcha, L50|\n|poke|p2|Rotom-Wash, L50|\n|poke|p2|Salazzle, L50, F|\n|teampreview|3\n|j| huhyuhyuhyuh\n|j| p74\n|\n|t:|1776312137\n|teamsize|p1|3\n|teamsize|p2|3\n|start\n|switch|p1a: Hatterene|Hatterene, L50, F, shiny|100/100\n|switch|p2a: Put a brick in|Rotom-Wash, L50|100/100\n|turn|1\n|inactive|Battle timer is ON: inactive players will automatically lose when time's up. (requested by kyotoyoko)\n|\n|t:|1776312155\n|move|p2a: Put a brick in|Discharge|p1a: Hatterene\n|-damage|p1a: Hatterene|64/100\n|move|p1a: Hatterene|Psyshock|p2a: Put a brick in\n|-damage|p2a: Put a brick in|56/100\n|\n|upkeep\n|turn|2\n|\n|t:|1776312163\n|move|p2a: Put a brick in|Discharge|p1a: Hatterene\n|-damage|p1a: Hatterene|29/100\n|-status|p1a: Hatterene|par\n|-enditem|p1a: Hatterene|Sitrus Berry|[eat]\n|-heal|p1a: Hatterene|54/100 par|[from] item: Sitrus Berry\n|move|p1a: Hatterene|Psyshock|p2a: Put a brick in\n|-damage|p2a: Put a brick in|7/100\n|\n|upkeep\n|turn|3\n|\n|t:|1776312174\n|switch|p2a: Edward|Scizor, L50, M|100/100\n|move|p1a: Hatterene|Trick Room|p1a: Hatterene\n|-fieldstart|move: Trick Room|[of] p1a: Hatterene\n|\n|upkeep\n|turn|4\n|\n|t:|1776312182\n|switch|p1a: Charizard|Charizard, L50, F|100/100\n|move|p2a: Edward|Bullet Punch|p1a: Charizard\n|-resisted|p1a: Charizard|1\n|-damage|p1a: Charizard|84/100\n|\n|upkeep\n|turn|5\n|\n|t:|1776312194\n|switch|p2a: Bruce|Charizard, L50, M|100/100\n|detailschange|p1a: Charizard|Charizard-Mega-X, L50, F\n|-mega|p1a: Charizard|Charizard|Charizardite X\n|move|p1a: Charizard|Flare Blitz|p2a: Bruce\n|-resisted|p2a: Bruce|1\n|-damage|p2a: Bruce|47/100\n|-damage|p1a: Charizard|65/100|[from] Recoil\n|\n|upkeep\n|turn|6\n|\n|t:|1776312210\n|move|p1a: Charizard|Outrage|p2a: Bruce\n|-damage|p2a: Bruce|0 fnt\n|faint|p2a: Bruce\n|\n|upkeep\n|\n|t:|1776312213\n|switch|p2a: Edward|Scizor, L50, M|100/100\n|turn|7\n|\n|t:|1776312219\n|move|p2a: Edward|Swords Dance|p2a: Edward\n|-boost|p2a: Edward|atk|2\n|move|p1a: Charizard|Outrage|p2a: Edward|[from] lockedmove\n|-resisted|p2a: Edward|1\n|-damage|p2a: Edward|58/100\n|\n|-fieldend|move: Trick Room\n|upkeep\n|turn|8\n|\n|t:|1776312238\n|detailschange|p2a: Edward|Scizor-Mega, L50, M\n|-mega|p2a: Edward|Scizor|Scizorite\n|move|p2a: Edward|Bullet Punch|p1a: Charizard\n|-resisted|p1a: Charizard|1\n|-damage|p1a: Charizard|39/100\n|move|p1a: Charizard|Outrage|p2a: Edward|[from] lockedmove\n|-resisted|p2a: Edward|1\n|-damage|p2a: Edward|26/100\n|-start|p1a: Charizard|confusion|[fatigue]\n|\n|upkeep\n|turn|9\n|\n|t:|1776312246\n|move|p2a: Edward|Bullet Punch|p1a: Charizard\n|-resisted|p1a: Charizard|1\n|-damage|p1a: Charizard|12/100\n|-activate|p1a: Charizard|confusion\n|move|p1a: Charizard|Flame Charge|p2a: Edward\n|-supereffective|p2a: Edward|2\n|-damage|p2a: Edward|0 fnt\n|-boost|p1a: Charizard|spe|1\n|faint|p2a: Edward\n|\n|upkeep\n|\n|t:|1776312249\n|switch|p2a: Put a brick in|Rotom-Wash, L50|7/100\n|turn|10\n|\n|t:|1776312252\n|move|p2a: Put a brick in|Discharge|p1a: Charizard\n|-resisted|p1a: Charizard|1\n|-damage|p1a: Charizard|0 fnt\n|faint|p1a: Charizard\n|\n|upkeep\n|\n|t:|1776312255\n|switch|p1a: Kingambit|Kingambit, L50, F, shiny|100/100\n|-activate|p1a: Kingambit|ability: Supreme Overlord\n|-start|p1a: Kingambit|fallen1|[silent]\n|turn|11\n|\n|t:|1776312257\n|move|p1a: Kingambit|Sucker Punch|p2a: Put a brick in\n|-damage|p2a: Put a brick in|0 fnt\n|faint|p2a: Put a brick in\n|\n|win|kyotoyoko\n|raw|kyotoyoko's rating: 1200 &rarr; <strong>1227</strong><br />(+27 for winning)\n|raw|MiraidonGaming's rating: 1226 &rarr; <strong>1199</strong><br />(-27 for losing)\n|l|\u2606MiraidonGaming\n|player|p2|\n|l|\u2606kyotoyoko\n|player|p1|\n|l| huhyuhyuhyuh\n",
  "uploadtime": 1776312323,
  "views": 4,
  "formatid": "gen9championsbssregma",
  "rating": 1199,
  "private": 0,
  "password": null
}