{
  "id": "gen9championsbssregma-2584233226",
  "format": "[Gen 9 Champions] BSS Reg M-A",
  "players": [
    "kddy-docomo",
    "fletchyfletchy"
  ],
  "log": "|j|\u2606kddy-docomo\n|j|\u2606fletchyfletchy\n|t:|1776241276\n|gametype|singles\n|player|p1|kddy-docomo|1|1109\n|player|p2|fletchyfletchy|liko|1072\n|gen|9\n|tier|[Gen 9 Champions] BSS Reg M-A\n|rated|\n|rule|Species Clause: Limit one of each Pok\u00e9mon\n|rule|Item Clause: Limit 1 of each item\n|clearpoke\n|poke|p1|Chesnaught, L50, M|\n|poke|p1|Toxapex, L50, F|\n|poke|p1|Corviknight, L50, M|\n|poke|p1|Aegislash, L50, M|\n|poke|p1|Feraligatr, L50, M|\n|poke|p1|Glimmora, L50, F|\n|poke|p2|Lopunny, L50, M|\n|poke|p2|Basculegion, L50, M|\n|poke|p2|Meowscarada, L50, F|\n|poke|p2|Aegislash, L50, M|\n|poke|p2|Charizard, L50, F|\n|poke|p2|Ninetales-Alola, L50, M|\n|teampreview|3\n|inactive|Battle timer is ON: inactive players will automatically lose when time's up. (requested by fletchyfletchy)\n|\n|t:|1776241320\n|teamsize|p1|3\n|teamsize|p2|3\n|start\n|switch|p1a: Glimmora|Glimmora, L50, F, shiny|100/100\n|switch|p2a: Charizard|Charizard, L50, F|100/100\n|turn|1\n|inactive|fletchyfletchy has 30 seconds left.\n|\n|t:|1776241352\n|detailschange|p2a: Charizard|Charizard-Mega-Y, L50, F\n|-mega|p2a: Charizard|Charizard|Charizardite Y\n|-weather|SunnyDay|[from] ability: Drought|[of] p2a: Charizard\n|move|p2a: Charizard|Solar Beam||[still]\n|-prepare|p2a: Charizard|Solar Beam\n|-anim|p2a: Charizard|Solar Beam|p1a: Glimmora\n|-damage|p1a: Glimmora|32/100\n|move|p1a: Glimmora|Stealth Rock|p2a: Charizard\n|-sidestart|p2: fletchyfletchy|move: Stealth Rock\n|\n|-weather|SunnyDay|[upkeep]\n|upkeep\n|turn|2\n|\n|t:|1776241363\n|switch|p1a: Toxapex|Toxapex, L50, F, shiny|100/100\n|move|p2a: Charizard|Solar Beam||[still]\n|-prepare|p2a: Charizard|Solar Beam\n|-anim|p2a: Charizard|Solar Beam|p1a: Toxapex\n|-damage|p1a: Toxapex|57/100\n|\n|-weather|SunnyDay|[upkeep]\n|-heal|p1a: Toxapex|62/100|[from] item: Leftovers\n|upkeep\n|turn|3\n|inactive|fletchyfletchy has 30 seconds left.\n|inactive|fletchyfletchy has 20 seconds left.\n|inactive|fletchyfletchy has 15 seconds left.\n|inactive|fletchyfletchy has 10 seconds left.\n|\n|t:|1776241409\n|move|p2a: Charizard|Solar Beam||[still]\n|-prepare|p2a: Charizard|Solar Beam\n|-anim|p2a: Charizard|Solar Beam|p1a: Toxapex\n|-damage|p1a: Toxapex|24/100\n|move|p1a: Toxapex|Recover|p1a: Toxapex\n|-heal|p1a: Toxapex|74/100\n|\n|-weather|SunnyDay|[upkeep]\n|-heal|p1a: Toxapex|80/100|[from] item: Leftovers\n|upkeep\n|turn|4\n|\n|t:|1776241419\n|move|p2a: Charizard|Solar Beam||[still]\n|-prepare|p2a: Charizard|Solar Beam\n|-anim|p2a: Charizard|Solar Beam|p1a: Toxapex\n|-damage|p1a: Toxapex|39/100\n|move|p1a: Toxapex|Infestation|p2a: Charizard\n|-resisted|p2a: Charizard|2\n|-damage|p2a: Charizard|99/100\n|-activate|p2a: Charizard|move: Infestation|[of] p1a: Toxapex\n|\n|-weather|SunnyDay|[upkeep]\n|-heal|p1a: Toxapex|45/100|[from] item: Leftovers\n|-damage|p2a: Charizard|88/100|[from] move: Infestation|[partiallytrapped]\n|upkeep\n|turn|5\n|\n|t:|1776241426\n|move|p1a: Toxapex|Baneful Bunker|p1a: Toxapex\n|-singleturn|p1a: Toxapex|move: Protect\n|move|p2a: Charizard|Solar Beam||[still]\n|-prepare|p2a: Charizard|Solar Beam\n|-anim|p2a: Charizard|Solar Beam|p1a: Toxapex\n|-activate|p1a: Toxapex|move: Protect\n|\n|-weather|none\n|-heal|p1a: Toxapex|51/100|[from] item: Leftovers\n|-damage|p2a: Charizard|75/100|[from] move: Infestation|[partiallytrapped]\n|upkeep\n|turn|6\n|\n|t:|1776241433\n|move|p2a: Charizard|Air Slash|p1a: Toxapex\n|-damage|p1a: Toxapex|14/100\n|move|p1a: Toxapex|Toxic Spikes|p2a: Charizard\n|-sidestart|p2: fletchyfletchy|move: Toxic Spikes\n|\n|-heal|p1a: Toxapex|20/100|[from] item: Leftovers\n|-damage|p2a: Charizard|63/100|[from] move: Infestation|[partiallytrapped]\n|upkeep\n|turn|7\n|\n|t:|1776241439\n|move|p1a: Toxapex|Baneful Bunker|p1a: Toxapex\n|-singleturn|p1a: Toxapex|move: Protect\n|move|p2a: Charizard|Solar Beam||[still]\n|-prepare|p2a: Charizard|Solar Beam\n|\n|-heal|p1a: Toxapex|25/100|[from] item: Leftovers\n|-damage|p2a: Charizard|51/100|[from] move: Infestation|[partiallytrapped]\n|upkeep\n|turn|8\n|\n|t:|1776241442\n|switch|p1a: Glimmora|Glimmora, L50, F, shiny|32/100\n|move|p2a: Charizard|Solar Beam|p1a: Glimmora|[from] lockedmove\n|-damage|p1a: Glimmora|0 fnt\n|faint|p1a: Glimmora\n|\n|-end|p2a: Charizard|Infestation|[partiallytrapped]\n|upkeep\n|\n|t:|1776241447\n|switch|p1a: Toxapex|Toxapex, L50, F, shiny|58/100\n|turn|9\n|\n|t:|1776241458\n|switch|p2a: Aegislash|Aegislash, L50, M|100/100\n|-damage|p2a: Aegislash|95/100|[from] Stealth Rock\n|move|p1a: Toxapex|Recover|p1a: Toxapex\n|-heal|p1a: Toxapex|100/100\n|\n|-heal|p2a: Aegislash|100/100|[from] item: Leftovers\n|upkeep\n|turn|10\n|\n|t:|1776241464\n|move|p2a: Aegislash|Swords Dance|p2a: Aegislash\n|-boost|p2a: Aegislash|atk|2\n|move|p1a: Toxapex|Infestation|p2a: Aegislash\n|-resisted|p2a: Aegislash|2\n|-damage|p2a: Aegislash|99/100\n|-activate|p2a: Aegislash|move: Infestation|[of] p1a: Toxapex\n|\n|-heal|p2a: Aegislash|100/100|[from] item: Leftovers\n|-damage|p2a: Aegislash|89/100|[from] move: Infestation|[partiallytrapped]\n|upkeep\n|turn|11\n|\n|t:|1776241485\n|switch|p1a: Feraligatr|Feraligatr, L50, M, shiny|100/100\n|move|p2a: Aegislash|Swords Dance|p2a: Aegislash\n|-boost|p2a: Aegislash|atk|2\n|\n|-heal|p2a: Aegislash|95/100|[from] item: Leftovers\n|-end|p2a: Aegislash|Infestation|[partiallytrapped]|[silent]\n|upkeep\n|turn|12\n|inactive|fletchyfletchy has 30 seconds left.\n|\n|t:|1776241513\n|detailschange|p1a: Feraligatr|Feraligatr-Mega, L50, M, shiny\n|-mega|p1a: Feraligatr|Feraligatr|Feraligite\n|move|p1a: Feraligatr|Dragon Dance|p1a: Feraligatr\n|-boost|p1a: Feraligatr|atk|1\n|-boost|p1a: Feraligatr|spe|1\n|-formechange|p2a: Aegislash|Aegislash-Blade|\n|move|p2a: Aegislash|Sacred Sword|p1a: Feraligatr\n|-damage|p1a: Feraligatr|4/100\n|\n|-heal|p2a: Aegislash|100/100|[from] item: Leftovers\n|upkeep\n|turn|13\n|\n|t:|1776241521\n|move|p2a: Aegislash|Shadow Sneak|p1a: Feraligatr\n|-damage|p1a: Feraligatr|0 fnt\n|faint|p1a: Feraligatr\n|\n|upkeep\n|-message|kddy-docomo forfeited.\n|\n|win|fletchyfletchy\n|raw|kddy-docomo's rating: 1109 &rarr; <strong>1081</strong><br />(-28 for losing)\n|raw|fletchyfletchy's rating: 1072 &rarr; <strong>1104</strong><br />(+32 for winning)\n",
  "uploadtime": 1776241525,
  "views": 1,
  "formatid": "gen9championsbssregma",
  "rating": 1081,
  "private": 0,
  "password": null
}