{
  "id": "gen9championsbssregma-2583996611",
  "format": "[Gen 9 Champions] BSS Reg M-A",
  "players": [
    "thesantty",
    "Nasheville"
  ],
  "log": "|j|\u2606thesantty\n|j|\u2606Nasheville\n|html|<table width=\"100%\"><tr><td align=\"left\">thesantty</td><td align=\"right\">Nasheville</tr><tr><td align=\"left\"><i class=\"fa fa-circle-o\"></i> <i class=\"fa fa-circle-o\"></i> </td><td align=\"right\"><i class=\"fa fa-circle-o\"></i> <i class=\"fa fa-circle\"></i> </tr></table>\n|uhtml|bestof|<h2><strong>Game 2</strong> of <a href=\"/game-bestof3-gen9championsbssregma-2583993759\">a best-of-3</a></h2>\n|t:|1776215251\n|gametype|singles\n|player|p1|thesantty|169|\n|player|p2|Nasheville|swimmer-gen4dp|\n|gen|9\n|tier|[Gen 9 Champions] BSS Reg M-A\n|rule|Species Clause: Limit one of each Pok\u00e9mon\n|rule|Item Clause: Limit 1 of each item\n|raw|<div class=\"infobox\"><details class=\"readmore\" open><summary><strong>1 custom rule:</strong></summary> Best of = 3</details></div>\n|clearpoke\n|poke|p1|Araquanid, L50, M|\n|poke|p1|Meowscarada, L50, M|\n|poke|p1|Ceruledge, L50, F|\n|poke|p1|Starmie, L50|\n|poke|p1|Toxapex, L50, F|\n|poke|p1|Lopunny, L50, M|\n|poke|p2|Kingambit, L50, F|\n|poke|p2|Garchomp, L50, M|\n|poke|p2|Floette-Eternal, L50, F|\n|poke|p2|Araquanid, L50, M|\n|poke|p2|Ceruledge, L50, F|\n|poke|p2|Starmie, L50|\n|teampreview|3\n|inactive|Battle timer is ON: inactive players will automatically lose when time's up. (requested by thesantty)\n|\n|t:|1776215277\n|teamsize|p1|3\n|teamsize|p2|3\n|start\n|switch|p1a: Meowscarada|Meowscarada, L50, M|100/100\n|switch|p2a: Garchomp|Garchomp, L50, M|100/100\n|turn|1\n|\n|t:|1776215287\n|switch|p2a: Starmie|Starmie, L50|100/100\n|move|p1a: Meowscarada|Triple Axel|p2a: Starmie\n|-start|p1a: Meowscarada|typechange|Ice|[from] ability: Protean\n|-resisted|p2a: Starmie|1\n|-damage|p2a: Starmie|93/100\n|-resisted|p2a: Starmie|1\n|-damage|p2a: Starmie|79/100\n|-resisted|p2a: Starmie|1\n|-damage|p2a: Starmie|57/100\n|-hitcount|p2a: Starmie|3\n|\n|upkeep\n|turn|2\n|inactive|thesantty has 30 seconds left.\n|inactive|thesantty has 20 seconds left.\n|inactive|thesantty has 15 seconds left.\n|inactive|thesantty has 10 seconds left.\n|inactiveoff|Battle timer is now OFF.\n|\n|t:|1776215338\n|switch|p1a: Starmie|Starmie, L50|100/100\n|switch|p2a: Ceruledge|Ceruledge, L50, F|100/100\n|\n|upkeep\n|turn|3\n|\n|t:|1776215361\n|detailschange|p1a: Starmie|Starmie-Mega, L50\n|-mega|p1a: Starmie|Starmie|Starminite\n|move|p1a: Starmie|Liquidation|p2a: Ceruledge\n|-supereffective|p2a: Ceruledge|1\n|-enditem|p2a: Ceruledge|Focus Sash\n|-damage|p2a: Ceruledge|1/100\n|-ability|p2a: Ceruledge|Weak Armor|boost\n|-unboost|p2a: Ceruledge|def|1\n|-boost|p2a: Ceruledge|spe|2\n|move|p2a: Ceruledge|Swords Dance|p2a: Ceruledge\n|-boost|p2a: Ceruledge|atk|2\n|\n|upkeep\n|turn|4\n|inactive|Battle timer is ON: inactive players will automatically lose when time's up. (requested by thesantty)\n|\n|t:|1776215376\n|switch|p1a: Toxapex|Toxapex, L50, F|100/100\n|move|p2a: Ceruledge|Shadow Sneak|p1a: Toxapex\n|-damage|p1a: Toxapex|75/100\n|\n|-heal|p1a: Toxapex|81/100|[from] item: Leftovers\n|upkeep\n|turn|5\n|\n|t:|1776215386\n|move|p1a: Toxapex|Baneful Bunker|p1a: Toxapex\n|-singleturn|p1a: Toxapex|move: Protect\n|move|p2a: Ceruledge|Poltergeist|p1a: Toxapex\n|-activate|p1a: Toxapex|move: Protect\n|\n|-heal|p1a: Toxapex|87/100|[from] item: Leftovers\n|upkeep\n|turn|6\n|\n|t:|1776215409\n|move|p2a: Ceruledge|Poltergeist|p1a: Toxapex\n|-activate|p1a: Toxapex|move: Poltergeist|Leftovers\n|-damage|p1a: Toxapex|22/100\n|move|p1a: Toxapex|Infestation|p2a: Ceruledge\n|-resisted|p2a: Ceruledge|2\n|-damage|p2a: Ceruledge|0 fnt\n|faint|p2a: Ceruledge\n|\n|-heal|p1a: Toxapex|27/100|[from] item: Leftovers\n|upkeep\n|\n|t:|1776215419\n|switch|p2a: Starmie|Starmie, L50|57/100\n|turn|7\n|\n|t:|1776215428\n|switch|p2a: Garchomp|Garchomp, L50, M|100/100\n|move|p1a: Toxapex|Baneful Bunker||[still]\n|-fail|p1a: Toxapex\n|\n|-heal|p1a: Toxapex|33/100|[from] item: Leftovers\n|upkeep\n|turn|8\n|\n|t:|1776215437\n|move|p2a: Garchomp|Earthquake|p1a: Toxapex\n|-supereffective|p1a: Toxapex|1\n|-damage|p1a: Toxapex|0 fnt\n|faint|p1a: Toxapex\n|\n|upkeep\n|\n|t:|1776215440\n|switch|p1a: Meowscarada|Meowscarada, L50, M|100/100\n|turn|9\n|\n|t:|1776215446\n|switch|p2a: Starmie|Starmie, L50|57/100\n|move|p1a: Meowscarada|Triple Axel|p2a: Starmie\n|-start|p1a: Meowscarada|typechange|Ice|[from] ability: Protean\n|-resisted|p2a: Starmie|1\n|-crit|p2a: Starmie\n|-damage|p2a: Starmie|46/100\n|-resisted|p2a: Starmie|1\n|-damage|p2a: Starmie|33/100\n|-resisted|p2a: Starmie|1\n|-damage|p2a: Starmie|15/100\n|-hitcount|p2a: Starmie|3\n|\n|upkeep\n|turn|10\n|\n|t:|1776215459\n|detailschange|p2a: Starmie|Starmie-Mega, L50\n|-mega|p2a: Starmie|Starmie|Starminite\n|move|p1a: Meowscarada|Triple Axel|p2a: Starmie\n|-resisted|p2a: Starmie|1\n|-damage|p2a: Starmie|9/100\n|-resisted|p2a: Starmie|1\n|-damage|p2a: Starmie|0 fnt\n|faint|p2a: Starmie\n|-hitcount|p2: Starmie|2\n|\n|upkeep\n|\n|t:|1776215467\n|switch|p2a: Garchomp|Garchomp, L50, M|100/100\n|turn|11\n|\n|t:|1776215476\n|move|p1a: Meowscarada|Triple Axel|p2a: Garchomp\n|-supereffective|p2a: Garchomp|2\n|-damage|p2a: Garchomp|66/100\n|-damage|p1a: Meowscarada|88/100|[from] ability: Rough Skin|[of] p2a: Garchomp\n|-supereffective|p2a: Garchomp|2\n|-damage|p2a: Garchomp|0 fnt\n|-damage|p1a: Meowscarada|76/100|[from] ability: Rough Skin|[of] p2a: Garchomp\n|faint|p2a: Garchomp\n|-hitcount|p2: Garchomp|2\n|\n|win|thesantty\n||thesantty is ready for game 3.\n|inactive|Nasheville has 30 seconds to confirm battle start!\n||Nasheville is ready for game 3.\n|uhtml|next|Next: <a href=\"/battle-gen9championsbssregma-2583999282\"><strong>Game 3 of 3</strong></a>\n",
  "uploadtime": 1776215693,
  "views": 15,
  "formatid": "gen9championsbssregma",
  "rating": null,
  "private": 0,
  "password": null
}