{
  "id": "gen9championsbssregma-2583189546",
  "format": "[Gen 9 Champions] BSS Reg M-A",
  "players": [
    "jjoony",
    "karbain"
  ],
  "log": "|j|\u2606jjoony\n|j|\u2606karbain\n|t:|1776152768\n|gametype|singles\n|player|p1|jjoony|169|1294\n|player|p2|karbain|2|1342\n|gen|9\n|tier|[Gen 9 Champions] BSS Reg M-A\n|rated|\n|rule|Species Clause: Limit one of each Pok\u00e9mon\n|rule|Item Clause: Limit 1 of each item\n|clearpoke\n|poke|p1|Incineroar, L50, M|\n|poke|p1|Charizard, L50, M|\n|poke|p1|Hippowdon, L50, F|\n|poke|p1|Primarina, L50, M|\n|poke|p1|Ceruledge, L50, M|\n|poke|p1|Hydreigon, L50, F|\n|poke|p2|Charizard, L50, M|\n|poke|p2|Greninja-*, L50, F|\n|poke|p2|Mimikyu, L50, F|\n|poke|p2|Gengar, L50, F|\n|poke|p2|Meowscarada, L50, M|\n|poke|p2|Aegislash, L50, F|\n|teampreview|3\n|inactive|Battle timer is ON: inactive players will automatically lose when time's up. (requested by jjoony)\n|j| p74\n|inactive|karbain has 60 seconds left.\n|\n|t:|1776152806\n|teamsize|p1|3\n|teamsize|p2|3\n|start\n|switch|p1a: Hippowdon|Hippowdon, L50, F|100/100\n|switch|p2a: Greninja|Greninja, L50, F|100/100\n|-weather|Sandstorm|[from] ability: Sand Stream|[of] p1a: Hippowdon\n|turn|1\n|\n|t:|1776152813\n|move|p2a: Greninja|Surf|p1a: Hippowdon\n|-supereffective|p1a: Hippowdon|1\n|-crit|p1a: Hippowdon\n|-damage|p1a: Hippowdon|0 fnt\n|faint|p1a: Hippowdon\n|\n|-weather|Sandstorm|[upkeep]\n|-damage|p2a: Greninja|94/100|[from] Sandstorm\n|upkeep\n|\n|t:|1776152826\n|switch|p1a: Charizard|Charizard, L50, M|100/100\n|turn|2\n|\n|t:|1776152835\n|detailschange|p1a: Charizard|Charizard-Mega-Y, L50, M\n|-mega|p1a: Charizard|Charizard|Charizardite Y\n|-weather|SunnyDay|[from] ability: Drought|[of] p1a: Charizard\n|move|p2a: Greninja|Dark Pulse|p1a: Charizard\n|-damage|p1a: Charizard|62/100\n|cant|p1a: Charizard|flinch\n|\n|-weather|SunnyDay|[upkeep]\n|upkeep\n|turn|3\n|\n|t:|1776152846\n|move|p2a: Greninja|Surf|p1a: Charizard\n|-supereffective|p1a: Charizard|1\n|-damage|p1a: Charizard|23/100\n|move|p1a: Charizard|Flame Charge|p2a: Greninja\n|-resisted|p2a: Greninja|1\n|-damage|p2a: Greninja|72/100\n|-boost|p1a: Charizard|spe|1\n|\n|-weather|SunnyDay|[upkeep]\n|upkeep\n|turn|4\n|\n|t:|1776152854\n|move|p2a: Greninja|Water Shuriken|p1a: Charizard\n|-supereffective|p1a: Charizard|1\n|-damage|p1a: Charizard|18/100\n|-supereffective|p1a: Charizard|1\n|-damage|p1a: Charizard|13/100\n|-supereffective|p1a: Charizard|1\n|-damage|p1a: Charizard|8/100\n|-supereffective|p1a: Charizard|1\n|-damage|p1a: Charizard|2/100\n|-supereffective|p1a: Charizard|1\n|-damage|p1a: Charizard|0 fnt\n|faint|p1a: Charizard\n|-hitcount|p1: Charizard|5\n|\n|-weather|SunnyDay|[upkeep]\n|upkeep\n|\n|t:|1776152867\n|switch|p1a: Primarina|Primarina, L50, M|100/100\n|turn|5\n|\n|t:|1776152874\n|switch|p2a: Charizard|Charizard, L50, M|100/100\n|move|p1a: Primarina|Energy Ball|p2a: Charizard\n|-resisted|p2a: Charizard|2\n|-damage|p2a: Charizard|91/100\n|\n|-weather|SunnyDay|[upkeep]\n|upkeep\n|turn|6\n|\n|t:|1776152882\n|detailschange|p2a: Charizard|Charizard-Mega-X, L50, M\n|-mega|p2a: Charizard|Charizard|Charizardite X\n|move|p2a: Charizard|Flare Blitz|p1a: Primarina\n|-resisted|p1a: Primarina|1\n|-damage|p1a: Primarina|21/100\n|-damage|p2a: Charizard|60/100|[from] Recoil\n|move|p1a: Primarina|Sparkling Aria|p2a: Charizard\n|-damage|p2a: Charizard|13/100\n|\n|-weather|none\n|upkeep\n|turn|7\n|\n|t:|1776152892\n|move|p1a: Primarina|Aqua Jet|p2a: Charizard\n|-damage|p2a: Charizard|0 fnt\n|faint|p2a: Charizard\n|\n|upkeep\n|\n|t:|1776152896\n|switch|p2a: Meowscarada|Meowscarada, L50, M, shiny|100/100\n|turn|8\n|\n|t:|1776152899\n|move|p2a: Meowscarada|Flower Trick|p1a: Primarina\n|-start|p2a: Meowscarada|typechange|Grass|[from] ability: Protean\n|-supereffective|p1a: Primarina|1\n|-crit|p1a: Primarina\n|-damage|p1a: Primarina|0 fnt\n|faint|p1a: Primarina\n|\n|win|karbain\n|raw|jjoony's rating: 1294 &rarr; <strong>1272</strong><br />(-22 for losing)\n|raw|karbain's rating: 1342 &rarr; <strong>1359</strong><br />(+17 for winning)\n|l|\u2606jjoony\n|player|p1|\n|l|\u2606karbain\n|player|p2|\n",
  "uploadtime": 1776152970,
  "views": 4,
  "formatid": "gen9championsbssregma",
  "rating": 1272,
  "private": 0,
  "password": null
}