{
  "id": "gen9championsbssregma-2583415206",
  "format": "[Gen 9 Champions] BSS Reg M-A",
  "players": [
    "jobidenkim1557",
    "undeserved104"
  ],
  "log": "|j|\u2606jobidenkim1557\n|j|\u2606undeserved104\n|t:|1776174123\n|gametype|singles\n|player|p1|jobidenkim1557|265|1162\n|player|p2|undeserved104|waitress-gen4|1159\n|gen|9\n|tier|[Gen 9 Champions] BSS Reg M-A\n|rated|\n|rule|Species Clause: Limit one of each Pok\u00e9mon\n|rule|Item Clause: Limit 1 of each item\n|clearpoke\n|poke|p1|Meganium, L50, M|\n|poke|p1|Corviknight, L50, F|\n|poke|p1|Samurott-Hisui, L50, M|\n|poke|p1|Mimikyu, L50, M|\n|poke|p1|Goodra-Hisui, L50, F|\n|poke|p1|Drampa, L50, F|\n|poke|p2|Gengar, L50, F|\n|poke|p2|Delphox, L50, M|\n|poke|p2|Primarina, L50, F|\n|poke|p2|Aegislash, L50, F|\n|poke|p2|Umbreon, L50, M|\n|poke|p2|Hippowdon, L50, M|\n|teampreview|3\n|inactive|Battle timer is ON: inactive players will automatically lose when time's up. (requested by jobidenkim1557)\n|j| Haechan's left toe\n|l| Haechan's left toe\n|inactive|undeserved104 has 60 seconds left.\n|j| p74\n|\n|t:|1776174188\n|teamsize|p1|3\n|teamsize|p2|3\n|start\n|switch|p1a: Samurott|Samurott-Hisui, L50, M, shiny|100/100\n|switch|p2a: Hippowdon|Hippowdon, L50, M, shiny|100/100\n|-weather|Sandstorm|[from] ability: Sand Stream|[of] p2a: Hippowdon\n|turn|1\n|\n|t:|1776174200\n|move|p1a: Samurott|Aqua Cutter|p2a: Hippowdon\n|-supereffective|p2a: Hippowdon|1\n|-damage|p2a: Hippowdon|49/100\n|-enditem|p2a: Hippowdon|Sitrus Berry|[eat]\n|-heal|p2a: Hippowdon|74/100|[from] item: Sitrus Berry\n|move|p2a: Hippowdon|Yawn|p1a: Samurott\n|-start|p1a: Samurott|move: Yawn|[of] p2a: Hippowdon\n|\n|-weather|Sandstorm|[upkeep]\n|-damage|p1a: Samurott|94/100|[from] Sandstorm\n|upkeep\n|turn|2\n|\n|t:|1776174224\n|switch|p1a: Corviknight|Corviknight, L50, F|100/100\n|-ability|p1a: Corviknight|Pressure\n|move|p2a: Hippowdon|Stealth Rock|p1a: Corviknight\n|-sidestart|p1: jobidenkim1557|move: Stealth Rock\n|\n|-weather|Sandstorm|[upkeep]\n|upkeep\n|turn|3\n|\n|t:|1776174247\n|move|p1a: Corviknight|Body Press|p2a: Hippowdon\n|-damage|p2a: Hippowdon|60/100\n|move|p2a: Hippowdon|Yawn|p1a: Corviknight\n|-start|p1a: Corviknight|move: Yawn|[of] p2a: Hippowdon\n|\n|-weather|Sandstorm|[upkeep]\n|upkeep\n|turn|4\n|\n|t:|1776174257\n|move|p1a: Corviknight|U-turn|p2a: Hippowdon\n|-damage|p2a: Hippowdon|53/100\n|\n|t:|1776174260\n|switch|p1a: Samurott|Samurott-Hisui, L50, M, shiny|94/100|[from] U-turn\n|-damage|p1a: Samurott|82/100|[from] Stealth Rock\n|move|p2a: Hippowdon|Slack Off|p2a: Hippowdon\n|-heal|p2a: Hippowdon|100/100\n|\n|-weather|Sandstorm|[upkeep]\n|-damage|p1a: Samurott|76/100|[from] Sandstorm\n|upkeep\n|turn|5\n|\n|t:|1776174273\n|move|p1a: Samurott|Aqua Cutter|p2a: Hippowdon\n|-supereffective|p2a: Hippowdon|1\n|-damage|p2a: Hippowdon|52/100\n|move|p2a: Hippowdon|Yawn|p1a: Samurott\n|-start|p1a: Samurott|move: Yawn|[of] p2a: Hippowdon\n|\n|-weather|none\n|upkeep\n|turn|6\n|\n|t:|1776174285\n|switch|p1a: Meganium|Meganium, L50, M|100/100\n|-damage|p1a: Meganium|88/100|[from] Stealth Rock\n|move|p2a: Hippowdon|Slack Off|p2a: Hippowdon\n|-heal|p2a: Hippowdon|100/100\n|\n|upkeep\n|turn|7\n|\n|t:|1776174298\n|switch|p2a: Aegislash|Aegislash, L50, F, shiny|100/100\n|detailschange|p1a: Meganium|Meganium-Mega, L50, M\n|-mega|p1a: Meganium|Meganium|Meganiumite\n|move|p1a: Meganium|Solar Beam||[still]\n|-prepare|p1a: Meganium|Solar Beam\n|-activate|p1a: Meganium|ability: Mega Sol\n|-anim|p1a: Meganium|Solar Beam|p2a: Aegislash\n|-resisted|p2a: Aegislash|1\n|-damage|p2a: Aegislash|72/100\n|\n|upkeep\n|turn|8\n|\n|t:|1776174316\n|move|p1a: Meganium|Weather Ball|p2a: Aegislash\n|-supereffective|p2a: Aegislash|1\n|-damage|p2a: Aegislash|0 fnt\n|faint|p2a: Aegislash\n|\n|upkeep\n|\n|t:|1776174324\n|switch|p2a: Hippowdon|Hippowdon, L50, M, shiny|100/100\n|-weather|Sandstorm|[from] ability: Sand Stream|[of] p2a: Hippowdon\n|turn|9\n|\n|t:|1776174347\n|switch|p2a: Delphox|Delphox, L50, M, shiny|100/100\n|move|p1a: Meganium|Solar Beam||[still]\n|-prepare|p1a: Meganium|Solar Beam\n|-activate|p1a: Meganium|ability: Mega Sol\n|-anim|p1a: Meganium|Solar Beam|p2a: Delphox\n|-resisted|p2a: Delphox|1\n|-damage|p2a: Delphox|58/100\n|\n|-weather|Sandstorm|[upkeep]\n|-damage|p2a: Delphox|52/100|[from] Sandstorm\n|-damage|p1a: Meganium|82/100|[from] Sandstorm\n|upkeep\n|turn|10\n|inactive|undeserved104 has 30 seconds left.\n|inactive|undeserved104 has 20 seconds left.\n|\n|t:|1776174387\n|switch|p1a: Corviknight|Corviknight, L50, F|100/100\n|-damage|p1a: Corviknight|88/100|[from] Stealth Rock\n|-ability|p1a: Corviknight|Pressure\n|detailschange|p2a: Delphox|Delphox-Mega, L50, M, shiny\n|-mega|p2a: Delphox|Delphox|Delphoxite\n|move|p2a: Delphox|Flamethrower|p1a: Corviknight\n|-supereffective|p1a: Corviknight|1\n|-damage|p1a: Corviknight|0 fnt\n|faint|p1a: Corviknight\n|\n|-weather|Sandstorm|[upkeep]\n|-damage|p2a: Delphox|47/100|[from] Sandstorm\n|upkeep\n|\n|t:|1776174400\n|switch|p1a: Samurott|Samurott-Hisui, L50, M, shiny|76/100\n|-damage|p1a: Samurott|64/100|[from] Stealth Rock\n|turn|11\n|\n|t:|1776174422\n|switch|p2a: Hippowdon|Hippowdon, L50, M, shiny|100/100\n|move|p1a: Samurott|Aqua Cutter|p2a: Hippowdon\n|-supereffective|p2a: Hippowdon|1\n|-damage|p2a: Hippowdon|49/100\n|\n|-weather|Sandstorm|[upkeep]\n|-damage|p1a: Samurott|58/100|[from] Sandstorm\n|upkeep\n|turn|12\n|\n|t:|1776174434\n|move|p1a: Samurott|Aqua Cutter|p2a: Hippowdon\n|-supereffective|p2a: Hippowdon|1\n|-damage|p2a: Hippowdon|0 fnt\n|faint|p2a: Hippowdon\n|\n|-weather|Sandstorm|[upkeep]\n|-damage|p1a: Samurott|52/100|[from] Sandstorm\n|upkeep\n|\n|t:|1776174440\n|switch|p2a: Delphox|Delphox-Mega, L50, M, shiny|47/100\n|turn|13\n|\n|t:|1776174446\n|move|p1a: Samurott|Aqua Cutter|p2a: Delphox\n|-supereffective|p2a: Delphox|1\n|-damage|p2a: Delphox|0 fnt\n|faint|p2a: Delphox\n|\n|win|jobidenkim1557\n|raw|jobidenkim1557's rating: 1162 &rarr; <strong>1187</strong><br />(+25 for winning)\n|raw|undeserved104's rating: 1159 &rarr; <strong>1134</strong><br />(-25 for losing)\n|l|\u2606jobidenkim1557\n|player|p1|\n",
  "uploadtime": 1776174452,
  "views": 7,
  "formatid": "gen9championsbssregma",
  "rating": 1134,
  "private": 0,
  "password": null
}