{
  "id": "gen9championsbssregma-2584068512",
  "format": "[Gen 9 Champions] BSS Reg M-A",
  "players": [
    "goku s0los",
    "karbain"
  ],
  "log": "|j|\u2606goku s0los\n|j|\u2606karbain\n|t:|1776221947\n|gametype|singles\n|player|p1|goku s0los|266|1259\n|player|p2|karbain|2|1384\n|gen|9\n|tier|[Gen 9 Champions] BSS Reg M-A\n|rated|\n|rule|Species Clause: Limit one of each Pok\u00e9mon\n|rule|Item Clause: Limit 1 of each item\n|clearpoke\n|poke|p1|Aggron, L50, F|\n|poke|p1|Serperior, L50, M|\n|poke|p1|Palafin, L50, F|\n|poke|p1|Gallade, L50, M|\n|poke|p1|Zoroark-Hisui, L50, F|\n|poke|p1|Arcanine-Hisui, L50, F|\n|poke|p2|Charizard, L50, M|\n|poke|p2|Greninja-*, L50, M|\n|poke|p2|Meowscarada, L50, F|\n|poke|p2|Gengar, L50, F|\n|poke|p2|Whimsicott, L50, F|\n|poke|p2|Archaludon, L50, F|\n|teampreview|3\n|\n|t:|1776222006\n|teamsize|p1|3\n|teamsize|p2|3\n|start\n|switch|p1a: Serperior|Serperior, L50, M|100/100\n|switch|p2a: Gengar|Gengar, L50, F|100/100\n|turn|1\n|\n|t:|1776222023\n|detailschange|p2a: Gengar|Gengar-Mega, L50, F\n|-mega|p2a: Gengar|Gengar|Gengarite\n|move|p1a: Serperior|Leaf Storm|p2a: Gengar\n|-resisted|p2a: Gengar|1\n|-damage|p2a: Gengar|70/100\n|-boost|p1a: Serperior|spa|2\n|move|p2a: Gengar|Substitute|p2a: Gengar\n|-start|p2a: Gengar|Substitute\n|-damage|p2a: Gengar|45/100\n|\n|upkeep\n|turn|2\n|\n|t:|1776222033\n|move|p1a: Serperior|Leaf Storm|p2a: Gengar\n|-resisted|p2a: Gengar|1\n|-end|p2a: Gengar|Substitute\n|-boost|p1a: Serperior|spa|2\n|move|p2a: Gengar|Sludge Wave|p1a: Serperior\n|-supereffective|p1a: Serperior|1\n|-damage|p1a: Serperior|0 fnt\n|faint|p1a: Serperior\n|\n|upkeep\n|\n|t:|1776222044\n|switch|p1a: Arcanine|Arcanine-Hisui, L50, F|100/100\n|turn|3\n|j| p74\n|\n|t:|1776222063\n|move|p2a: Gengar|Substitute|p2a: Gengar\n|-start|p2a: Gengar|Substitute\n|-damage|p2a: Gengar|21/100\n|move|p1a: Arcanine|Shadow Ball|p2a: Gengar\n|-supereffective|p2a: Gengar|1\n|-end|p2a: Gengar|Substitute\n|\n|upkeep\n|turn|4\n|\n|t:|1776222083\n|switch|p2a: Meowscarada|Meowscarada, L50, F, shiny|100/100\n|move|p1a: Arcanine|Shadow Ball|p2a: Meowscarada\n|-resisted|p2a: Meowscarada|1\n|-damage|p2a: Meowscarada|67/100\n|\n|upkeep\n|turn|5\n|\n|t:|1776222096\n|move|p2a: Meowscarada|Flower Trick|p1a: Arcanine\n|-start|p2a: Meowscarada|typechange|Grass|[from] ability: Protean\n|-crit|p1a: Arcanine\n|-damage|p1a: Arcanine|3/100\n|replace|p1a: Zoroark|Zoroark-Hisui, L50, F\n|-end|p1a: Zoroark|Illusion\n|move|p1a: Zoroark|Hyper Beam|p2a: Meowscarada|[miss]\n|-miss|p1a: Zoroark|p2a: Meowscarada\n|\n|upkeep\n|turn|6\n|\n|t:|1776222107\n|move|p2a: Meowscarada|Flower Trick|p1a: Zoroark\n|-crit|p1a: Zoroark\n|-damage|p1a: Zoroark|0 fnt\n|faint|p1a: Zoroark\n|\n|upkeep\n|\n|t:|1776222112\n|switch|p1a: Arcanine|Arcanine-Hisui, L50, F|100/100\n|turn|7\n|\n|t:|1776222117\n|move|p2a: Meowscarada|Flower Trick|p1a: Arcanine\n|-crit|p1a: Arcanine\n|-damage|p1a: Arcanine|37/100\n|move|p1a: Arcanine|Agility|p1a: Arcanine\n|-boost|p1a: Arcanine|spe|2\n|\n|upkeep\n|turn|8\n|\n|t:|1776222124\n|switch|p2a: Archaludon|Archaludon, L50, F|100/100\n|move|p1a: Arcanine|Flare Blitz|p2a: Archaludon\n|-damage|p2a: Archaludon|65/100\n|-ability|p2a: Archaludon|Stamina|boost\n|-boost|p2a: Archaludon|def|1\n|\n|upkeep\n|turn|9\n|\n|t:|1776222131\n|move|p1a: Arcanine|Flare Blitz|p2a: Archaludon\n|-damage|p2a: Archaludon|44/100\n|-ability|p2a: Archaludon|Stamina|boost\n|-boost|p2a: Archaludon|def|1\n|-enditem|p2a: Archaludon|Sitrus Berry|[eat]\n|-heal|p2a: Archaludon|69/100|[from] item: Sitrus Berry\n|move|p2a: Archaludon|Flash Cannon|p1a: Arcanine\n|-damage|p1a: Arcanine|0 fnt\n|faint|p1a: Arcanine\n|\n|win|karbain\n|raw|goku s0los's rating: 1259 &rarr; <strong>1243</strong><br />(-16 for losing)\n|raw|karbain's rating: 1384 &rarr; <strong>1397</strong><br />(+13 for winning)\n|l|\u2606goku s0los\n|player|p1|\n|l|\u2606karbain\n|player|p2|\n",
  "uploadtime": 1776222524,
  "views": 1,
  "formatid": "gen9championsbssregma",
  "rating": 1243,
  "private": 0,
  "password": null
}