{
  "id": "gen9championsbssregma-2583187018",
  "format": "[Gen 9 Champions] BSS Reg M-A",
  "players": [
    "csgogo",
    "Helloguyslol"
  ],
  "log": "|j|\u2606csgogo\n|j|\u2606Helloguyslol\n|t:|1776152484\n|gametype|singles\n|player|p1|csgogo|hiker-gen4|1172\n|player|p2|Helloguyslol|unknown|1186\n|gen|9\n|tier|[Gen 9 Champions] BSS Reg M-A\n|rated|\n|rule|Species Clause: Limit one of each Pok\u00e9mon\n|rule|Item Clause: Limit 1 of each item\n|clearpoke\n|poke|p1|Feraligatr, L50, M|\n|poke|p1|Hydreigon, L50, M|\n|poke|p1|Rotom-Wash, L50|\n|poke|p1|Lopunny, L50, M|\n|poke|p1|Archaludon, L50, F|\n|poke|p1|Slowking-Galar, L50, M|\n|poke|p2|Rotom-Heat, L50|\n|poke|p2|Hippowdon, L50, F|\n|poke|p2|Kingambit, L50, F|\n|poke|p2|Slowking-Galar, L50, F|\n|poke|p2|Meganium, L50, F|\n|poke|p2|Lopunny, L50, F|\n|teampreview|3\n|inactive|Battle timer is ON: inactive players will automatically lose when time's up. (requested by Helloguyslol)\n|j| p74\n|inactive|csgogo has 60 seconds left.\n|inactive|Helloguyslol has 60 seconds left.\n|\n|t:|1776152535\n|teamsize|p1|3\n|teamsize|p2|3\n|start\n|switch|p1a: Rotom|Rotom-Wash, L50|100/100\n|switch|p2a: Rotom|Rotom-Heat, L50|100/100\n|turn|1\n|\n|t:|1776152554\n|switch|p2a: Meganium|Meganium, L50, F|100/100\n|move|p1a: Rotom|Hydro Pump|p2a: Meganium\n|-resisted|p2a: Meganium|1\n|-damage|p2a: Meganium|81/100\n|\n|upkeep\n|turn|2\n|\n|t:|1776152563\n|switch|p1a: Slowking|Slowking-Galar, L50, M|100/100\n|detailschange|p2a: Meganium|Meganium-Mega, L50, F\n|-mega|p2a: Meganium|Meganium|Meganiumite\n|move|p2a: Meganium|Solar Beam||[still]\n|-prepare|p2a: Meganium|Solar Beam\n|-activate|p2a: Meganium|ability: Mega Sol\n|-anim|p2a: Meganium|Solar Beam|p1a: Slowking\n|-resisted|p1a: Slowking|1\n|-damage|p1a: Slowking|80/100\n|\n|upkeep\n|turn|3\n|\n|t:|1776152584\n|switch|p2a: Slowking|Slowking-Galar, L50, F|100/100\n|move|p1a: Slowking|Thunder Wave|p2a: Slowking\n|-status|p2a: Slowking|par\n|\n|upkeep\n|turn|4\n|\n|t:|1776152598\n|move|p1a: Slowking|Psychic Noise|p2a: Slowking\n|-crit|p2a: Slowking\n|-damage|p2a: Slowking|75/100 par\n|-start|p2a: Slowking|move: Heal Block\n|-enditem|p2a: Slowking|Mental Herb\n|-end|p2a: Slowking|move: Heal Block\n|-prepare|p2a: Slowking|Chilly Reception|[premajor]\n|move|p2a: Slowking|Chilly Reception|p2a: Slowking\n|-weather|Snowscape\n|\n|t:|1776152619\n|switch|p2a: Meganium|Meganium-Mega, L50, F|81/100|[from] Chilly Reception\n|\n|-weather|Snowscape|[upkeep]\n|upkeep\n|turn|5\n|\n|t:|1776152626\n|move|p2a: Meganium|Earth Power|p1a: Slowking\n|-supereffective|p1a: Slowking|1\n|-damage|p1a: Slowking|33/100\n|move|p1a: Slowking|Thunder Wave|p2a: Meganium\n|-status|p2a: Meganium|par\n|\n|-weather|Snowscape|[upkeep]\n|upkeep\n|turn|6\n|\n|t:|1776152637\n|move|p2a: Meganium|Solar Beam||[still]\n|-prepare|p2a: Meganium|Solar Beam\n|-activate|p2a: Meganium|ability: Mega Sol\n|-anim|p2a: Meganium|Solar Beam|p1a: Slowking\n|-resisted|p1a: Slowking|1\n|-damage|p1a: Slowking|11/100\n|move|p1a: Slowking|Slack Off|p1a: Slowking\n|-heal|p1a: Slowking|61/100\n|\n|-weather|Snowscape|[upkeep]\n|upkeep\n|turn|7\n|\n|t:|1776152648\n|move|p2a: Meganium|Earth Power|p1a: Slowking|[miss]\n|-miss|p2a: Meganium|p1a: Slowking\n|move|p1a: Slowking|Sludge Bomb|p2a: Meganium\n|-supereffective|p2a: Meganium|2\n|-damage|p2a: Meganium|0 fnt\n|faint|p2a: Meganium\n|\n|-weather|Snowscape|[upkeep]\n|upkeep\n|-message|Helloguyslol forfeited.\n|\n|win|csgogo\n|raw|csgogo's rating: 1172 &rarr; <strong>1200</strong><br />(+28 for winning)\n|raw|Helloguyslol's rating: 1212 &rarr; <strong>1184</strong><br />(-28 for losing)\n|l|\u2606Helloguyslol\n|player|p2|\n|l|\u2606csgogo\n|player|p1|\n",
  "uploadtime": 1776152691,
  "views": 5,
  "formatid": "gen9championsbssregma",
  "rating": 1184,
  "private": 0,
  "password": null
}