{
  "id": "gen9championsbssregma-2584288456",
  "format": "[Gen 9 Champions] BSS Reg M-A",
  "players": [
    "BJZJS",
    "karbain"
  ],
  "log": "|j|\u2606BJZJS\n|j|\u2606karbain\n|t:|1776247474\n|gametype|singles\n|player|p1|BJZJS|1|1376\n|player|p2|karbain|2|1445\n|gen|9\n|tier|[Gen 9 Champions] BSS Reg M-A\n|rated|\n|rule|Species Clause: Limit one of each Pok\u00e9mon\n|rule|Item Clause: Limit 1 of each item\n|clearpoke\n|poke|p1|Floette-Eternal, L50, F|\n|poke|p1|Sneasler, L50, M|\n|poke|p1|Gyarados, L50, F|\n|poke|p1|Archaludon, L50, M|\n|poke|p1|Rotom-Heat, L50|\n|poke|p1|Mimikyu, L50, F|\n|poke|p2|Charizard, L50, M|\n|poke|p2|Greninja-*, L50, M|\n|poke|p2|Gengar, L50, F|\n|poke|p2|Mimikyu, L50, F|\n|poke|p2|Meowscarada, L50, M|\n|poke|p2|Empoleon, L50, M|\n|teampreview|3\n|\n|t:|1776247519\n|teamsize|p1|3\n|teamsize|p2|3\n|start\n|switch|p1a: Sneasler|Sneasler, L50, M|100/100\n|switch|p2a: Empoleon|Empoleon, L50, M|100/100\n|turn|1\n|\n|t:|1776247529\n|move|p1a: Sneasler|Close Combat|p2a: Empoleon\n|-supereffective|p2a: Empoleon|1\n|-damage|p2a: Empoleon|0 fnt\n|-unboost|p1a: Sneasler|def|1\n|-unboost|p1a: Sneasler|spd|1\n|faint|p2a: Empoleon\n|\n|upkeep\n|\n|t:|1776247540\n|switch|p2a: Gengar|Gengar, L50, F|100/100\n|turn|2\n|\n|t:|1776247548\n|detailschange|p2a: Gengar|Gengar-Mega, L50, F\n|-mega|p2a: Gengar|Gengar|Gengarite\n|move|p2a: Gengar|Shadow Ball|p1a: Sneasler\n|-damage|p1a: Sneasler|11/100\n|move|p1a: Sneasler|Fling|p2a: Gengar\n|-supereffective|p2a: Gengar|1\n|-damage|p2a: Gengar|72/100\n|-status|p2a: Gengar|par\n|-enditem|p1a: Sneasler|Light Ball|[from] move: Fling\n|\n|upkeep\n|turn|3\n|j| p74\n|\n|t:|1776247557\n|move|p1a: Sneasler|Taunt|p2a: Gengar\n|-start|p2a: Gengar|move: Taunt\n|move|p2a: Gengar|Shadow Ball|p1a: Sneasler\n|-damage|p1a: Sneasler|0 fnt\n|faint|p1a: Sneasler\n|\n|upkeep\n|\n|t:|1776247559\n|switch|p1a: Mimikyu|Mimikyu, L50, F|100/100\n|turn|4\n|\n|t:|1776247567\n|switch|p2a: Meowscarada|Meowscarada, L50, M|100/100\n|move|p1a: Mimikyu|Shadow Claw|p2a: Meowscarada\n|-resisted|p2a: Meowscarada|1\n|-damage|p2a: Meowscarada|75/100\n|\n|upkeep\n|turn|5\n|\n|t:|1776247579\n|move|p2a: Meowscarada|U-turn|p1a: Mimikyu\n|-start|p2a: Meowscarada|typechange|Bug|[from] ability: Protean\n|-activate|p1a: Mimikyu|ability: Disguise\n|-damage|p1a: Mimikyu|100/100\n|detailschange|p1a: Mimikyu|Mimikyu-Busted, L50, F\n|-damage|p1a: Mimikyu|89/100|[from] pokemon: Mimikyu-Busted\n|\n|t:|1776247585\n|switch|p2a: Gengar|Gengar-Mega, L50, F|72/100 par|[from] U-turn\n|move|p1a: Mimikyu|Play Rough|p2a: Gengar\n|-resisted|p2a: Gengar|1\n|-damage|p2a: Gengar|50/100 par\n|\n|upkeep\n|turn|6\n|\n|t:|1776247599\n|move|p1a: Mimikyu|Shadow Claw|p2a: Gengar\n|-supereffective|p2a: Gengar|1\n|-damage|p2a: Gengar|0 fnt\n|faint|p2a: Gengar\n|\n|upkeep\n|\n|t:|1776247603\n|switch|p2a: Meowscarada|Meowscarada, L50, M|75/100\n|turn|7\n|\n|t:|1776247607\n|move|p2a: Meowscarada|Flower Trick|p1a: Mimikyu\n|-start|p2a: Meowscarada|typechange|Grass|[from] ability: Protean\n|-crit|p1a: Mimikyu\n|-damage|p1a: Mimikyu|15/100\n|move|p1a: Mimikyu|Shadow Claw|p2a: Meowscarada\n|-damage|p2a: Meowscarada|21/100\n|\n|upkeep\n|turn|8\n|\n|t:|1776247615\n|move|p1a: Mimikyu|Shadow Sneak|p2a: Meowscarada\n|-damage|p2a: Meowscarada|0 fnt\n|faint|p2a: Meowscarada\n|\n|win|BJZJS\n|raw|BJZJS's rating: 1376 &rarr; <strong>1400</strong><br />(+24 for winning)\n|raw|karbain's rating: 1445 &rarr; <strong>1421</strong><br />(-24 for losing)\n|l|\u2606karbain\n|player|p2|\n|l|\u2606BJZJS\n|player|p1|\n",
  "uploadtime": 1776247712,
  "views": 21,
  "formatid": "gen9championsbssregma",
  "rating": 1400,
  "private": 0,
  "password": null
}