{
  "id": "gen9championsbssregma-2587116313",
  "format": "[Gen 9 Champions] BSS Reg M-A",
  "players": [
    "usagisuki",
    "Gsa7"
  ],
  "log": "|j|\u2606usagisuki\n|j|\u2606Gsa7\n|t:|1776495688\n|gametype|singles\n|player|p1|usagisuki|ghetsis|1116\n|player|p2|Gsa7|collector|1240\n|gen|9\n|tier|[Gen 9 Champions] BSS Reg M-A\n|rated|\n|rule|Species Clause: Limit one of each Pok\u00e9mon\n|rule|Item Clause: Limit 1 of each item\n|clearpoke\n|poke|p1|Gengar, L50, M, shiny|\n|poke|p1|Charizard, L50, M, shiny|\n|poke|p1|Kingambit, L50, F, shiny|\n|poke|p1|Rotom-Wash, L50, shiny|\n|poke|p1|Floette-Eternal, L50, F|\n|poke|p1|Mimikyu, L50, M, shiny|\n|poke|p2|Umbreon, L50, F|\n|poke|p2|Rotom-Wash, L50|\n|poke|p2|Hatterene, L50, F|\n|poke|p2|Lopunny, L50, F|\n|poke|p2|Torterra, L50, F|\n|poke|p2|Salazzle, L50, F|\n|teampreview|3\n|inactive|Battle timer is ON: inactive players will automatically lose when time's up. (requested by usagisuki)\n|inactive|Gsa7 has 60 seconds left.\n|\n|t:|1776495727\n|teamsize|p1|3\n|teamsize|p2|3\n|start\n|switch|p1a: Rotom|Rotom-Wash, L50, shiny|100/100\n|switch|p2a: Salazzle|Salazzle, L50, F|100/100\n|turn|1\n|c|\u2606usagisuki|\u30b7\u30b3\u3063\u3066\u3093\u3058\u3083\u306d\u3048\u3088\n|\n|t:|1776495734\n|move|p2a: Salazzle|Nasty Plot|p2a: Salazzle\n|-boost|p2a: Salazzle|spa|2\n|move|p1a: Rotom|Hydro Pump|p2a: Salazzle\n|-supereffective|p2a: Salazzle|1\n|-enditem|p2a: Salazzle|Focus Sash\n|-damage|p2a: Salazzle|1/100\n|\n|upkeep\n|turn|2\n|\n|t:|1776495742\n|move|p2a: Salazzle|Sludge Wave|p1a: Rotom\n|-damage|p1a: Rotom|0 fnt\n|faint|p1a: Rotom\n|\n|upkeep\n|\n|t:|1776495745\n|switch|p1a: Charizard|Charizard, L50, M, shiny|100/100\n|turn|3\n|\n|t:|1776495752\n|detailschange|p1a: Charizard|Charizard-Mega-Y, L50, M, shiny\n|-mega|p1a: Charizard|Charizard|Charizardite Y\n|-weather|SunnyDay|[from] ability: Drought|[of] p1a: Charizard\n|move|p2a: Salazzle|Sludge Wave|p1a: Charizard\n|-damage|p1a: Charizard|15/100\n|move|p1a: Charizard|Solar Beam||[still]\n|-prepare|p1a: Charizard|Solar Beam\n|-anim|p1a: Charizard|Solar Beam|p2a: Salazzle\n|-resisted|p2a: Salazzle|2\n|-damage|p2a: Salazzle|0 fnt\n|faint|p2a: Salazzle\n|\n|-weather|SunnyDay|[upkeep]\n|upkeep\n|\n|t:|1776495761\n|switch|p2a: Lopunny|Lopunny, L50, F|100/100\n|turn|4\n|\n|t:|1776495770\n|move|p2a: Lopunny|Thunder Punch|p1a: Charizard\n|-supereffective|p1a: Charizard|1\n|-damage|p1a: Charizard|0 fnt\n|faint|p1a: Charizard\n|\n|-weather|SunnyDay|[upkeep]\n|upkeep\n|\n|t:|1776495773\n|switch|p1a: Kingambit|Kingambit, L50, F, shiny|100/100\n|-activate|p1a: Kingambit|ability: Supreme Overlord\n|-start|p1a: Kingambit|fallen2|[silent]\n|turn|5\n|\n|t:|1776495777\n|detailschange|p2a: Lopunny|Lopunny-Mega, L50, F\n|-mega|p2a: Lopunny|Lopunny|Lopunnite\n|move|p2a: Lopunny|Close Combat|p1a: Kingambit\n|-supereffective|p1a: Kingambit|2\n|-damage|p1a: Kingambit|0 fnt\n|-unboost|p2a: Lopunny|def|1\n|-unboost|p2a: Lopunny|spd|1\n|faint|p1a: Kingambit\n|-end|p1a: Kingambit|fallen2|[silent]\n|\n|win|Gsa7\n",
  "uploadtime": 1776495729,
  "views": 2,
  "formatid": "gen9championsbssregma",
  "rating": null,
  "private": 0,
  "password": null
}