{
  "id": "gen9championsbssregma-2583289663",
  "format": "[Gen 9 Champions] BSS Reg M-A",
  "players": [
    "fletchyfletchy",
    "gertrudedu93"
  ],
  "log": "|j|\u2606fletchyfletchy\n|j|\u2606gertrudedu93\n|t:|1776163610\n|gametype|singles\n|player|p1|fletchyfletchy|liko|1112\n|player|p2|gertrudedu93|dawn|1173\n|gen|9\n|tier|[Gen 9 Champions] BSS Reg M-A\n|rated|\n|rule|Species Clause: Limit one of each Pok\u00e9mon\n|rule|Item Clause: Limit 1 of each item\n|clearpoke\n|poke|p1|Lucario, L50, M|\n|poke|p1|Basculegion, L50, M|\n|poke|p1|Meowscarada, L50, M|\n|poke|p1|Aegislash, L50, M|\n|poke|p1|Charizard, L50, M|\n|poke|p1|Ninetales-Alola, L50, M|\n|poke|p2|Hatterene, L50, F|\n|poke|p2|Aegislash, L50, F|\n|poke|p2|Crabominable, L50, F|\n|poke|p2|Ampharos, L50, F|\n|poke|p2|Mimikyu, L50, F|\n|poke|p2|Blastoise, L50, F|\n|teampreview|3\n|\n|t:|1776163648\n|teamsize|p1|3\n|teamsize|p2|3\n|start\n|switch|p1a: Lucario|Lucario, L50, M|100/100\n|switch|p2a: Sorcilence|Hatterene, L50, F, shiny|100/100\n|turn|1\n|inactive|Battle timer is ON: inactive players will automatically lose when time's up. (requested by gertrudedu93)\n|\n|t:|1776163658\n|detailschange|p1a: Lucario|Lucario-Mega, L50, M\n|-mega|p1a: Lucario|Lucario|Lucarionite\n|move|p1a: Lucario|Flash Cannon|p2a: Sorcilence\n|-supereffective|p2a: Sorcilence|1\n|-enditem|p2a: Sorcilence|Focus Sash\n|-damage|p2a: Sorcilence|1/100\n|move|p2a: Sorcilence|Mystical Fire|p1a: Lucario\n|-supereffective|p1a: Lucario|1\n|-damage|p1a: Lucario|5/100\n|-unboost|p1a: Lucario|spa|1\n|\n|upkeep\n|turn|2\n|\n|t:|1776163666\n|move|p1a: Lucario|Aura Sphere|p2a: Sorcilence\n|-resisted|p2a: Sorcilence|2\n|-damage|p2a: Sorcilence|0 fnt\n|faint|p2a: Sorcilence\n|\n|upkeep\n|\n|t:|1776163668\n|switch|p2a: Mimiki|Mimikyu, L50, F, shiny|100/100\n|turn|3\n|\n|t:|1776163671\n|move|p2a: Mimiki|Shadow Sneak|p1a: Lucario\n|-damage|p1a: Lucario|0 fnt\n|faint|p1a: Lucario\n|\n|upkeep\n|\n|t:|1776163675\n|switch|p1a: Meowscarada|Meowscarada, L50, M|100/100\n|turn|4\n|\n|t:|1776163679\n|move|p1a: Meowscarada|Flower Trick|p2a: Mimiki\n|-start|p1a: Meowscarada|typechange|Grass|[from] ability: Protean\n|-activate|p2a: Mimiki|ability: Disguise\n|-damage|p2a: Mimiki|100/100\n|detailschange|p2a: Mimiki|Mimikyu-Busted, L50, F, shiny\n|-damage|p2a: Mimiki|88/100|[from] pokemon: Mimikyu-Busted\n|move|p2a: Mimiki|Will-O-Wisp|p1a: Meowscarada\n|-status|p1a: Meowscarada|brn\n|\n|-damage|p1a: Meowscarada|95/100 brn|[from] brn\n|upkeep\n|turn|5\n|\n|t:|1776163689\n|move|p1a: Meowscarada|U-turn|p2a: Mimiki\n|-resisted|p2a: Mimiki|2\n|-damage|p2a: Mimiki|86/100\n|\n|t:|1776163692\n|switch|p1a: Basculegion|Basculegion, L50, M|100/100|[from] U-turn\n|move|p2a: Mimiki|Trick Room|p2a: Mimiki\n|-fieldstart|move: Trick Room|[of] p2a: Mimiki\n|\n|upkeep\n|turn|6\n|\n|t:|1776163697\n|switch|p1a: Meowscarada|Meowscarada, L50, M|95/100 brn\n|move|p2a: Mimiki|Curse|p1a: Meowscarada\n|-start|p1a: Meowscarada|Curse|[of] p2a: Mimiki\n|-damage|p2a: Mimiki|36/100\n|-enditem|p2a: Mimiki|Sitrus Berry|[eat]\n|-heal|p2a: Mimiki|60/100|[from] item: Sitrus Berry\n|\n|-damage|p1a: Meowscarada|89/100 brn|[from] brn\n|-damage|p1a: Meowscarada|64/100 brn|[from] Curse\n|upkeep\n|turn|7\n|\n|t:|1776163706\n|switch|p2a: Pharamp|Ampharos, L50, F, shiny|100/100\n|move|p1a: Meowscarada|Play Rough|p2a: Pharamp|[miss]\n|-start|p1a: Meowscarada|typechange|Fairy|[from] ability: Protean\n|-miss|p1a: Meowscarada|p2a: Pharamp\n|\n|-damage|p1a: Meowscarada|58/100 brn|[from] brn\n|-damage|p1a: Meowscarada|33/100 brn|[from] Curse\n|upkeep\n|turn|8\n|\n|t:|1776163715\n|detailschange|p2a: Pharamp|Ampharos-Mega, L50, F, shiny\n|-mega|p2a: Pharamp|Ampharos|Ampharosite\n|-ability|p2a: Pharamp|Mold Breaker\n|move|p2a: Pharamp|Thunderbolt|p1a: Meowscarada\n|-damage|p1a: Meowscarada|0 fnt\n|faint|p1a: Meowscarada\n|\n|upkeep\n|\n|t:|1776163720\n|switch|p1a: Basculegion|Basculegion, L50, M|100/100\n|turn|9\n|\n|t:|1776163722\n|move|p2a: Pharamp|Thunderbolt|p1a: Basculegion\n|-supereffective|p1a: Basculegion|1\n|-damage|p1a: Basculegion|0 fnt\n|faint|p1a: Basculegion\n|\n|win|gertrudedu93\n|raw|fletchyfletchy's rating: 1112 &rarr; <strong>1091</strong><br />(-21 for losing)\n|raw|gertrudedu93's rating: 1173 &rarr; <strong>1194</strong><br />(+21 for winning)\n",
  "uploadtime": 1776163723,
  "views": 2,
  "formatid": "gen9championsbssregma",
  "rating": 1091,
  "private": 0,
  "password": null
}