{
  "id": "gen9championsbssregma-2580826324",
  "format": "[Gen 9 Champions] BSS Reg M-A",
  "players": [
    "Meteorplayz_",
    "jamon guerrerro"
  ],
  "log": "|j|\u2606Meteorplayz_\n|j|\u2606jamon guerrerro\n|t:|1775935625\n|gametype|singles\n|player|p1|Meteorplayz_|winona-gen6|1060\n|player|p2|jamon guerrerro|brock|1000\n|gen|9\n|tier|[Gen 9 Champions] BSS Reg M-A\n|rated|\n|rule|Species Clause: Limit one of each Pok\u00e9mon\n|rule|Item Clause: Limit 1 of each item\n|clearpoke\n|poke|p1|Meowscarada, L50, M|\n|poke|p1|Milotic, L50, F|\n|poke|p1|Aegislash, L50, M|\n|poke|p1|Dragonite, L50, F|\n|poke|p1|Slowking-Galar, L50, M|\n|poke|p1|Lopunny, L50, F|\n|poke|p2|Charizard, L50, M|\n|poke|p2|Kingambit, L50, M|\n|poke|p2|Armarouge, L50, F|\n|poke|p2|Corviknight, L50, F|\n|poke|p2|Dragonite, L50, F|\n|poke|p2|Sneasler, L50, M|\n|teampreview|3\n|\n|t:|1775935658\n|teamsize|p1|3\n|teamsize|p2|3\n|start\n|switch|p1a: Slowking|Slowking-Galar, L50, M|100/100\n|switch|p2a: Apex|Charizard, L50, M, shiny|100/100\n|turn|1\n|\n|t:|1775935680\n|detailschange|p2a: Apex|Charizard-Mega-Y, L50, M, shiny\n|-mega|p2a: Apex|Charizard|Charizardite Y\n|-weather|SunnyDay|[from] ability: Drought|[of] p2a: Apex\n|move|p2a: Apex|Weather Ball|p1a: Slowking\n|-damage|p1a: Slowking|44/100\n|-prepare|p1a: Slowking|Chilly Reception|[premajor]\n|move|p1a: Slowking|Chilly Reception|p1a: Slowking\n|-weather|Snowscape\n|\n|t:|1775935689\n|switch|p1a: Milotic|Milotic, L50, F|100/100|[from] Chilly Reception\n|\n|-weather|Snowscape|[upkeep]\n|upkeep\n|turn|2\n|\n|t:|1775935696\n|switch|p2a: Dragonite|Dragonite, L50, F|100/100\n|move|p1a: Milotic|Scald|p2a: Dragonite\n|-resisted|p2a: Dragonite|1\n|-damage|p2a: Dragonite|93/100\n|\n|-weather|Snowscape|[upkeep]\n|upkeep\n|turn|3\n|\n|t:|1775935706\n|move|p2a: Dragonite|Thunder|p1a: Milotic\n|-supereffective|p1a: Milotic|1\n|-enditem|p1a: Milotic|Wacan Berry|[eat]\n|-enditem|p1a: Milotic|Wacan Berry|[weaken]\n|-damage|p1a: Milotic|76/100\n|-status|p1a: Milotic|par\n|move|p1a: Milotic|Ice Beam|p2a: Dragonite\n|-supereffective|p2a: Dragonite|2\n|-damage|p2a: Dragonite|7/100\n|\n|-weather|Snowscape|[upkeep]\n|upkeep\n|turn|4\n|\n|t:|1775935716\n|move|p2a: Dragonite|Thunder|p1a: Milotic\n|-supereffective|p1a: Milotic|1\n|-damage|p1a: Milotic|21/100 par\n|move|p1a: Milotic|Flip Turn|p2a: Dragonite\n|-resisted|p2a: Dragonite|1\n|-damage|p2a: Dragonite|0 fnt\n|faint|p2a: Dragonite\n|\n|t:|1775935724\n|switch|p1a: Slowking|Slowking-Galar, L50, M|77/100|[from] Flip Turn\n|\n|-weather|Snowscape|[upkeep]\n|upkeep\n|\n|t:|1775935728\n|switch|p2a: Apex|Charizard-Mega-Y, L50, M, shiny|100/100\n|-weather|SunnyDay|[from] ability: Drought|[of] p2a: Apex\n|turn|5\n|\n|t:|1775935734\n|move|p2a: Apex|Weather Ball|p1a: Slowking\n|-damage|p1a: Slowking|22/100\n|-prepare|p1a: Slowking|Chilly Reception|[premajor]\n|move|p1a: Slowking|Chilly Reception|p1a: Slowking\n|-weather|Snowscape\n|\n|t:|1775935737\n|switch|p1a: Lopunny|Lopunny, L50, F|100/100|[from] Chilly Reception\n|\n|-weather|Snowscape|[upkeep]\n|upkeep\n|turn|6\n|\n|t:|1775935741\n|detailschange|p1a: Lopunny|Lopunny-Mega, L50, F\n|-mega|p1a: Lopunny|Lopunny|Lopunnite\n|move|p1a: Lopunny|Fake Out|p2a: Apex\n|-damage|p2a: Apex|68/100\n|cant|p2a: Apex|flinch\n|\n|-weather|Snowscape|[upkeep]\n|upkeep\n|turn|7\n|\n|t:|1775935747\n|move|p1a: Lopunny|Triple Axel|p2a: Apex\n|-damage|p2a: Apex|58/100\n|-damage|p2a: Apex|38/100\n|-damage|p2a: Apex|4/100\n|-hitcount|p2a: Apex|3\n|move|p2a: Apex|Air Slash|p1a: Lopunny\n|-supereffective|p1a: Lopunny|1\n|-damage|p1a: Lopunny|0 fnt\n|faint|p1a: Lopunny\n|\n|-weather|Snowscape|[upkeep]\n|upkeep\n|\n|t:|1775935756\n|switch|p1a: Slowking|Slowking-Galar, L50, M|55/100\n|turn|8\n|\n|t:|1775935759\n|move|p2a: Apex|Air Slash|p1a: Slowking|[miss]\n|-miss|p2a: Apex|p1a: Slowking\n|move|p1a: Slowking|Sludge Wave|p2a: Apex\n|-damage|p2a: Apex|0 fnt\n|faint|p2a: Apex\n|\n|-weather|Snowscape|[upkeep]\n|upkeep\n|\n|t:|1775935761\n|switch|p2a: Sneasler|Sneasler, L50, M|100/100\n|turn|9\n|\n|t:|1775935763\n|move|p2a: Sneasler|Throat Chop|p1a: Slowking\n|-supereffective|p1a: Slowking|1\n|-damage|p1a: Slowking|0 fnt\n|faint|p1a: Slowking\n|\n|-weather|none\n|upkeep\n|\n|t:|1775935765\n|switch|p1a: Milotic|Milotic, L50, F|21/100 par\n|turn|10\n|\n|t:|1775935769\n|move|p2a: Sneasler|Close Combat|p1a: Milotic\n|-crit|p1a: Milotic\n|-damage|p1a: Milotic|0 fnt\n|-unboost|p2a: Sneasler|def|1\n|-unboost|p2a: Sneasler|spd|1\n|faint|p1a: Milotic\n|\n|win|jamon guerrerro\n|raw|Meteorplayz_'s rating: 1060 &rarr; <strong>1038</strong><br />(-22 for losing)\n|raw|jamon guerrerro's rating: 1000 &rarr; <strong>1047</strong><br />(+47 for winning)\n",
  "uploadtime": 1775935770,
  "views": 15,
  "formatid": "gen9championsbssregma",
  "rating": 1038,
  "private": 0,
  "password": null
}