{
  "id": "gen9championsbssregma-2584969361",
  "format": "[Gen 9 Champions] BSS Reg M-A",
  "players": [
    "chessboxer316",
    "DeaRubbish"
  ],
  "log": "|j|\u2606chessboxer316\n|j|\u2606DeaRubbish\n|t:|1776299204\n|gametype|singles\n|player|p1|chessboxer316|hilbert|1360\n|player|p2|DeaRubbish|lass-gen4dp|1300\n|gen|9\n|tier|[Gen 9 Champions] BSS Reg M-A\n|rated|\n|rule|Species Clause: Limit one of each Pok\u00e9mon\n|rule|Item Clause: Limit 1 of each item\n|clearpoke\n|poke|p1|Gyarados, L50, M|\n|poke|p1|Primarina, L50, F|\n|poke|p1|Venusaur, L50, F|\n|poke|p1|Garchomp, L50, M|\n|poke|p1|Heliolisk, L50, M|\n|poke|p1|Arcanine, L50, M|\n|poke|p2|Garchomp, L50, F|\n|poke|p2|Lucario, L50, M|\n|poke|p2|Gengar, L50, M|\n|poke|p2|Primarina, L50, M|\n|poke|p2|Corviknight, L50, F|\n|poke|p2|Umbreon, L50, M|\n|teampreview|3\n|inactive|Battle timer is ON: inactive players will automatically lose when time's up. (requested by chessboxer316)\n|inactive|chessboxer316 has 60 seconds left.\n|inactive|DeaRubbish has 60 seconds left.\n|\n|t:|1776299240\n|teamsize|p1|3\n|teamsize|p2|3\n|start\n|switch|p1a: Garchomp|Garchomp, L50, M|100/100\n|switch|p2a: Garchomp|Garchomp, L50, F|100/100\n|turn|1\n|\n|t:|1776299248\n|move|p1a: Garchomp|Scale Shot|p2a: Garchomp\n|-supereffective|p2a: Garchomp|1\n|-damage|p2a: Garchomp|74/100\n|-supereffective|p2a: Garchomp|1\n|-damage|p2a: Garchomp|47/100\n|-hitcount|p2a: Garchomp|2\n|-unboost|p1a: Garchomp|def|1\n|-boost|p1a: Garchomp|spe|1\n|move|p2a: Garchomp|Dragon Tail|p1a: Garchomp\n|-supereffective|p1a: Garchomp|1\n|-damage|p1a: Garchomp|22/100\n|-damage|p2a: Garchomp|35/100|[from] ability: Rough Skin|[of] p1a: Garchomp\n|drag|p1a: Primarina|Primarina, L50, F|100/100\n|\n|upkeep\n|turn|2\n|\n|t:|1776299262\n|move|p2a: Garchomp|Stealth Rock|p1a: Primarina\n|-sidestart|p1: chessboxer316|move: Stealth Rock\n|move|p1a: Primarina|Moonblast|p2a: Garchomp\n|-supereffective|p2a: Garchomp|1\n|-damage|p2a: Garchomp|0 fnt\n|faint|p2a: Garchomp\n|\n|upkeep\n|\n|t:|1776299268\n|switch|p2a: Gengar|Gengar, L50, M|100/100\n|turn|3\n|\n|t:|1776299272\n|switch|p1a: Garchomp|Garchomp, L50, M|22/100\n|-damage|p1a: Garchomp|16/100|[from] Stealth Rock\n|detailschange|p2a: Gengar|Gengar-Mega, L50, M\n|-mega|p2a: Gengar|Gengar|Gengarite\n|move|p2a: Gengar|Sludge Wave|p1a: Garchomp\n|-resisted|p1a: Garchomp|1\n|-damage|p1a: Garchomp|0 fnt\n|faint|p1a: Garchomp\n|\n|upkeep\n|j| p74\n|\n|t:|1776299282\n|switch|p1a: Venusaur|Venusaur, L50, F|100/100\n|-damage|p1a: Venusaur|88/100|[from] Stealth Rock\n|turn|4\n|\n|t:|1776299292\n|switch|p2a: Umbreon|Umbreon, L50, M|100/100\n|detailschange|p1a: Venusaur|Venusaur-Mega, L50, F\n|-mega|p1a: Venusaur|Venusaur|Venusaurite\n|move|p1a: Venusaur|Earth Power|p2a: Umbreon\n|-damage|p2a: Umbreon|77/100\n|\n|-heal|p2a: Umbreon|83/100|[from] item: Leftovers\n|upkeep\n|turn|5\n|\n|t:|1776299303\n|move|p1a: Venusaur|Leech Seed|p2a: Umbreon|[miss]\n|-miss|p1a: Venusaur|p2a: Umbreon\n|move|p2a: Umbreon|Yawn|p1a: Venusaur\n|-start|p1a: Venusaur|move: Yawn|[of] p2a: Umbreon\n|\n|-heal|p2a: Umbreon|89/100|[from] item: Leftovers\n|upkeep\n|turn|6\n|\n|t:|1776299311\n|move|p1a: Venusaur|Leech Seed|p2a: Umbreon\n|-start|p2a: Umbreon|move: Leech Seed\n|move|p2a: Umbreon|Yawn||[still]\n|-fail|p2a: Umbreon\n|\n|-heal|p2a: Umbreon|95/100|[from] item: Leftovers\n|-damage|p2a: Umbreon|82/100|[from] Leech Seed|[of] p1a: Venusaur\n|-heal|p1a: Venusaur|100/100|[silent]\n|-end|p1a: Venusaur|move: Yawn|[silent]\n|-status|p1a: Venusaur|slp\n|upkeep\n|turn|7\n|\n|t:|1776299321\n|switch|p2a: Gengar|Gengar-Mega, L50, M|100/100\n|cant|p1a: Venusaur|slp\n|\n|upkeep\n|turn|8\n|\n|t:|1776299326\n|move|p2a: Gengar|Sludge Wave|p1a: Venusaur\n|-damage|p1a: Venusaur|59/100 slp\n|cant|p1a: Venusaur|slp\n|\n|upkeep\n|turn|9\n|\n|t:|1776299332\n|move|p2a: Gengar|Shadow Ball|p1a: Venusaur\n|-damage|p1a: Venusaur|23/100 slp\n|-unboost|p1a: Venusaur|spd|1\n|-curestatus|p1a: Venusaur|slp|[msg]\n|move|p1a: Venusaur|Earth Power|p2a: Gengar\n|-supereffective|p2a: Gengar|1\n|-damage|p2a: Gengar|28/100\n|\n|upkeep\n|turn|10\n|\n|t:|1776299348\n|move|p2a: Gengar|Sludge Wave|p1a: Venusaur\n|-damage|p1a: Venusaur|0 fnt\n|faint|p1a: Venusaur\n|\n|upkeep\n|\n|t:|1776299351\n|switch|p1a: Primarina|Primarina, L50, F|100/100\n|-damage|p1a: Primarina|88/100|[from] Stealth Rock\n|turn|11\n|-message|chessboxer316 forfeited.\n|\n|win|DeaRubbish\n|raw|chessboxer316's rating: 1360 &rarr; <strong>1337</strong><br />(-23 for losing)\n|raw|DeaRubbish's rating: 1300 &rarr; <strong>1329</strong><br />(+29 for winning)\n|l|\u2606chessboxer316\n|player|p1|\n|l|\u2606DeaRubbish\n|player|p2|\n",
  "uploadtime": 1776299391,
  "views": 9,
  "formatid": "gen9championsbssregma",
  "rating": 1329,
  "private": 0,
  "password": null
}