{
  "id": "gen9championsbssregma-2585112577",
  "format": "[Gen 9 Champions] BSS Reg M-A",
  "players": [
    "michinsaram",
    "4jyoudebu"
  ],
  "log": "|j|\u2606michinsaram\n|j|\u26064jyoudebu\n|t:|1776313183\n|gametype|singles\n|player|p1|michinsaram|265|1315\n|player|p2|4jyoudebu|crasherwake|1319\n|gen|9\n|tier|[Gen 9 Champions] BSS Reg M-A\n|rated|\n|rule|Species Clause: Limit one of each Pok\u00e9mon\n|rule|Item Clause: Limit 1 of each item\n|clearpoke\n|poke|p1|Aegislash, L50, M|\n|poke|p1|Charizard, L50, M|\n|poke|p1|Ninetales-Alola, L50, F|\n|poke|p1|Araquanid, L50, F|\n|poke|p1|Gengar, L50, F|\n|poke|p1|Kingambit, L50, F|\n|poke|p2|Garchomp, L50, M|\n|poke|p2|Basculegion, L50, M|\n|poke|p2|Mimikyu, L50, F|\n|poke|p2|Dragonite, L50, M|\n|poke|p2|Gengar, L50, M|\n|poke|p2|Archaludon, L50, M|\n|teampreview|3\n|inactive|Battle timer is ON: inactive players will automatically lose when time's up. (requested by 4jyoudebu)\n|j| p74\n|inactive|michinsaram has 60 seconds left.\n|\n|t:|1776313230\n|teamsize|p1|3\n|teamsize|p2|3\n|start\n|switch|p1a: Araquanid|Araquanid, L50, F|100/100\n|switch|p2a: Dragonite|Dragonite, L50, M, shiny|100/100\n|turn|1\n|\n|t:|1776313238\n|detailschange|p2a: Dragonite|Dragonite-Mega, L50, M, shiny\n|-mega|p2a: Dragonite|Dragonite|Dragoninite\n|move|p2a: Dragonite|Air Slash|p1a: Araquanid\n|-supereffective|p1a: Araquanid|1\n|-damage|p1a: Araquanid|22/100\n|-enditem|p1a: Araquanid|Sitrus Berry|[eat]\n|-heal|p1a: Araquanid|46/100|[from] item: Sitrus Berry\n|cant|p1a: Araquanid|flinch\n|\n|upkeep\n|turn|2\n|\n|t:|1776313247\n|move|p2a: Dragonite|Air Slash|p1a: Araquanid\n|-supereffective|p1a: Araquanid|1\n|-damage|p1a: Araquanid|0 fnt\n|faint|p1a: Araquanid\n|\n|upkeep\n|\n|t:|1776313251\n|switch|p1a: Kingambit|Kingambit, L50, F|100/100\n|-activate|p1a: Kingambit|ability: Supreme Overlord\n|-start|p1a: Kingambit|fallen1|[silent]\n|turn|3\n|\n|t:|1776313256\n|move|p2a: Dragonite|Flamethrower|p1a: Kingambit\n|-supereffective|p1a: Kingambit|1\n|-damage|p1a: Kingambit|26/100\n|move|p1a: Kingambit|Kowtow Cleave|p2a: Dragonite\n|-damage|p2a: Dragonite|74/100\n|\n|upkeep\n|turn|4\n|\n|t:|1776313262\n|move|p1a: Kingambit|Sucker Punch|p2a: Dragonite\n|-damage|p2a: Dragonite|30/100\n|move|p2a: Dragonite|Flamethrower|p1a: Kingambit\n|-supereffective|p1a: Kingambit|1\n|-damage|p1a: Kingambit|0 fnt\n|faint|p1a: Kingambit\n|-end|p1a: Kingambit|fallen1|[silent]\n|\n|upkeep\n|\n|t:|1776313266\n|switch|p1a: Charizard|Charizard, L50, M, shiny|100/100\n|turn|5\n|\n|t:|1776313271\n|detailschange|p1a: Charizard|Charizard-Mega-X, L50, M, shiny\n|-mega|p1a: Charizard|Charizard|Charizardite X\n|move|p2a: Dragonite|Extreme Speed|p1a: Charizard\n|-crit|p1a: Charizard\n|-damage|p1a: Charizard|72/100\n|move|p1a: Charizard|Dragon Dance|p1a: Charizard\n|-boost|p1a: Charizard|atk|1\n|-boost|p1a: Charizard|spe|1\n|\n|upkeep\n|turn|6\n|\n|t:|1776313278\n|move|p1a: Charizard|Thunder Punch|p2a: Dragonite\n|-damage|p2a: Dragonite|0 fnt\n|faint|p2a: Dragonite\n|\n|upkeep\n|\n|t:|1776313281\n|switch|p2a: Archaludon|Archaludon, L50, M, shiny|100/100\n|turn|7\n|\n|t:|1776313283\n|move|p1a: Charizard|Dragon Dance|p1a: Charizard\n|-boost|p1a: Charizard|atk|1\n|-boost|p1a: Charizard|spe|1\n|move|p2a: Archaludon|Draco Meteor|p1a: Charizard\n|-supereffective|p1a: Charizard|1\n|-damage|p1a: Charizard|0 fnt\n|-unboost|p2a: Archaludon|spa|2\n|faint|p1a: Charizard\n|\n|win|4jyoudebu\n|raw|michinsaram's rating: 1315 &rarr; <strong>1295</strong><br />(-20 for losing)\n|raw|4jyoudebu's rating: 1319 &rarr; <strong>1339</strong><br />(+20 for winning)\n|l|\u2606michinsaram\n|player|p1|\n|l|\u26064jyoudebu\n|player|p2|\n",
  "uploadtime": 1776313375,
  "views": 9,
  "formatid": "gen9championsbssregma",
  "rating": 1295,
  "private": 0,
  "password": null
}