{
  "id": "gen9championsbssregma-2583543971",
  "format": "[Gen 9 Champions] BSS Reg M-A",
  "players": [
    "harald283",
    "poker_210"
  ],
  "log": "|j|\u2606harald283\n|j|\u2606poker_210\n|t:|1776182325\n|gametype|singles\n|player|p1|harald283|drayden|1086\n|player|p2|poker_210|mina-masters|1116\n|gen|9\n|tier|[Gen 9 Champions] BSS Reg M-A\n|rated|\n|rule|Species Clause: Limit one of each Pok\u00e9mon\n|rule|Item Clause: Limit 1 of each item\n|clearpoke\n|poke|p1|Hippowdon, L50, M|\n|poke|p1|Garchomp, L50, M|\n|poke|p1|Torterra, L50, M|\n|poke|p1|Charizard, L50, M|\n|poke|p1|Aegislash, L50, M|\n|poke|p1|Glimmora, L50, M|\n|poke|p2|Glimmora, L50, M|\n|poke|p2|Garchomp, L50, M|\n|poke|p2|Meganium, L50, F|\n|poke|p2|Dragapult, L50, M|\n|poke|p2|Blastoise, L50, M|\n|poke|p2|Rotom-Wash, L50|\n|teampreview|3\n|\n|t:|1776182381\n|teamsize|p1|3\n|teamsize|p2|3\n|start\n|switch|p1a: Glimmora|Glimmora, L50, M, shiny|100/100\n|switch|p2a: battery acid|Glimmora, L50, M|100/100\n|turn|1\n|\n|t:|1776182397\n|move|p1a: Glimmora|Stealth Rock|p2a: battery acid\n|-sidestart|p2: poker_210|move: Stealth Rock\n|move|p2a: battery acid|Mud Shot|p1a: Glimmora\n|-supereffective|p1a: Glimmora|2\n|-enditem|p1a: Glimmora|Focus Sash\n|-damage|p1a: Glimmora|1/100\n|-unboost|p1a: Glimmora|spe|1\n|\n|upkeep\n|turn|2\n|\n|t:|1776182430\n|move|p2a: battery acid|Mortal Spin|p1a: Glimmora\n|-resisted|p1a: Glimmora|2\n|-damage|p1a: Glimmora|0 fnt\n|-activate|p1a: Glimmora|ability: Toxic Debris\n|-sidestart|p2: poker_210|move: Toxic Spikes\n|-sideend|p2: poker_210|Toxic Spikes|[from] move: Mortal Spin|[of] p2a: battery acid\n|-sideend|p2: poker_210|Stealth Rock|[from] move: Mortal Spin|[of] p2a: battery acid\n|faint|p1a: Glimmora\n|\n|upkeep\n|\n|t:|1776182443\n|switch|p1a: Aegislash|Aegislash, L50, M, shiny|100/100\n|turn|3\n|\n|t:|1776182450\n|move|p2a: battery acid|Stealth Rock|p1a: Aegislash\n|-sidestart|p1: harald283|move: Stealth Rock\n|-formechange|p1a: Aegislash|Aegislash-Blade|\n|move|p1a: Aegislash|Iron Head|p2a: battery acid\n|-supereffective|p2a: battery acid|1\n|-damage|p2a: battery acid|5/100\n|-activate|p2a: battery acid|ability: Toxic Debris\n|-sidestart|p1: harald283|move: Toxic Spikes\n|\n|upkeep\n|turn|4\n|\n|t:|1776182461\n|move|p1a: Aegislash|Shadow Sneak|p2a: battery acid\n|-damage|p2a: battery acid|0 fnt\n|-activate|p2a: battery acid|ability: Toxic Debris\n|-sidestart|p1: harald283|move: Toxic Spikes\n|faint|p2a: battery acid\n|\n|upkeep\n|\n|t:|1776182465\n|switch|p2a: money machine|Rotom-Wash, L50|100/100\n|turn|5\n|\n|t:|1776182472\n|-formechange|p1a: Aegislash|Aegislash|\n|move|p1a: Aegislash|King's Shield|p1a: Aegislash\n|-singleturn|p1a: Aegislash|Protect\n|move|p2a: money machine|Will-O-Wisp|p1a: Aegislash\n|-status|p1a: Aegislash|brn\n|\n|-damage|p1a: Aegislash|95/100 brn|[from] brn\n|upkeep\n|turn|6\n|\n|t:|1776182486\n|move|p2a: money machine|Hex|p1a: Aegislash\n|-supereffective|p1a: Aegislash|1\n|-damage|p1a: Aegislash|57/100 brn\n|-formechange|p1a: Aegislash|Aegislash-Blade|\n|move|p1a: Aegislash|Poltergeist|p2a: money machine\n|-activate|p2a: money machine|move: Poltergeist|Leftovers\n|-damage|p2a: money machine|80/100\n|\n|-heal|p2a: money machine|86/100|[from] item: Leftovers\n|-heal|p1a: Aegislash|63/100 brn|[from] item: Leftovers\n|-damage|p1a: Aegislash|57/100 brn|[from] brn\n|upkeep\n|turn|7\n|\n|t:|1776182499\n|switch|p1a: Charizard|Charizard, L50, M, shiny|100/100\n|-damage|p1a: Charizard|51/100|[from] Stealth Rock\n|move|p2a: money machine|Hex|p1a: Charizard\n|-damage|p1a: Charizard|28/100\n|\n|-heal|p2a: money machine|92/100|[from] item: Leftovers\n|upkeep\n|turn|8\n|\n|t:|1776182509\n|detailschange|p1a: Charizard|Charizard-Mega-Y, L50, M, shiny\n|-mega|p1a: Charizard|Charizard|Charizardite Y\n|-weather|SunnyDay|[from] ability: Drought|[of] p1a: Charizard\n|move|p1a: Charizard|Solar Beam||[still]\n|-prepare|p1a: Charizard|Solar Beam\n|-anim|p1a: Charizard|Solar Beam|p2a: money machine\n|-supereffective|p2a: money machine|1\n|-damage|p2a: money machine|0 fnt\n|faint|p2a: money machine\n|\n|-weather|SunnyDay|[upkeep]\n|upkeep\n|\n|t:|1776182516\n|switch|p2a: blue subaru|Blastoise, L50, M|100/100\n|turn|9\n|\n|t:|1776182525\n|detailschange|p2a: blue subaru|Blastoise-Mega, L50, M\n|-mega|p2a: blue subaru|Blastoise|Blastoisinite\n|move|p1a: Charizard|Solar Beam||[still]\n|-prepare|p1a: Charizard|Solar Beam\n|-anim|p1a: Charizard|Solar Beam|p2a: blue subaru\n|-supereffective|p2a: blue subaru|1\n|-damage|p2a: blue subaru|2/100\n|move|p2a: blue subaru|Shell Smash|p2a: blue subaru\n|-unboost|p2a: blue subaru|def|1\n|-unboost|p2a: blue subaru|spd|1\n|-boost|p2a: blue subaru|atk|2\n|-boost|p2a: blue subaru|spa|2\n|-boost|p2a: blue subaru|spe|2\n|\n|-weather|SunnyDay|[upkeep]\n|upkeep\n|turn|10\n|\n|t:|1776182543\n|move|p2a: blue subaru|Water Pulse|p1a: Charizard\n|-supereffective|p1a: Charizard|1\n|-damage|p1a: Charizard|0 fnt\n|faint|p1a: Charizard\n|\n|-weather|SunnyDay|[upkeep]\n|upkeep\n|\n|t:|1776182550\n|switch|p1a: Aegislash|Aegislash, L50, M, shiny|57/100 brn\n|-damage|p1a: Aegislash|51/100 brn|[from] Stealth Rock\n|turn|11\n|\n|t:|1776182554\n|-formechange|p1a: Aegislash|Aegislash-Blade|\n|move|p1a: Aegislash|Shadow Sneak|p2a: blue subaru\n|-crit|p2a: blue subaru\n|-damage|p2a: blue subaru|0 fnt\n|faint|p2a: blue subaru\n|\n|win|harald283\n|raw|harald283's rating: 1086 &rarr; <strong>1115</strong><br />(+29 for winning)\n|raw|poker_210's rating: 1116 &rarr; <strong>1089</strong><br />(-27 for losing)\n|l|\u2606poker_210\n|player|p2|\n",
  "uploadtime": 1776182561,
  "views": 6,
  "formatid": "gen9championsbssregma",
  "rating": 1089,
  "private": 0,
  "password": null
}