{
  "id": "gen9championsbssregma-2584883173",
  "format": "[Gen 9 Champions] BSS Reg M-A",
  "players": [
    "tunnelzx",
    "DiceyRice"
  ],
  "log": "|j|\u2606tunnelzx\n|j|\u2606DiceyRice\n|t:|1776291309\n|gametype|singles\n|player|p1|tunnelzx|harlequin|1221\n|player|p2|DiceyRice|miku-ghost|1306\n|gen|9\n|tier|[Gen 9 Champions] BSS Reg M-A\n|rated|\n|rule|Species Clause: Limit one of each Pok\u00e9mon\n|rule|Item Clause: Limit 1 of each item\n|clearpoke\n|poke|p1|Kleavor, L50, F|\n|poke|p1|Scizor, L50, M|\n|poke|p1|Araquanid, L50, F|\n|poke|p1|Volcarona, L50, M|\n|poke|p1|Forretress, L50, F|\n|poke|p1|Beedrill, L50, M|\n|poke|p2|Hippowdon, L50, M|\n|poke|p2|Volcarona, L50, F|\n|poke|p2|Blastoise, L50, M|\n|poke|p2|Aegislash, L50, F|\n|poke|p2|Floette-Eternal, L50, F|\n|poke|p2|Hydreigon, L50, M|\n|teampreview|3\n|\n|t:|1776291324\n|teamsize|p1|3\n|teamsize|p2|3\n|start\n|switch|p1a: Kleber|Kleavor, L50, F|100/100\n|switch|p2a: Hippowdon|Hippowdon, L50, M|100/100\n|-weather|Sandstorm|[from] ability: Sand Stream|[of] p2a: Hippowdon\n|turn|1\n|\n|t:|1776291336\n|move|p1a: Kleber|Stone Axe|p2a: Hippowdon|[miss]\n|-miss|p1a: Kleber|p2a: Hippowdon\n|move|p2a: Hippowdon|Yawn|p1a: Kleber\n|-start|p1a: Kleber|move: Yawn|[of] p2a: Hippowdon\n|\n|-weather|Sandstorm|[upkeep]\n|upkeep\n|turn|2\n|j| p74\n|\n|t:|1776291343\n|move|p1a: Kleber|Stone Axe|p2a: Hippowdon\n|-resisted|p2a: Hippowdon|1\n|-damage|p2a: Hippowdon|84/100\n|-sidestart|p2: DiceyRice|move: Stealth Rock\n|move|p2a: Hippowdon|Stealth Rock|p1a: Kleber\n|-sidestart|p1: tunnelzx|move: Stealth Rock\n|\n|-weather|Sandstorm|[upkeep]\n|-end|p1a: Kleber|move: Yawn|[silent]\n|-status|p1a: Kleber|slp\n|upkeep\n|turn|3\n|\n|t:|1776291350\n|cant|p1a: Kleber|slp\n|move|p2a: Hippowdon|Whirlwind|p1a: Kleber\n|drag|p1a: Miranha|Araquanid, L50, F, shiny|100/100\n|-damage|p1a: Miranha|76/100|[from] Stealth Rock\n|\n|-weather|Sandstorm|[upkeep]\n|-damage|p1a: Miranha|70/100|[from] Sandstorm\n|upkeep\n|turn|4\n|\n|t:|1776291359\n|switch|p2a: Blastoise|Blastoise, L50, M|100/100\n|-damage|p2a: Blastoise|88/100|[from] Stealth Rock\n|move|p1a: Miranha|Liquidation|p2a: Blastoise\n|-resisted|p2a: Blastoise|1\n|-damage|p2a: Blastoise|50/100\n|\n|-weather|Sandstorm|[upkeep]\n|-damage|p2a: Blastoise|44/100|[from] Sandstorm\n|-damage|p1a: Miranha|64/100|[from] Sandstorm\n|upkeep\n|turn|5\n|\n|t:|1776291369\n|detailschange|p2a: Blastoise|Blastoise-Mega, L50, M\n|-mega|p2a: Blastoise|Blastoise|Blastoisinite\n|move|p2a: Blastoise|Dark Pulse|p1a: Miranha\n|-damage|p1a: Miranha|24/100\n|cant|p1a: Miranha|flinch\n|\n|-weather|none\n|upkeep\n|turn|6\n|\n|t:|1776291376\n|move|p2a: Blastoise|Dark Pulse|p1a: Miranha\n|-damage|p1a: Miranha|0 fnt\n|faint|p1a: Miranha\n|\n|upkeep\n|\n|t:|1776291382\n|switch|p1a: Kleber|Kleavor, L50, F|100/100 slp\n|-damage|p1a: Kleber|76/100 slp|[from] Stealth Rock\n|turn|7\n|\n|t:|1776291386\n|-curestatus|p1a: Kleber|slp|[msg]\n|move|p1a: Kleber|Stone Axe|p2a: Blastoise\n|-damage|p2a: Blastoise|0 fnt\n|faint|p2a: Blastoise\n|\n|upkeep\n|\n|t:|1776291391\n|switch|p2a: Aegislash|Aegislash, L50, F|100/100\n|-damage|p2a: Aegislash|94/100|[from] Stealth Rock\n|turn|8\n|\n|t:|1776291395\n|switch|p1a: Scizor|Scizor, L50, M|100/100\n|-damage|p1a: Scizor|88/100|[from] Stealth Rock\n|-formechange|p2a: Aegislash|Aegislash-Blade|\n|move|p2a: Aegislash|Poltergeist|p1a: Scizor\n|-activate|p1a: Scizor|move: Poltergeist|Scizorite\n|-damage|p1a: Scizor|10/100\n|\n|upkeep\n|turn|9\n|\n|t:|1776291406\n|move|p1a: Scizor|Bullet Punch|p2a: Aegislash\n|-resisted|p2a: Aegislash|1\n|-damage|p2a: Aegislash|68/100\n|move|p2a: Aegislash|Shadow Sneak|p1a: Scizor\n|-damage|p1a: Scizor|0 fnt\n|faint|p1a: Scizor\n|\n|upkeep\n|\n|t:|1776291412\n|switch|p1a: Kleber|Kleavor, L50, F|76/100\n|-damage|p1a: Kleber|52/100|[from] Stealth Rock\n|turn|10\n|\n|t:|1776291417\n|-formechange|p2a: Aegislash|Aegislash|\n|move|p2a: Aegislash|King's Shield|p2a: Aegislash\n|-singleturn|p2a: Aegislash|Protect\n|move|p1a: Kleber|Night Slash|p2a: Aegislash\n|-activate|p2a: Aegislash|move: Protect\n|-unboost|p1a: Kleber|atk|1\n|\n|upkeep\n|turn|11\n|\n|t:|1776291425\n|move|p1a: Kleber|Night Slash|p2a: Aegislash\n|-supereffective|p2a: Aegislash|1\n|-damage|p2a: Aegislash|29/100\n|-formechange|p2a: Aegislash|Aegislash-Blade|\n|move|p2a: Aegislash|Poltergeist|p1a: Kleber\n|-activate|p1a: Kleber|move: Poltergeist|Choice Scarf\n|-damage|p1a: Kleber|0 fnt\n|faint|p1a: Kleber\n|\n|win|DiceyRice\n|raw|tunnelzx's rating: 1221 &rarr; <strong>1202</strong><br />(-19 for losing)\n|raw|DiceyRice's rating: 1306 &rarr; <strong>1321</strong><br />(+15 for winning)\n|l|\u2606DiceyRice\n|player|p2|\n|l|\u2606tunnelzx\n|player|p1|\n",
  "uploadtime": 1776291450,
  "views": 6,
  "formatid": "gen9championsbssregma",
  "rating": 1202,
  "private": 0,
  "password": null
}