{
  "id": "gen9championsbssregma-2586192561",
  "format": "[Gen 9 Champions] BSS Reg M-A",
  "players": [
    "Auraguardian6",
    "joguri"
  ],
  "log": "|j|\u2606Auraguardian6\n|j|\u2606joguri\n|t:|1776410670\n|gametype|singles\n|player|p1|Auraguardian6|102|1116\n|player|p2|joguri|dawn|1240\n|gen|9\n|tier|[Gen 9 Champions] BSS Reg M-A\n|rated|\n|rule|Species Clause: Limit one of each Pok\u00e9mon\n|rule|Item Clause: Limit 1 of each item\n|clearpoke\n|poke|p1|Gengar, L50, F|\n|poke|p1|Glalie, L50, F|\n|poke|p1|Scovillain, L50, M|\n|poke|p1|Archaludon, L50, F|\n|poke|p1|Meowscarada, L50, M|\n|poke|p1|Garchomp, L50, F|\n|poke|p2|Clefable, L50, M|\n|poke|p2|Espathra, L50, F|\n|poke|p2|Charizard, L50, M|\n|poke|p2|Hippowdon, L50, M|\n|poke|p2|Rotom-Wash, L50|\n|poke|p2|Garchomp, L50, F|\n|teampreview|3\n|inactive|Battle timer is ON: inactive players will automatically lose when time's up. (requested by Auraguardian6)\n|\n|t:|1776410686\n|teamsize|p1|3\n|teamsize|p2|3\n|start\n|switch|p1a: Glalie|Glalie, L50, F|100/100\n|switch|p2a: Hippowdon|Hippowdon, L50, M|100/100\n|-weather|Sandstorm|[from] ability: Sand Stream|[of] p2a: Hippowdon\n|turn|1\n|\n|t:|1776410701\n|move|p1a: Glalie|Substitute|p1a: Glalie\n|-start|p1a: Glalie|Substitute\n|-damage|p1a: Glalie|76/100\n|move|p2a: Hippowdon|Yawn||[still]\n|-fail|p2a: Hippowdon\n|\n|-weather|Sandstorm|[upkeep]\n|-damage|p1a: Glalie|70/100|[from] Sandstorm\n|-heal|p1a: Glalie|76/100|[from] item: Leftovers\n|-ability|p1a: Glalie|Moody|boost\n|-boost|p1a: Glalie|spa|2\n|-unboost|p1a: Glalie|atk|1\n|upkeep\n|turn|2\n|\n|t:|1776410713\n|move|p1a: Glalie|Protect|p1a: Glalie\n|-singleturn|p1a: Glalie|Protect\n|move|p2a: Hippowdon|Stealth Rock|p1a: Glalie\n|-sidestart|p1: Auraguardian6|move: Stealth Rock\n|\n|-weather|Sandstorm|[upkeep]\n|-damage|p1a: Glalie|70/100|[from] Sandstorm\n|-heal|p1a: Glalie|76/100|[from] item: Leftovers\n|-ability|p1a: Glalie|Moody|boost\n|-boost|p1a: Glalie|spd|2\n|-unboost|p1a: Glalie|spa|1\n|upkeep\n|turn|3\n|\n|t:|1776410724\n|switch|p2a: Espathra|Espathra, L50, F|100/100\n|move|p1a: Glalie|Freeze-Dry|p2a: Espathra\n|-crit|p2a: Espathra\n|-damage|p2a: Espathra|47/100\n|\n|-weather|Sandstorm|[upkeep]\n|-damage|p2a: Espathra|41/100|[from] Sandstorm\n|-damage|p1a: Glalie|70/100|[from] Sandstorm\n|-heal|p2a: Espathra|47/100|[from] item: Leftovers\n|-heal|p1a: Glalie|76/100|[from] item: Leftovers\n|-ability|p1a: Glalie|Moody|boost\n|-boost|p1a: Glalie|atk|2\n|-unboost|p1a: Glalie|spa|1\n|upkeep\n|turn|4\n|\n|t:|1776410744\n|move|p2a: Espathra|Calm Mind|p2a: Espathra\n|-boost|p2a: Espathra|spa|1\n|-boost|p2a: Espathra|spd|1\n|move|p1a: Glalie|Freeze-Dry|p2a: Espathra\n|-damage|p2a: Espathra|28/100\n|\n|-weather|Sandstorm|[upkeep]\n|-damage|p2a: Espathra|22/100|[from] Sandstorm\n|-damage|p1a: Glalie|70/100|[from] Sandstorm\n|-heal|p2a: Espathra|28/100|[from] item: Leftovers\n|-heal|p1a: Glalie|76/100|[from] item: Leftovers\n|-ability|p2a: Espathra|Speed Boost|boost\n|-boost|p2a: Espathra|spe|1\n|-ability|p1a: Glalie|Moody|boost\n|-boost|p1a: Glalie|spe|2\n|-unboost|p1a: Glalie|spd|1\n|upkeep\n|turn|5\n|\n|t:|1776410766\n|move|p1a: Glalie|Disable|p2a: Espathra\n|-start|p2a: Espathra|Disable|Calm Mind\n|cant|p2a: Espathra|Disable|Calm Mind\n|\n|-weather|none\n|-heal|p1a: Glalie|82/100|[from] item: Leftovers\n|-heal|p2a: Espathra|34/100|[from] item: Leftovers\n|-ability|p1a: Glalie|Moody|boost\n|-boost|p1a: Glalie|def|2\n|-unboost|p1a: Glalie|atk|1\n|-ability|p2a: Espathra|Speed Boost|boost\n|-boost|p2a: Espathra|spe|1\n|upkeep\n|turn|6\n|\n|t:|1776410780\n|move|p2a: Espathra|Baton Pass|p2a: Espathra\n|\n|t:|1776410782\n|switch|p2a: Clefable|Clefable, L50, M|100/100|[from] Baton Pass\n|move|p1a: Glalie|Freeze-Dry|p2a: Clefable\n|-damage|p2a: Clefable|88/100\n|\n|-heal|p1a: Glalie|88/100|[from] item: Leftovers\n|-ability|p1a: Glalie|Moody|boost\n|-boost|p1a: Glalie|spe|2\n|-unboost|p1a: Glalie|spa|1\n|upkeep\n|turn|7\n|\n|t:|1776410794\n|move|p1a: Glalie|Freeze-Dry|p2a: Clefable\n|-damage|p2a: Clefable|75/100\n|move|p2a: Clefable|Calm Mind|p2a: Clefable\n|-boost|p2a: Clefable|spa|1\n|-boost|p2a: Clefable|spd|1\n|\n|-heal|p1a: Glalie|94/100|[from] item: Leftovers\n|-ability|p1a: Glalie|Moody|boost\n|-boost|p1a: Glalie|atk|2\n|-unboost|p1a: Glalie|spe|1\n|upkeep\n|turn|8\n|\n|t:|1776410806\n|move|p1a: Glalie|Disable|p2a: Clefable\n|-start|p2a: Clefable|Disable|Calm Mind\n|cant|p2a: Clefable|Disable|Calm Mind\n|\n|-heal|p1a: Glalie|99/100|[from] item: Leftovers\n|-ability|p1a: Glalie|Moody|boost\n|-boost|p1a: Glalie|spa|2\n|-unboost|p1a: Glalie|spd|1\n|upkeep\n|turn|9\n|\n|t:|1776410815\n|move|p1a: Glalie|Freeze-Dry|p2a: Clefable\n|-damage|p2a: Clefable|64/100\n|move|p2a: Clefable|Cosmic Power|p2a: Clefable\n|-boost|p2a: Clefable|def|1\n|-boost|p2a: Clefable|spd|1\n|\n|-heal|p1a: Glalie|100/100|[from] item: Leftovers\n|-ability|p1a: Glalie|Moody|boost\n|-boost|p1a: Glalie|spa|2\n|-unboost|p1a: Glalie|spd|1\n|upkeep\n|turn|10\n|\n|t:|1776410835\n|move|p1a: Glalie|Freeze-Dry|p2a: Clefable\n|-damage|p2a: Clefable|55/100\n|move|p2a: Clefable|Moonblast|p1a: Glalie\n|-end|p1a: Glalie|Substitute\n|\n|-ability|p1a: Glalie|Moody|boost\n|-boost|p1a: Glalie|atk|2\n|-unboost|p1a: Glalie|spd|1\n|upkeep\n|turn|11\n|\n|t:|1776410853\n|move|p1a: Glalie|Disable||[still]\n|-fail|p1a: Glalie\n|move|p2a: Clefable|Moonblast|p1a: Glalie\n|-damage|p1a: Glalie|42/100\n|\n|-heal|p1a: Glalie|48/100|[from] item: Leftovers\n|-end|p2a: Clefable|Disable\n|-ability|p1a: Glalie|Moody|boost\n|-boost|p1a: Glalie|spd|2\n|-unboost|p1a: Glalie|atk|1\n|upkeep\n|turn|12\n|inactive|joguri has 30 seconds left.\n|\n|t:|1776410883\n|move|p1a: Glalie|Disable|p2a: Clefable\n|-start|p2a: Clefable|Disable|Moonblast\n|move|p2a: Clefable|Calm Mind|p2a: Clefable\n|-boost|p2a: Clefable|spa|1\n|-boost|p2a: Clefable|spd|1\n|\n|-heal|p1a: Glalie|54/100|[from] item: Leftovers\n|-ability|p1a: Glalie|Moody|boost\n|-boost|p1a: Glalie|spe|2\n|-unboost|p1a: Glalie|atk|1\n|upkeep\n|turn|13\n|\n|t:|1776410895\n|switch|p1a: Scovillain|Scovillain, L50, M|100/100\n|-damage|p1a: Scovillain|75/100|[from] Stealth Rock\n|move|p2a: Clefable|Moonlight|p2a: Clefable\n|-heal|p2a: Clefable|100/100\n|\n|-ability|p1a: Scovillain|Moody|boost\n|-boost|p1a: Scovillain|atk|2\n|-unboost|p1a: Scovillain|spd|1\n|upkeep\n|turn|14\n|\n|t:|1776410907\n|move|p2a: Clefable|Cosmic Power|p2a: Clefable\n|-boost|p2a: Clefable|def|1\n|-boost|p2a: Clefable|spd|1\n|move|p1a: Scovillain|Leech Seed|p2a: Clefable\n|-start|p2a: Clefable|move: Leech Seed\n|\n|-damage|p2a: Clefable|88/100|[from] Leech Seed|[of] p1a: Scovillain\n|-heal|p1a: Scovillain|90/100|[silent]\n|-ability|p1a: Scovillain|Moody|boost\n|-boost|p1a: Scovillain|spa|2\n|-unboost|p1a: Scovillain|def|1\n|upkeep\n|turn|15\n|\n|t:|1776410918\n|switch|p1a: Gengar|Gengar, L50, F|100/100\n|-damage|p1a: Gengar|89/100|[from] Stealth Rock\n|move|p2a: Clefable|Calm Mind|p2a: Clefable\n|-boost|p2a: Clefable|spa|1\n|-boost|p2a: Clefable|spd|1\n|\n|-damage|p2a: Clefable|76/100|[from] Leech Seed|[of] p1a: Gengar\n|-heal|p1a: Gengar|100/100|[silent]\n|-end|p2a: Clefable|Disable\n|upkeep\n|turn|16\n|\n|t:|1776410931\n|detailschange|p1a: Gengar|Gengar-Mega, L50, F\n|-mega|p1a: Gengar|Gengar|Gengarite\n|move|p1a: Gengar|Haze|p1a: Gengar\n|-clearallboost\n|move|p2a: Clefable|Moonblast|p1a: Gengar\n|-resisted|p1a: Gengar|1\n|-damage|p1a: Gengar|83/100\n|\n|-damage|p2a: Clefable|63/100|[from] Leech Seed|[of] p1a: Gengar\n|-heal|p1a: Gengar|98/100|[silent]\n|upkeep\n|turn|17\n|\n|t:|1776410950\n|move|p1a: Gengar|Perish Song|p1a: Gengar\n|-start|p1a: Gengar|perish3|[silent]\n|-start|p2a: Clefable|perish3|[silent]\n|-fieldactivate|move: Perish Song\n|move|p2a: Clefable|Cosmic Power|p2a: Clefable\n|-boost|p2a: Clefable|def|1\n|-boost|p2a: Clefable|spd|1\n|\n|-damage|p2a: Clefable|51/100|[from] Leech Seed|[of] p1a: Gengar\n|-heal|p1a: Gengar|100/100|[silent]\n|-start|p1a: Gengar|perish3\n|-start|p2a: Clefable|perish3\n|upkeep\n|turn|18\n|\n|t:|1776410975\n|detailschange|p2a: Clefable|Clefable-Mega, L50, M\n|-mega|p2a: Clefable|Clefable|Clefablite\n|move|p1a: Gengar|Haze|p1a: Gengar\n|-clearallboost\n|move|p2a: Clefable|Moonblast|p1a: Gengar\n|-resisted|p1a: Gengar|1\n|-damage|p1a: Gengar|76/100\n|-unboost|p1a: Gengar|spa|1\n|\n|-damage|p2a: Clefable|39/100|[from] Leech Seed|[of] p1a: Gengar\n|-heal|p1a: Gengar|91/100|[silent]\n|-start|p1a: Gengar|perish2\n|-start|p2a: Clefable|perish2\n|upkeep\n|turn|19\n|\n|t:|1776410989\n|move|p1a: Gengar|Protect|p1a: Gengar\n|-singleturn|p1a: Gengar|Protect\n|move|p2a: Clefable|Moonblast|p1a: Gengar\n|-activate|p1a: Gengar|move: Protect\n|\n|-damage|p2a: Clefable|26/100|[from] Leech Seed|[of] p1a: Gengar\n|-heal|p1a: Gengar|100/100|[silent]\n|-start|p1a: Gengar|perish1\n|-start|p2a: Clefable|perish1\n|upkeep\n|turn|20\n|\n|t:|1776410998\n|switch|p1a: Scovillain|Scovillain, L50, M|90/100\n|-damage|p1a: Scovillain|65/100|[from] Stealth Rock\n|move|p2a: Clefable|Moonblast|p1a: Scovillain\n|-resisted|p1a: Scovillain|1\n|-damage|p1a: Scovillain|44/100\n|\n|-damage|p2a: Clefable|14/100|[from] Leech Seed|[of] p1a: Scovillain\n|-heal|p1a: Scovillain|59/100|[silent]\n|-start|p2a: Clefable|perish0\n|-ability|p1a: Scovillain|Moody|boost\n|-boost|p1a: Scovillain|def|2\n|-unboost|p1a: Scovillain|spe|1\n|faint|p2a: Clefable\n|upkeep\n|\n|t:|1776411018\n|switch|p2a: Espathra|Espathra, L50, F|34/100\n|turn|21\n|\n|t:|1776411027\n|move|p2a: Espathra|Lumina Crash|p1a: Scovillain\n|-damage|p1a: Scovillain|32/100\n|-unboost|p1a: Scovillain|spd|2\n|move|p1a: Scovillain|Leech Seed|p2a: Espathra\n|-start|p2a: Espathra|move: Leech Seed\n|\n|-heal|p2a: Espathra|40/100|[from] item: Leftovers\n|-damage|p2a: Espathra|28/100|[from] Leech Seed|[of] p1a: Scovillain\n|-heal|p1a: Scovillain|46/100|[silent]\n|-ability|p2a: Espathra|Speed Boost|boost\n|-boost|p2a: Espathra|spe|1\n|-ability|p1a: Scovillain|Moody|boost\n|-boost|p1a: Scovillain|spa|2\n|-unboost|p1a: Scovillain|def|1\n|upkeep\n|turn|22\n|\n|t:|1776411042\n|move|p1a: Scovillain|Protect|p1a: Scovillain\n|-singleturn|p1a: Scovillain|Protect\n|move|p2a: Espathra|Lumina Crash|p1a: Scovillain\n|-activate|p1a: Scovillain|move: Protect\n|\n|-heal|p2a: Espathra|34/100|[from] item: Leftovers\n|-damage|p2a: Espathra|21/100|[from] Leech Seed|[of] p1a: Scovillain\n|-heal|p1a: Scovillain|61/100|[silent]\n|-ability|p2a: Espathra|Speed Boost|boost\n|-boost|p2a: Espathra|spe|1\n|-ability|p1a: Scovillain|Moody|boost\n|-boost|p1a: Scovillain|atk|2\n|-unboost|p1a: Scovillain|spd|1\n|upkeep\n|turn|23\n|inactive|Auraguardian6 has 30 seconds left.\n|\n|t:|1776411071\n|move|p2a: Espathra|Lumina Crash|p1a: Scovillain\n|-damage|p1a: Scovillain|0 fnt\n|faint|p1a: Scovillain\n|\n|-heal|p2a: Espathra|27/100|[from] item: Leftovers\n|-ability|p2a: Espathra|Speed Boost|boost\n|-boost|p2a: Espathra|spe|1\n|upkeep\n|\n|t:|1776411084\n|switch|p1a: Glalie|Glalie, L50, F|54/100\n|-damage|p1a: Glalie|29/100|[from] Stealth Rock\n|turn|24\n|\n|t:|1776411091\n|move|p1a: Glalie|Protect|p1a: Glalie\n|-singleturn|p1a: Glalie|Protect\n|move|p2a: Espathra|Lumina Crash|p1a: Glalie\n|-activate|p1a: Glalie|move: Protect\n|\n|-heal|p2a: Espathra|33/100|[from] item: Leftovers\n|-heal|p1a: Glalie|35/100|[from] item: Leftovers\n|-damage|p2a: Espathra|21/100|[from] Leech Seed|[of] p1a: Glalie\n|-heal|p1a: Glalie|49/100|[silent]\n|-ability|p2a: Espathra|Speed Boost|boost\n|-boost|p2a: Espathra|spe|1\n|-ability|p1a: Glalie|Moody|boost\n|-boost|p1a: Glalie|atk|2\n|-unboost|p1a: Glalie|spe|1\n|upkeep\n|turn|25\n|\n|t:|1776411104\n|move|p2a: Espathra|Lumina Crash|p1a: Glalie\n|-damage|p1a: Glalie|22/100\n|-unboost|p1a: Glalie|spd|2\n|move|p1a: Glalie|Disable|p2a: Espathra\n|-start|p2a: Espathra|Disable|Lumina Crash\n|\n|-heal|p2a: Espathra|27/100|[from] item: Leftovers\n|-heal|p1a: Glalie|28/100|[from] item: Leftovers\n|-damage|p2a: Espathra|14/100|[from] Leech Seed|[of] p1a: Glalie\n|-heal|p1a: Glalie|42/100|[silent]\n|-ability|p2a: Espathra|Speed Boost|boost\n|-boost|p2a: Espathra|spe|1\n|-ability|p1a: Glalie|Moody|boost\n|-boost|p1a: Glalie|spd|2\n|-unboost|p1a: Glalie|spa|1\n|upkeep\n|turn|26\n|\n|t:|1776411119\n|move|p2a: Espathra|Baton Pass|p2a: Espathra\n|\n|t:|1776411121\n|switch|p2a: Hippowdon|Hippowdon, L50, M|100/100|[from] Baton Pass\n|-weather|Sandstorm|[from] ability: Sand Stream|[of] p2a: Hippowdon\n|move|p1a: Glalie|Substitute|p1a: Glalie\n|-start|p1a: Glalie|Substitute\n|-damage|p1a: Glalie|17/100\n|\n|-weather|Sandstorm|[upkeep]\n|-damage|p1a: Glalie|11/100|[from] Sandstorm\n|-heal|p1a: Glalie|17/100|[from] item: Leftovers\n|-damage|p2a: Hippowdon|88/100|[from] Leech Seed|[of] p1a: Glalie\n|-heal|p1a: Glalie|31/100|[silent]\n|-ability|p1a: Glalie|Moody|boost\n|-boost|p1a: Glalie|spa|2\n|-unboost|p1a: Glalie|spe|1\n|upkeep\n|turn|27\n|\n|t:|1776411136\n|move|p1a: Glalie|Protect|p1a: Glalie\n|-singleturn|p1a: Glalie|Protect\n|move|p2a: Hippowdon|Earthquake|p1a: Glalie\n|-activate|p1a: Glalie|move: Protect\n|\n|-weather|Sandstorm|[upkeep]\n|-damage|p1a: Glalie|25/100|[from] Sandstorm\n|-heal|p1a: Glalie|31/100|[from] item: Leftovers\n|-damage|p2a: Hippowdon|76/100|[from] Leech Seed|[of] p1a: Glalie\n|-heal|p1a: Glalie|45/100|[silent]\n|-ability|p1a: Glalie|Moody|boost\n|-boost|p1a: Glalie|spd|2\n|-unboost|p1a: Glalie|def|1\n|upkeep\n|turn|28\n|\n|t:|1776411150\n|move|p2a: Hippowdon|Earthquake|p1a: Glalie\n|-end|p1a: Glalie|Substitute\n|move|p1a: Glalie|Substitute|p1a: Glalie\n|-start|p1a: Glalie|Substitute\n|-damage|p1a: Glalie|20/100\n|\n|-weather|Sandstorm|[upkeep]\n|-damage|p1a: Glalie|14/100|[from] Sandstorm\n|-heal|p1a: Glalie|20/100|[from] item: Leftovers\n|-damage|p2a: Hippowdon|64/100|[from] Leech Seed|[of] p1a: Glalie\n|-heal|p1a: Glalie|34/100|[silent]\n|-ability|p1a: Glalie|Moody|boost\n|-boost|p1a: Glalie|spd|2\n|-unboost|p1a: Glalie|def|1\n|upkeep\n|turn|29\n|\n|t:|1776411163\n|switch|p2a: Espathra|Espathra, L50, F|14/100\n|move|p1a: Glalie|Protect||[still]\n|-fail|p1a: Glalie\n|\n|-weather|Sandstorm|[upkeep]\n|-damage|p2a: Espathra|8/100|[from] Sandstorm\n|-damage|p1a: Glalie|28/100|[from] Sandstorm\n|-heal|p2a: Espathra|14/100|[from] item: Leftovers\n|-heal|p1a: Glalie|34/100|[from] item: Leftovers\n|-ability|p1a: Glalie|Moody|boost\n|-boost|p1a: Glalie|spd|2\n|-unboost|p1a: Glalie|atk|1\n|upkeep\n|turn|30\n|\n|t:|1776411177\n|move|p2a: Espathra|Lumina Crash|p1a: Glalie\n|-activate|p1a: Glalie|move: Substitute|[damage]\n|move|p1a: Glalie|Freeze-Dry|p2a: Espathra\n|-damage|p2a: Espathra|0 fnt\n|faint|p2a: Espathra\n|\n|-weather|none\n|-heal|p1a: Glalie|40/100|[from] item: Leftovers\n|-ability|p1a: Glalie|Moody|boost\n|-boost|p1a: Glalie|def|2\n|-unboost|p1a: Glalie|spd|1\n|upkeep\n|\n|t:|1776411188\n|switch|p2a: Hippowdon|Hippowdon, L50, M|64/100\n|-weather|Sandstorm|[from] ability: Sand Stream|[of] p2a: Hippowdon\n|turn|31\n|\n|t:|1776411196\n|move|p2a: Hippowdon|Earthquake|p1a: Glalie\n|-end|p1a: Glalie|Substitute\n|move|p1a: Glalie|Freeze-Dry|p2a: Hippowdon\n|-supereffective|p2a: Hippowdon|1\n|-damage|p2a: Hippowdon|5/100\n|-enditem|p2a: Hippowdon|Sitrus Berry|[eat]\n|-heal|p2a: Hippowdon|29/100|[from] item: Sitrus Berry\n|\n|-weather|Sandstorm|[upkeep]\n|-damage|p1a: Glalie|34/100|[from] Sandstorm\n|-heal|p1a: Glalie|40/100|[from] item: Leftovers\n|-ability|p1a: Glalie|Moody|boost\n|-boost|p1a: Glalie|atk|2\n|-unboost|p1a: Glalie|spa|1\n|upkeep\n|turn|32\n|\n|t:|1776411212\n|move|p1a: Glalie|Protect|p1a: Glalie\n|-singleturn|p1a: Glalie|Protect\n|move|p2a: Hippowdon|Yawn|p1a: Glalie\n|-activate|p1a: Glalie|move: Protect\n|\n|-weather|Sandstorm|[upkeep]\n|-damage|p1a: Glalie|34/100|[from] Sandstorm\n|-heal|p1a: Glalie|40/100|[from] item: Leftovers\n|-ability|p1a: Glalie|Moody|boost\n|-boost|p1a: Glalie|spa|2\n|-unboost|p1a: Glalie|def|1\n|upkeep\n|turn|33\n|\n|t:|1776411226\n|move|p2a: Hippowdon|Earthquake|p1a: Glalie\n|-damage|p1a: Glalie|0 fnt\n|faint|p1a: Glalie\n|\n|-weather|Sandstorm|[upkeep]\n|upkeep\n|\n|t:|1776411232\n|switch|p1a: Gengar|Gengar-Mega, L50, F|100/100\n|-damage|p1a: Gengar|89/100|[from] Stealth Rock\n|turn|34\n|inactive|joguri has 30 seconds left.\n|\n|t:|1776411247\n|move|p1a: Gengar|Perish Song|p1a: Gengar\n|-start|p1a: Gengar|perish3|[silent]\n|-start|p2a: Hippowdon|perish3|[silent]\n|-fieldactivate|move: Perish Song\n|move|p2a: Hippowdon|Slack Off|p2a: Hippowdon\n|-heal|p2a: Hippowdon|80/100\n|\n|-weather|Sandstorm|[upkeep]\n|-damage|p1a: Gengar|83/100|[from] Sandstorm\n|-start|p1a: Gengar|perish3\n|-start|p2a: Hippowdon|perish3\n|upkeep\n|turn|35\n|inactive|joguri has 25 seconds left this turn.\n|inactive|joguri has 20 seconds left.\n|\n|t:|1776411260\n|move|p1a: Gengar|Protect|p1a: Gengar\n|-singleturn|p1a: Gengar|Protect\n|move|p2a: Hippowdon|Earthquake|p1a: Gengar\n|-activate|p1a: Gengar|move: Protect\n|\n|-weather|none\n|-start|p1a: Gengar|perish2\n|-start|p2a: Hippowdon|perish2\n|upkeep\n|turn|36\n|inactive|joguri has 20 seconds left this turn.\n|inactive|joguri has 15 seconds left.\n|\n|t:|1776411268\n|move|p1a: Gengar|Destiny Bond|p1a: Gengar\n|-singlemove|p1a: Gengar|Destiny Bond\n|move|p2a: Hippowdon|Earthquake|p1a: Gengar\n|-supereffective|p1a: Gengar|1\n|-damage|p1a: Gengar|0 fnt\n|faint|p1a: Gengar\n|-activate|p1a: Gengar|move: Destiny Bond\n|faint|p2a: Hippowdon\n|\n|win|joguri\n|raw|Auraguardian6's rating: 1116 &rarr; <strong>1100</strong><br />(-16 for losing)\n|raw|joguri's rating: 1240 &rarr; <strong>1256</strong><br />(+16 for winning)\n|l|\u2606Auraguardian6\n|player|p1|\n",
  "uploadtime": 1776411276,
  "views": 9,
  "formatid": "gen9championsbssregma",
  "rating": 1100,
  "private": 0,
  "password": null
}