{
  "id": "gen9championsbssregma-2584256283",
  "format": "[Gen 9 Champions] BSS Reg M-A",
  "players": [
    "tklll",
    "rrrrrrrrrrrre"
  ],
  "log": "|j|\u2606tklll\n|j|\u2606rrrrrrrrrrrre\n|t:|1776243905\n|gametype|singles\n|player|p1|tklll|dragontamer|1391\n|player|p2|rrrrrrrrrrrre|hilbert|1272\n|gen|9\n|tier|[Gen 9 Champions] BSS Reg M-A\n|rated|\n|rule|Species Clause: Limit one of each Pok\u00e9mon\n|rule|Item Clause: Limit 1 of each item\n|clearpoke\n|poke|p1|Lopunny, L50, F|\n|poke|p1|Meganium, L50, M|\n|poke|p1|Delphox, L50, M|\n|poke|p1|Ninetales-Alola, L50, M|\n|poke|p1|Archaludon, L50, M|\n|poke|p1|Espathra, L50, M|\n|poke|p2|Garchomp, L50, M|\n|poke|p2|Delphox, L50, F|\n|poke|p2|Corviknight, L50, M|\n|poke|p2|Gyarados, L50, F|\n|poke|p2|Greninja-*, L50, F|\n|poke|p2|Jolteon, L50, F|\n|teampreview|3\n|inactive|Battle timer is ON: inactive players will automatically lose when time's up. (requested by rrrrrrrrrrrre)\n|inactive|rrrrrrrrrrrre has 60 seconds left.\n|\n|t:|1776243963\n|teamsize|p1|3\n|teamsize|p2|3\n|start\n|switch|p1a: Espathra|Espathra, L50, M|100/100\n|switch|p2a: Greninja|Greninja, L50, F|100/100\n|turn|1\n|\n|t:|1776243971\n|move|p1a: Espathra|Protect|p1a: Espathra\n|-singleturn|p1a: Espathra|Protect\n|move|p2a: Greninja|Dark Pulse|p1a: Espathra\n|-start|p2a: Greninja|typechange|Dark|[from] ability: Protean\n|-activate|p1a: Espathra|move: Protect\n|\n|-ability|p1a: Espathra|Speed Boost|boost\n|-boost|p1a: Espathra|spe|1\n|upkeep\n|turn|2\n|\n|t:|1776243980\n|move|p2a: Greninja|Dark Pulse|p1a: Espathra\n|-supereffective|p1a: Espathra|1\n|-enditem|p1a: Espathra|Focus Sash\n|-damage|p1a: Espathra|1/100\n|move|p1a: Espathra|Baton Pass|p1a: Espathra\n|\n|t:|1776243985\n|switch|p1a: Ninetales|Ninetales-Alola, L50, M|100/100|[from] Baton Pass\n|-weather|Snowscape|[from] ability: Snow Warning|[of] p1a: Ninetales\n|\n|-weather|Snowscape|[upkeep]\n|upkeep\n|turn|3\n|\n|t:|1776243997\n|switch|p2a: Delphox|Delphox, L50, F|100/100\n|move|p1a: Ninetales|Calm Mind|p1a: Ninetales\n|-boost|p1a: Ninetales|spa|1\n|-boost|p1a: Ninetales|spd|1\n|\n|-weather|Snowscape|[upkeep]\n|upkeep\n|turn|4\n|j| p74\n|\n|t:|1776244011\n|detailschange|p2a: Delphox|Delphox-Mega, L50, F\n|-mega|p2a: Delphox|Delphox|Delphoxite\n|move|p1a: Ninetales|Baton Pass|p1a: Ninetales\n|\n|t:|1776244013\n|switch|p1a: Delphox|Delphox, L50, M|100/100|[from] Baton Pass\n|move|p2a: Delphox|Fire Blast|p1a: Delphox\n|-resisted|p1a: Delphox|1\n|-damage|p1a: Delphox|78/100\n|\n|-weather|Snowscape|[upkeep]\n|upkeep\n|turn|5\n|inactive|rrrrrrrrrrrre has 30 seconds left.\n|\n|t:|1776244041\n|detailschange|p1a: Delphox|Delphox-Mega, L50, M\n|-mega|p1a: Delphox|Delphox|Delphoxite\n|move|p1a: Delphox|Nasty Plot|p1a: Delphox\n|-boost|p1a: Delphox|spa|2\n|move|p2a: Delphox|Psyshock|p1a: Delphox\n|-resisted|p1a: Delphox|1\n|-damage|p1a: Delphox|50/100\n|\n|-weather|Snowscape|[upkeep]\n|upkeep\n|turn|6\n|\n|t:|1776244051\n|move|p1a: Delphox|Flamethrower|p2a: Delphox\n|-resisted|p2a: Delphox|1\n|-damage|p2a: Delphox|42/100\n|move|p2a: Delphox|Psyshock|p1a: Delphox\n|-resisted|p1a: Delphox|1\n|-damage|p1a: Delphox|17/100\n|\n|-weather|none\n|upkeep\n|turn|7\n|\n|t:|1776244059\n|move|p1a: Delphox|Flamethrower|p2a: Delphox\n|-resisted|p2a: Delphox|1\n|-damage|p2a: Delphox|0 fnt\n|faint|p2a: Delphox\n|\n|upkeep\n|\n|t:|1776244062\n|switch|p2a: Greninja|Greninja, L50, F|100/100\n|turn|8\n|\n|t:|1776244069\n|move|p1a: Delphox|Dazzling Gleam|p2a: Greninja\n|-supereffective|p2a: Greninja|1\n|-damage|p2a: Greninja|0 fnt\n|faint|p2a: Greninja\n|\n|upkeep\n|-message|rrrrrrrrrrrre forfeited.\n|\n|win|tklll\n|raw|tklll's rating: 1391 &rarr; <strong>1404</strong><br />(+13 for winning)\n|raw|rrrrrrrrrrrre's rating: 1272 &rarr; <strong>1255</strong><br />(-17 for losing)\n|l|\u2606rrrrrrrrrrrre\n|player|p2|\n|l|\u2606tklll\n|player|p1|\n",
  "uploadtime": 1776244114,
  "views": 6,
  "formatid": "gen9championsbssregma",
  "rating": 1255,
  "private": 0,
  "password": null
}