{
  "id": "gen9championsbssregma-2587257779",
  "format": "[Gen 9 Champions] BSS Reg M-A",
  "players": [
    "Keyan_Sans",
    "6-zinnia"
  ],
  "log": "|j|\u2606Keyan_Sans\n|j|\u26066-zinnia\n|t:|1776515294\n|gametype|singles\n|player|p1|Keyan_Sans|hugh|1175\n|player|p2|6-zinnia|2|1269\n|gen|9\n|tier|[Gen 9 Champions] BSS Reg M-A\n|rated|\n|rule|Species Clause: Limit one of each Pok\u00e9mon\n|rule|Item Clause: Limit 1 of each item\n|clearpoke\n|poke|p1|Gyarados, L50, M|\n|poke|p1|Aegislash, L50, F|\n|poke|p1|Garchomp, L50, F|\n|poke|p1|Meowscarada, L50, M|\n|poke|p1|Gengar, L50, M|\n|poke|p1|Primarina, L50, F|\n|poke|p2|Starmie, L50|\n|poke|p2|Corviknight, L50, M|\n|poke|p2|Floette-Eternal, L50, F|\n|poke|p2|Toxapex, L50, M|\n|poke|p2|Diggersby, L50, F|\n|poke|p2|Dragapult, L50, F|\n|teampreview|3\n|inactive|Battle timer is ON: inactive players will automatically lose when time's up. (requested by Keyan_Sans)\n|inactive|Keyan_Sans has 60 seconds left.\n|\n|t:|1776515328\n|teamsize|p1|3\n|teamsize|p2|3\n|start\n|switch|p1a: Meowscarada|Meowscarada, L50, M|100/100\n|switch|p2a: Starmie|Starmie, L50|100/100\n|turn|1\n|\n|t:|1776515331\n|switch|p2a: Corviknight|Corviknight, L50, M|100/100\n|-ability|p2a: Corviknight|Pressure\n|move|p1a: Meowscarada|U-turn|p2a: Corviknight\n|-start|p1a: Meowscarada|typechange|Bug|[from] ability: Protean\n|-resisted|p2a: Corviknight|2\n|-damage|p2a: Corviknight|96/100\n|\n|t:|1776515334\n|switch|p1a: Gengar|Gengar, L50, M|100/100|[from] U-turn\n|\n|-heal|p2a: Corviknight|100/100|[from] item: Leftovers\n|upkeep\n|turn|2\n|\n|t:|1776515344\n|switch|p2a: Diggersby|Diggersby, L50, F|100/100\n|detailschange|p1a: Gengar|Gengar-Mega, L50, M\n|-mega|p1a: Gengar|Gengar|Gengarite\n|move|p1a: Gengar|Substitute|p1a: Gengar\n|-start|p1a: Gengar|Substitute\n|-damage|p1a: Gengar|76/100\n|\n|upkeep\n|turn|3\n|\n|t:|1776515352\n|move|p2a: Diggersby|Earthquake|p1a: Gengar\n|-supereffective|p1a: Gengar|1\n|-end|p1a: Gengar|Substitute\n|move|p1a: Gengar|Focus Blast|p2a: Diggersby\n|-supereffective|p2a: Diggersby|1\n|-damage|p2a: Diggersby|0 fnt\n|faint|p2a: Diggersby\n|\n|upkeep\n|\n|t:|1776515356\n|switch|p2a: Starmie|Starmie, L50|100/100\n|turn|4\n|\n|t:|1776515361\n|switch|p1a: Meowscarada|Meowscarada, L50, M|100/100\n|detailschange|p2a: Starmie|Starmie-Mega, L50\n|-mega|p2a: Starmie|Starmie|Starminite\n|move|p2a: Starmie|Liquidation|p1a: Meowscarada\n|-resisted|p1a: Meowscarada|1\n|-damage|p1a: Meowscarada|41/100\n|-unboost|p1a: Meowscarada|def|1\n|\n|upkeep\n|turn|5\n|\n|t:|1776515365\n|switch|p2a: Corviknight|Corviknight, L50, M|100/100\n|-ability|p2a: Corviknight|Pressure\n|move|p1a: Meowscarada|U-turn|p2a: Corviknight\n|-start|p1a: Meowscarada|typechange|Bug|[from] ability: Protean\n|-resisted|p2a: Corviknight|2\n|-damage|p2a: Corviknight|96/100\n|\n|t:|1776515370\n|switch|p1a: Gengar|Gengar-Mega, L50, M|76/100|[from] U-turn\n|\n|-heal|p2a: Corviknight|100/100|[from] item: Leftovers\n|upkeep\n|turn|6\n|\n|t:|1776515372\n|move|p1a: Gengar|Substitute|p1a: Gengar\n|-start|p1a: Gengar|Substitute\n|-damage|p1a: Gengar|52/100\n|move|p2a: Corviknight|U-turn|p1a: Gengar\n|-resisted|p1a: Gengar|2\n|-activate|p1a: Gengar|move: Substitute|[damage]\n|\n|t:|1776515374\n|switch|p2a: Starmie|Starmie-Mega, L50|100/100|[from] U-turn\n|\n|upkeep\n|turn|7\n|\n|t:|1776515377\n|move|p1a: Gengar|Shadow Ball|p2a: Starmie\n|-supereffective|p2a: Starmie|1\n|-damage|p2a: Starmie|0 fnt\n|faint|p2a: Starmie\n|\n|upkeep\n|c|\u2606Keyan_Sans|Gg\n|-message|6-zinnia forfeited.\n|\n|win|Keyan_Sans\n|raw|Keyan_Sans's rating: 1175 &rarr; <strong>1207</strong><br />(+32 for winning)\n|raw|6-zinnia's rating: 1269 &rarr; <strong>1237</strong><br />(-32 for losing)\n|l|\u26066-zinnia\n|player|p2|\n",
  "uploadtime": 1776515384,
  "views": 8,
  "formatid": "gen9championsbssregma",
  "rating": 1207,
  "private": 0,
  "password": null
}