{
  "id": "gen9championsbssregma-2580301844",
  "format": "[Gen 9 Champions] BSS Reg M-A",
  "players": [
    "De Axl",
    "Tobli"
  ],
  "log": "|j|\u2606De Axl\n|j|\u2606Tobli\n|t:|1775877865\n|gametype|singles\n|player|p1|De Axl|richboy-gen4|1083\n|player|p2|Tobli|richboy|1000\n|gen|9\n|tier|[Gen 9 Champions] BSS Reg M-A\n|rated|\n|rule|Species Clause: Limit one of each Pok\u00e9mon\n|rule|Item Clause: Limit 1 of each item\n|clearpoke\n|poke|p1|Gyarados, L50, F|\n|poke|p1|Chesnaught, L50, M|\n|poke|p1|Chandelure, L50, M|\n|poke|p1|Weavile, L50, M|\n|poke|p1|Excadrill, L50, M|\n|poke|p1|Maushold-Four, L50|\n|poke|p2|Scovillain, L50, M|\n|poke|p2|Whimsicott, L50, M|\n|poke|p2|Appletun, L50, M|\n|poke|p2|Leafeon, L50, F|\n|poke|p2|Serperior, L50, M|\n|poke|p2|Hydrapple, L50, M|\n|teampreview|3\n|inactive|Battle timer is ON: inactive players will automatically lose when time's up. (requested by De Axl)\n|\n|t:|1775877879\n|teamsize|p1|3\n|teamsize|p2|3\n|start\n|switch|p1a: Maushold|Maushold-Four, L50|100/100\n|switch|p2a: Scovillain|Scovillain, L50, M|100/100\n|turn|1\n|\n|t:|1775877888\n|detailschange|p2a: Scovillain|Scovillain-Mega, L50, M\n|-mega|p2a: Scovillain|Scovillain|Scovillainite\n|move|p1a: Maushold|Tidy Up|p1a: Maushold\n|-boost|p1a: Maushold|atk|1\n|-boost|p1a: Maushold|spe|1\n|move|p2a: Scovillain|Trailblaze|p1a: Maushold\n|-damage|p1a: Maushold|70/100\n|-boost|p2a: Scovillain|spe|1\n|\n|upkeep\n|turn|2\n|\n|t:|1775877899\n|move|p1a: Maushold|Population Bomb|p2a: Scovillain\n|-damage|p2a: Scovillain|81/100\n|-status|p1a: Maushold|brn|[from] ability: Spicy Spray|[of] p2a: Scovillain\n|-damage|p2a: Scovillain|72/100\n|-damage|p2a: Scovillain|63/100\n|-crit|p2a: Scovillain\n|-damage|p2a: Scovillain|48/100\n|-hitcount|p2a: Scovillain|4\n|move|p2a: Scovillain|Trailblaze|p1a: Maushold\n|-damage|p1a: Maushold|39/100 brn\n|-boost|p2a: Scovillain|spe|1\n|\n|-damage|p1a: Maushold|33/100 brn|[from] brn\n|upkeep\n|turn|3\n|\n|t:|1775877914\n|move|p2a: Scovillain|Giga Drain|p1a: Maushold\n|-damage|p1a: Maushold|0 fnt\n|-heal|p2a: Scovillain|63/100|[from] drain|[of] p1a: Maushold\n|faint|p1a: Maushold\n|\n|upkeep\n|\n|t:|1775877920\n|switch|p1a: Weavile|Weavile, L50, M|100/100\n|-ability|p1a: Weavile|Pressure\n|turn|4\n|\n|t:|1775877924\n|move|p2a: Scovillain|Substitute|p2a: Scovillain\n|-start|p2a: Scovillain|Substitute\n|-damage|p2a: Scovillain|38/100\n|move|p1a: Weavile|Triple Axel|p2a: Scovillain\n|-activate|p2a: Scovillain|move: Substitute|[damage]\n|-hitcount|p2a: Scovillain|1\n|\n|upkeep\n|turn|5\n|\n|t:|1775877935\n|move|p2a: Scovillain|Flamethrower|p1a: Weavile\n|-supereffective|p1a: Weavile|1\n|-damage|p1a: Weavile|0 fnt\n|faint|p1a: Weavile\n|\n|upkeep\n|\n|t:|1775877939\n|switch|p1a: Chandelure|Chandelure, L50, M|100/100\n|turn|6\n|\n|t:|1775877945\n|detailschange|p1a: Chandelure|Chandelure-Mega, L50, M\n|-mega|p1a: Chandelure|Chandelure|Chandelurite\n|move|p2a: Scovillain|Giga Drain|p1a: Chandelure\n|-resisted|p1a: Chandelure|1\n|-damage|p1a: Chandelure|80/100\n|-heal|p2a: Scovillain|46/100|[from] drain|[of] p1a: Chandelure\n|move|p1a: Chandelure|Shadow Ball|p2a: Scovillain\n|-crit|p2a: Scovillain\n|-damage|p2a: Scovillain|0 fnt\n|-immune|p1a: Chandelure\n|faint|p2a: Scovillain\n|\n|upkeep\n|\n|t:|1775877955\n|switch|p2a: Appletun|Appletun, L50, M|100/100\n|turn|7\n|\n|t:|1775877961\n|move|p1a: Chandelure|Shadow Ball|p2a: Appletun\n|-damage|p2a: Appletun|51/100\n|move|p2a: Appletun|Leech Seed|p1a: Chandelure\n|-start|p1a: Chandelure|move: Leech Seed\n|\n|-damage|p1a: Chandelure|69/100|[from] Leech Seed|[of] p2a: Appletun\n|-heal|p2a: Appletun|58/100|[silent]\n|upkeep\n|turn|8\n|\n|t:|1775877968\n|move|p1a: Chandelure|Shadow Ball|p2a: Appletun\n|-crit|p2a: Appletun\n|-damage|p2a: Appletun|0 fnt\n|faint|p2a: Appletun\n|\n|upkeep\n|\n|t:|1775877971\n|switch|p2a: Whimsicott|Whimsicott, L50, M|100/100\n|turn|9\n|\n|t:|1775877974\n|move|p2a: Whimsicott|Substitute|p2a: Whimsicott\n|-start|p2a: Whimsicott|Substitute\n|-damage|p2a: Whimsicott|76/100\n|move|p1a: Chandelure|Flamethrower|p2a: Whimsicott\n|-supereffective|p2a: Whimsicott|1\n|-damage|p2a: Whimsicott|0 fnt\n|faint|p2a: Whimsicott\n|\n|win|De Axl\n|raw|De Axl's rating: 1083 &rarr; <strong>1104</strong><br />(+21 for winning)\n|raw|Tobli's rating: 1000 &rarr; <strong>1000</strong><br />(+0 for losing)\n",
  "uploadtime": 1775877998,
  "views": 23,
  "formatid": "gen9championsbssregma",
  "rating": 1000,
  "private": 0,
  "password": null
}