{
  "id": "gen9championsbssregma-2581337354",
  "format": "[Gen 9 Champions] BSS Reg M-A",
  "players": [
    "pacmaster000",
    "skylsh6080"
  ],
  "log": "|j|\u2606pacmaster000\n|j|\u2606skylsh6080\n|t:|1775988520\n|gametype|singles\n|player|p1|pacmaster000|scientist-gen4dp|1000\n|player|p2|skylsh6080|lucas|1013\n|gen|9\n|tier|[Gen 9 Champions] BSS Reg M-A\n|rated|\n|rule|Species Clause: Limit one of each Pok\u00e9mon\n|rule|Item Clause: Limit 1 of each item\n|clearpoke\n|poke|p1|Ninetales-Alola, L50, F|\n|poke|p1|Froslass, L50, F|\n|poke|p1|Rotom-Wash, L50|\n|poke|p1|Garchomp, L50, M|\n|poke|p1|Kingambit, L50, M|\n|poke|p1|Mimikyu, L50, F|\n|poke|p2|Aegislash, L50, M|\n|poke|p2|Skarmory, L50, M|\n|poke|p2|Primarina, L50, F|\n|poke|p2|Gengar, L50, M|\n|poke|p2|Rotom-Wash, L50|\n|poke|p2|Garchomp, L50, F|\n|teampreview|3\n|\n|t:|1775988558\n|teamsize|p1|3\n|teamsize|p2|3\n|start\n|switch|p1a: Rotom|Rotom-Wash, L50|100/100\n|switch|p2a: Garchomp|Garchomp, L50, F, shiny|100/100\n|turn|1\n|inactive|Battle timer is ON: inactive players will automatically lose when time's up. (requested by skylsh6080)\n|\n|t:|1775988568\n|move|p2a: Garchomp|Scale Shot|p1a: Rotom\n|-damage|p1a: Rotom|88/100\n|-damage|p1a: Rotom|76/100\n|-damage|p1a: Rotom|64/100\n|-damage|p1a: Rotom|52/100\n|-hitcount|p1a: Rotom|4\n|-unboost|p2a: Garchomp|def|1\n|-boost|p2a: Garchomp|spe|1\n|move|p1a: Rotom|Will-O-Wisp|p2a: Garchomp\n|-status|p2a: Garchomp|brn\n|\n|-heal|p1a: Rotom|58/100|[from] item: Leftovers\n|-damage|p2a: Garchomp|95/100 brn|[from] brn\n|upkeep\n|turn|2\n|\n|t:|1775988582\n|move|p1a: Rotom|Protect|p1a: Rotom\n|-singleturn|p1a: Rotom|Protect\n|move|p2a: Garchomp|Scale Shot|p1a: Rotom\n|-activate|p1a: Rotom|move: Protect\n|\n|-heal|p1a: Rotom|64/100|[from] item: Leftovers\n|-damage|p2a: Garchomp|89/100 brn|[from] brn\n|upkeep\n|turn|3\n|\n|t:|1775988589\n|move|p2a: Garchomp|Scale Shot|p1a: Rotom\n|-damage|p1a: Rotom|58/100\n|-damage|p1a: Rotom|52/100\n|-damage|p1a: Rotom|46/100\n|-hitcount|p1a: Rotom|3\n|-unboost|p2a: Garchomp|def|1\n|-boost|p2a: Garchomp|spe|1\n|move|p1a: Rotom|Hydro Pump|p2a: Garchomp\n|-damage|p2a: Garchomp|42/100 brn\n|\n|-heal|p1a: Rotom|52/100|[from] item: Leftovers\n|-damage|p2a: Garchomp|36/100 brn|[from] brn\n|upkeep\n|turn|4\n|\n|t:|1775988602\n|move|p2a: Garchomp|Swords Dance|p2a: Garchomp\n|-boost|p2a: Garchomp|atk|2\n|move|p1a: Rotom|Hydro Pump|p2a: Garchomp\n|-damage|p2a: Garchomp|0 fnt\n|faint|p2a: Garchomp\n|\n|-heal|p1a: Rotom|58/100|[from] item: Leftovers\n|upkeep\n|\n|t:|1775988614\n|switch|p2a: Aegislash|Aegislash, L50, M, shiny|100/100\n|turn|5\n|\n|t:|1775988618\n|move|p1a: Rotom|Will-O-Wisp|p2a: Aegislash|[miss]\n|-miss|p1a: Rotom|p2a: Aegislash\n|-formechange|p2a: Aegislash|Aegislash-Blade|\n|move|p2a: Aegislash|Shadow Ball|p1a: Rotom\n|-damage|p1a: Rotom|9/100\n|-unboost|p1a: Rotom|spd|1\n|\n|-heal|p1a: Rotom|15/100|[from] item: Leftovers\n|upkeep\n|turn|6\n|\n|t:|1775988628\n|move|p1a: Rotom|Protect|p1a: Rotom\n|-singleturn|p1a: Rotom|Protect\n|move|p2a: Aegislash|Shadow Ball|p1a: Rotom\n|-activate|p1a: Rotom|move: Protect\n|\n|-heal|p1a: Rotom|21/100|[from] item: Leftovers\n|upkeep\n|turn|7\n|\n|t:|1775988637\n|move|p1a: Rotom|Volt Switch|p2a: Aegislash\n|-damage|p2a: Aegislash|51/100\n|\n|t:|1775988640\n|switch|p1a: Kingambit|Kingambit, L50, M|100/100|[from] Volt Switch\n|move|p2a: Aegislash|Shadow Ball|p1a: Kingambit\n|-resisted|p1a: Kingambit|1\n|-damage|p1a: Kingambit|78/100\n|\n|-heal|p2a: Aegislash|57/100|[from] item: Leftovers\n|upkeep\n|turn|8\n|\n|t:|1775988648\n|-formechange|p2a: Aegislash|Aegislash|\n|move|p2a: Aegislash|King's Shield|p2a: Aegislash\n|-singleturn|p2a: Aegislash|Protect\n|move|p1a: Kingambit|Sucker Punch||[still]\n|-fail|p1a: Kingambit\n|\n|-heal|p2a: Aegislash|63/100|[from] item: Leftovers\n|upkeep\n|turn|9\n|\n|t:|1775988663\n|switch|p2a: Skarmory|Skarmory, L50, M|100/100\n|move|p1a: Kingambit|Kowtow Cleave|p2a: Skarmory\n|-damage|p2a: Skarmory|43/100\n|-ability|p2a: Skarmory|Weak Armor|boost\n|-unboost|p2a: Skarmory|def|1\n|-boost|p2a: Skarmory|spe|2\n|\n|upkeep\n|turn|10\n|\n|t:|1775988678\n|detailschange|p2a: Skarmory|Skarmory-Mega, L50, M\n|-mega|p2a: Skarmory|Skarmory|Skarmorite\n|move|p2a: Skarmory|Iron Head|p1a: Kingambit\n|-resisted|p1a: Kingambit|1\n|-damage|p1a: Kingambit|62/100\n|move|p1a: Kingambit|Kowtow Cleave|p2a: Skarmory\n|-damage|p2a: Skarmory|0 fnt\n|faint|p2a: Skarmory\n|\n|upkeep\n|l|\u2606skylsh6080\n|inactive|skylsh6080 disconnected and has a minute to reconnect!\n|player|p2|\n|inactive|skylsh6080 has 30 seconds left.\n|inactive|skylsh6080 has 20 seconds left.\n|inactive|skylsh6080 has 15 seconds left.\n|inactive|skylsh6080 has 10 seconds left.\n|inactive|skylsh6080 has 5 seconds left.\n|-message|skylsh6080 lost due to inactivity.\n|\n|win|pacmaster000\n|raw|pacmaster000's rating: 1000 &rarr; <strong>1041</strong><br />(+41 for winning)\n|raw|skylsh6080's rating: 1013 &rarr; <strong>1001</strong><br />(-12 for losing)\n",
  "uploadtime": 1775988736,
  "views": 11,
  "formatid": "gen9championsbssregma",
  "rating": 1001,
  "private": 0,
  "password": null
}