{
  "id": "gen9championsbssregma-2581638637",
  "format": "[Gen 9 Champions] BSS Reg M-A",
  "players": [
    "yukd-\u30eb\u30a2\u30c9",
    "DBest04"
  ],
  "log": "|j|\u2606yukd-\u30eb\u30a2\u30c9\n|j|\u2606DBest04\n|t:|1776017084\n|gametype|singles\n|player|p1|yukd-\u30eb\u30a2\u30c9|lyra|1144\n|player|p2|DBest04|265|1054\n|gen|9\n|tier|[Gen 9 Champions] BSS Reg M-A\n|rated|\n|rule|Species Clause: Limit one of each Pok\u00e9mon\n|rule|Item Clause: Limit 1 of each item\n|clearpoke\n|poke|p1|Audino, L50, F|\n|poke|p1|Kleavor, L50, F|\n|poke|p1|Floette-Eternal, L50, F|\n|poke|p1|Snorlax, L50, F|\n|poke|p1|Vivillon-River, L50, F|\n|poke|p1|Araquanid, L50, F|\n|poke|p2|Kingambit, L50, M|\n|poke|p2|Dragonite, L50, M|\n|poke|p2|Glimmora, L50, F|\n|poke|p2|Quaquaval, L50, M|\n|poke|p2|Altaria, L50, F|\n|poke|p2|Goodra-Hisui, L50, F|\n|teampreview|3\n|inactive|Battle timer is ON: inactive players will automatically lose when time's up. (requested by DBest04)\n|\n|t:|1776017103\n|teamsize|p1|3\n|teamsize|p2|3\n|start\n|switch|p1a: Kleavor|Kleavor, L50, F|100/100\n|switch|p2a: Glimmora|Glimmora, L50, F, shiny|100/100\n|turn|1\n|\n|t:|1776017113\n|switch|p1a: Vivillon|Vivillon-River, L50, F|100/100\n|move|p2a: Glimmora|Earth Power|p1a: Vivillon\n|-immune|p1a: Vivillon\n|\n|upkeep\n|turn|2\n|\n|t:|1776017121\n|switch|p2a: Goodra|Goodra-Hisui, L50, F, shiny|100/100\n|move|p1a: Vivillon|Sleep Powder|p2a: Goodra\n|-status|p2a: Goodra|slp|[from] move: Sleep Powder\n|\n|upkeep\n|turn|3\n|\n|t:|1776017131\n|move|p1a: Vivillon|Quiver Dance|p1a: Vivillon\n|-boost|p1a: Vivillon|spa|1\n|-boost|p1a: Vivillon|spd|1\n|-boost|p1a: Vivillon|spe|1\n|cant|p2a: Goodra|slp\n|\n|upkeep\n|turn|4\n|\n|t:|1776017145\n|switch|p2a: Quaquaval|Quaquaval, L50, M|100/100\n|move|p1a: Vivillon|Substitute|p1a: Vivillon\n|-start|p1a: Vivillon|Substitute\n|-damage|p1a: Vivillon|76/100\n|\n|-heal|p1a: Vivillon|81/100|[from] item: Leftovers\n|upkeep\n|turn|5\n|\n|t:|1776017157\n|move|p1a: Vivillon|Sleep Powder|p2a: Quaquaval\n|-status|p2a: Quaquaval|slp|[from] move: Sleep Powder\n|cant|p2a: Quaquaval|slp\n|\n|-heal|p1a: Vivillon|87/100|[from] item: Leftovers\n|upkeep\n|turn|6\n|\n|t:|1776017166\n|move|p1a: Vivillon|Quiver Dance|p1a: Vivillon\n|-boost|p1a: Vivillon|spa|1\n|-boost|p1a: Vivillon|spd|1\n|-boost|p1a: Vivillon|spe|1\n|cant|p2a: Quaquaval|slp\n|\n|-heal|p1a: Vivillon|93/100|[from] item: Leftovers\n|upkeep\n|turn|7\n|\n|t:|1776017175\n|move|p1a: Vivillon|Hurricane|p2a: Quaquaval\n|-supereffective|p2a: Quaquaval|1\n|-damage|p2a: Quaquaval|0 fnt\n|faint|p2a: Quaquaval\n|\n|-heal|p1a: Vivillon|99/100|[from] item: Leftovers\n|upkeep\n|c|\u2606DBest04|No sleep clause this is a good strat\n|c|\u2606DBest04|GG\n|\n|t:|1776017196\n|switch|p2a: Goodra|Goodra-Hisui, L50, F, shiny|100/100 slp\n|turn|8\n|\n|t:|1776017204\n|move|p1a: Vivillon|Hurricane|p2a: Goodra\n|-resisted|p2a: Goodra|1\n|-damage|p2a: Goodra|79/100 slp\n|cant|p2a: Goodra|slp\n|\n|-heal|p1a: Vivillon|100/100|[from] item: Leftovers\n|-heal|p2a: Goodra|85/100 slp|[from] item: Leftovers\n|upkeep\n|turn|9\n|\n|t:|1776017213\n|move|p1a: Vivillon|Quiver Dance|p1a: Vivillon\n|-boost|p1a: Vivillon|spa|1\n|-boost|p1a: Vivillon|spd|1\n|-boost|p1a: Vivillon|spe|1\n|-curestatus|p2a: Goodra|slp|[msg]\n|move|p2a: Goodra|Knock Off|p1a: Vivillon\n|-end|p1a: Vivillon|Substitute\n|\n|-heal|p2a: Goodra|91/100|[from] item: Leftovers\n|upkeep\n|turn|10\n|\n|t:|1776017224\n|move|p1a: Vivillon|Sleep Powder|p2a: Goodra\n|-status|p2a: Goodra|slp|[from] move: Sleep Powder\n|cant|p2a: Goodra|slp\n|\n|-heal|p2a: Goodra|97/100 slp|[from] item: Leftovers\n|upkeep\n|turn|11\n|\n|t:|1776017233\n|move|p1a: Vivillon|Substitute|p1a: Vivillon\n|-start|p1a: Vivillon|Substitute\n|-damage|p1a: Vivillon|76/100\n|cant|p2a: Goodra|slp\n|\n|-heal|p1a: Vivillon|81/100|[from] item: Leftovers\n|-heal|p2a: Goodra|100/100 slp|[from] item: Leftovers\n|upkeep\n|turn|12\n|\n|t:|1776017242\n|move|p1a: Vivillon|Hurricane|p2a: Goodra\n|-resisted|p2a: Goodra|1\n|-damage|p2a: Goodra|74/100 slp\n|-curestatus|p2a: Goodra|slp|[msg]\n|move|p2a: Goodra|Curse|p2a: Goodra\n|-unboost|p2a: Goodra|spe|1\n|-boost|p2a: Goodra|atk|1\n|-boost|p2a: Goodra|def|1\n|\n|-heal|p1a: Vivillon|87/100|[from] item: Leftovers\n|-heal|p2a: Goodra|80/100|[from] item: Leftovers\n|upkeep\n|turn|13\n|\n|t:|1776017254\n|move|p1a: Vivillon|Hurricane|p2a: Goodra\n|-resisted|p2a: Goodra|1\n|-damage|p2a: Goodra|53/100\n|move|p2a: Goodra|Curse|p2a: Goodra\n|-unboost|p2a: Goodra|spe|1\n|-boost|p2a: Goodra|atk|1\n|-boost|p2a: Goodra|def|1\n|\n|-heal|p1a: Vivillon|93/100|[from] item: Leftovers\n|-heal|p2a: Goodra|59/100|[from] item: Leftovers\n|upkeep\n|turn|14\n|\n|t:|1776017266\n|move|p1a: Vivillon|Sleep Powder|p2a: Goodra\n|-status|p2a: Goodra|slp|[from] move: Sleep Powder\n|cant|p2a: Goodra|slp\n|\n|-heal|p1a: Vivillon|99/100|[from] item: Leftovers\n|-heal|p2a: Goodra|65/100 slp|[from] item: Leftovers\n|upkeep\n|turn|15\n|\n|t:|1776017275\n|move|p1a: Vivillon|Hurricane|p2a: Goodra\n|-resisted|p2a: Goodra|1\n|-damage|p2a: Goodra|34/100 slp\n|cant|p2a: Goodra|slp\n|\n|-heal|p1a: Vivillon|100/100|[from] item: Leftovers\n|-heal|p2a: Goodra|40/100 slp|[from] item: Leftovers\n|upkeep\n|turn|16\n|\n|t:|1776017285\n|move|p1a: Vivillon|Hurricane|p2a: Goodra\n|-resisted|p2a: Goodra|1\n|-damage|p2a: Goodra|11/100 slp\n|-curestatus|p2a: Goodra|slp|[msg]\n|move|p2a: Goodra|Rest|p2a: Goodra\n|-status|p2a: Goodra|slp|[from] move: Rest\n|-heal|p2a: Goodra|100/100 slp|[silent]\n|\n|upkeep\n|turn|17\n|\n|t:|1776017295\n|move|p1a: Vivillon|Quiver Dance|p1a: Vivillon\n|-boost|p1a: Vivillon|spa|1\n|-boost|p1a: Vivillon|spd|1\n|-boost|p1a: Vivillon|spe|1\n|cant|p2a: Goodra|slp\n|\n|upkeep\n|turn|18\n|\n|t:|1776017302\n|move|p1a: Vivillon|Quiver Dance|p1a: Vivillon\n|-boost|p1a: Vivillon|spa|1\n|-boost|p1a: Vivillon|spd|1\n|-boost|p1a: Vivillon|spe|1\n|cant|p2a: Goodra|slp\n|\n|upkeep\n|turn|19\n|\n|t:|1776017312\n|move|p1a: Vivillon|Quiver Dance|p1a: Vivillon\n|-boost|p1a: Vivillon|spa|1\n|-boost|p1a: Vivillon|spd|1\n|-boost|p1a: Vivillon|spe|1\n|-curestatus|p2a: Goodra|slp|[msg]\n|move|p2a: Goodra|Knock Off|p1a: Vivillon\n|-end|p1a: Vivillon|Substitute\n|\n|upkeep\n|turn|20\n|\n|t:|1776017321\n|move|p1a: Vivillon|Sleep Powder|p2a: Goodra\n|-status|p2a: Goodra|slp|[from] move: Sleep Powder\n|cant|p2a: Goodra|slp\n|\n|upkeep\n|turn|21\n|\n|t:|1776017328\n|move|p1a: Vivillon|Hurricane|p2a: Goodra\n|-resisted|p2a: Goodra|1\n|-damage|p2a: Goodra|52/100 slp\n|-start|p2a: Goodra|confusion\n|cant|p2a: Goodra|slp\n|\n|-heal|p2a: Goodra|58/100 slp|[from] item: Leftovers\n|upkeep\n|turn|22\n|\n|t:|1776017337\n|move|p1a: Vivillon|Hurricane|p2a: Goodra\n|-resisted|p2a: Goodra|1\n|-damage|p2a: Goodra|12/100 slp\n|-curestatus|p2a: Goodra|slp|[msg]\n|-activate|p2a: Goodra|confusion\n|move|p2a: Goodra|Knock Off|p1a: Vivillon\n|-damage|p1a: Vivillon|12/100\n|-enditem|p1a: Vivillon|Leftovers|[from] move: Knock Off|[of] p2a: Goodra\n|\n|-heal|p2a: Goodra|18/100|[from] item: Leftovers\n|upkeep\n|turn|23\n|\n|t:|1776017349\n|move|p1a: Vivillon|Hurricane|p2a: Goodra\n|-resisted|p2a: Goodra|1\n|-damage|p2a: Goodra|0 fnt\n|faint|p2a: Goodra\n|\n|upkeep\n|\n|t:|1776017351\n|switch|p2a: Glimmora|Glimmora, L50, F, shiny|100/100\n|turn|24\n|\n|t:|1776017357\n|move|p1a: Vivillon|Hurricane|p2a: Glimmora\n|-resisted|p2a: Glimmora|1\n|-damage|p2a: Glimmora|0 fnt\n|faint|p2a: Glimmora\n|\n|win|yukd-\u30eb\u30a2\u30c9\n|raw|yukd-\u30eb\u30a2\u30c9's rating: 1144 &rarr; <strong>1163</strong><br />(+19 for winning)\n|raw|DBest04's rating: 1054 &rarr; <strong>1040</strong><br />(-14 for losing)\n|c|\u2606DBest04|gg\n|l|\u2606DBest04\n|player|p2|\n",
  "uploadtime": 1776017369,
  "views": 5,
  "formatid": "gen9championsbssregma",
  "rating": 1040,
  "private": 0,
  "password": null
}