{
  "id": "gen9championsbssregma-2580287982",
  "format": "[Gen 9 Champions] BSS Reg M-A",
  "players": [
    "Meteorplayz_",
    "UwURonald97"
  ],
  "log": "|j|\u2606Meteorplayz_\n|j|\u2606UwURonald97\n|html|<table width=\"100%\"><tr><td align=\"left\">Meteorplayz_</td><td align=\"right\">UwURonald97</tr><tr><td align=\"left\"><i class=\"fa fa-circle-o\"></i> <i class=\"fa fa-circle-o\"></i> </td><td align=\"right\"><i class=\"fa fa-circle-o\"></i> <i class=\"fa fa-circle-o\"></i> </tr></table>\n|uhtml|bestof|<h2><strong>Game 1</strong> of <a href=\"/game-bestof3-gen9championsbssregma-2580287981\">a best-of-3</a></h2>\n|t:|1775876103\n|gametype|singles\n|player|p1|Meteorplayz_|winona-gen6|\n|player|p2|UwURonald97|chili|\n|gen|9\n|tier|[Gen 9 Champions] BSS Reg M-A\n|rule|Species Clause: Limit one of each Pok\u00e9mon\n|rule|Item Clause: Limit 1 of each item\n|raw|<div class=\"infobox\"><details class=\"readmore\" open><summary><strong>1 custom rule:</strong></summary> Best of = 3</details></div>\n|clearpoke\n|poke|p1|Meowscarada, L50, F|\n|poke|p1|Milotic, L50, F|\n|poke|p1|Aegislash, L50, M|\n|poke|p1|Dragonite, L50, M|\n|poke|p1|Slowking-Galar, L50, M|\n|poke|p1|Lopunny, L50, M|\n|poke|p2|Charizard, L50, F|\n|poke|p2|Garchomp, L50, M|\n|poke|p2|Venusaur, L50, M|\n|poke|p2|Ninetales, L50, M|\n|poke|p2|Greninja-*, L50, M|\n|poke|p2|Zoroark-Hisui, L50, M|\n|teampreview|3\n|\n|t:|1775876130\n|teamsize|p1|3\n|teamsize|p2|3\n|start\n|switch|p1a: Meowscarada|Meowscarada, L50, F|100/100\n|switch|p2a: Garchomp|Garchomp, L50, M|100/100\n|turn|1\n|\n|t:|1775876139\n|move|p2a: Garchomp|Protect|p2a: Garchomp\n|-singleturn|p2a: Garchomp|Protect\n|move|p1a: Meowscarada|Triple Axel|p2a: Garchomp\n|-start|p1a: Meowscarada|typechange|Ice|[from] ability: Protean\n|-activate|p2a: Garchomp|move: Protect\n|\n|upkeep\n|turn|2\n|\n|t:|1775876161\n|move|p1a: Meowscarada|Triple Axel|p2a: Garchomp\n|-damage|p2a: Garchomp|82/100\n|replace|p2a: Zoroark|Zoroark-Hisui, L50, M\n|-end|p2a: Zoroark|Illusion\n|-damage|p2a: Zoroark|40/100\n|-enditem|p2a: Zoroark|Sitrus Berry|[eat]\n|-heal|p2a: Zoroark|64/100|[from] item: Sitrus Berry\n|-damage|p2a: Zoroark|9/100\n|-hitcount|p2a: Zoroark|3\n|move|p2a: Zoroark|Bitter Malice|p1a: Meowscarada\n|-damage|p1a: Meowscarada|46/100\n|-unboost|p1a: Meowscarada|atk|1\n|\n|upkeep\n|turn|3\n|\n|t:|1775876177\n|switch|p1a: Lopunny|Lopunny, L50, M|100/100\n|switch|p2a: Charizard|Charizard, L50, F|100/100\n|\n|upkeep\n|turn|4\n|\n|t:|1775876187\n|detailschange|p1a: Lopunny|Lopunny-Mega, L50, M\n|-mega|p1a: Lopunny|Lopunny|Lopunnite\n|detailschange|p2a: Charizard|Charizard-Mega-Y, L50, F\n|-mega|p2a: Charizard|Charizard|Charizardite Y\n|-weather|SunnyDay|[from] ability: Drought|[of] p2a: Charizard\n|move|p2a: Charizard|Protect|p2a: Charizard\n|-singleturn|p2a: Charizard|Protect\n|move|p1a: Lopunny|Fake Out|p2a: Charizard\n|-activate|p2a: Charizard|move: Protect\n|\n|-weather|SunnyDay|[upkeep]\n|upkeep\n|turn|5\n|\n|t:|1775876199\n|move|p1a: Lopunny|Triple Axel|p2a: Charizard\n|-damage|p2a: Charizard|89/100\n|-damage|p2a: Charizard|70/100\n|-damage|p2a: Charizard|41/100\n|-hitcount|p2a: Charizard|3\n|move|p2a: Charizard|Air Slash|p1a: Lopunny\n|-supereffective|p1a: Lopunny|1\n|-damage|p1a: Lopunny|0 fnt\n|faint|p1a: Lopunny\n|\n|-weather|SunnyDay|[upkeep]\n|upkeep\n|\n|t:|1775876206\n|switch|p1a: Meowscarada|Meowscarada, L50, F|46/100\n|turn|6\n|\n|t:|1775876216\n|move|p2a: Charizard|Protect|p2a: Charizard\n|-singleturn|p2a: Charizard|Protect\n|move|p1a: Meowscarada|Triple Axel|p2a: Charizard\n|-start|p1a: Meowscarada|typechange|Ice|[from] ability: Protean\n|-activate|p2a: Charizard|move: Protect\n|\n|-weather|SunnyDay|[upkeep]\n|upkeep\n|turn|7\n|\n|t:|1775876240\n|move|p1a: Meowscarada|Triple Axel|p2a: Charizard\n|-damage|p2a: Charizard|27/100\n|-damage|p2a: Charizard|0 fnt\n|faint|p2a: Charizard\n|-hitcount|p2: Charizard|2\n|\n|-weather|SunnyDay|[upkeep]\n|upkeep\n|\n|t:|1775876248\n|switch|p2a: Garchomp|Garchomp, L50, M|100/100\n|turn|8\n|\n|t:|1775876265\n|move|p1a: Meowscarada|Triple Axel|p2a: Garchomp\n|-supereffective|p2a: Garchomp|2\n|-damage|p2a: Garchomp|61/100\n|-damage|p1a: Meowscarada|34/100|[from] ability: Rough Skin|[of] p2a: Garchomp\n|-hitcount|p2a: Garchomp|1\n|move|p2a: Garchomp|Rock Slide|p1a: Meowscarada|[miss]\n|-miss|p2a: Garchomp|p1a: Meowscarada\n|\n|-weather|none\n|upkeep\n|turn|9\n|\n|t:|1775876275\n|move|p1a: Meowscarada|Triple Axel|p2a: Garchomp\n|-supereffective|p2a: Garchomp|2\n|-damage|p2a: Garchomp|20/100\n|-damage|p1a: Meowscarada|22/100|[from] ability: Rough Skin|[of] p2a: Garchomp\n|-supereffective|p2a: Garchomp|2\n|-damage|p2a: Garchomp|0 fnt\n|-damage|p1a: Meowscarada|10/100|[from] ability: Rough Skin|[of] p2a: Garchomp\n|faint|p2a: Garchomp\n|-hitcount|p2: Garchomp|2\n|\n|upkeep\n|\n|t:|1775876283\n|switch|p2a: Zoroark|Zoroark-Hisui, L50, M|9/100\n|turn|10\n|\n|t:|1775876289\n|move|p1a: Meowscarada|Triple Axel|p2a: Zoroark\n|-crit|p2a: Zoroark\n|-damage|p2a: Zoroark|0 fnt\n|faint|p2a: Zoroark\n|-hitcount|p2: Zoroark|1\n|\n|win|Meteorplayz_\n",
  "uploadtime": 1775876289,
  "views": 18,
  "formatid": "gen9championsbssregma",
  "rating": null,
  "private": 0,
  "password": null
}