{
  "id": "gen9championsbssregma-2586899665",
  "format": "[Gen 9 Champions] BSS Reg M-A",
  "players": [
    "OJ32",
    "DruantDurant"
  ],
  "log": "|j|\u2606OJ32\n|j|\u2606DruantDurant\n|t:|1776469882\n|gametype|singles\n|player|p1|OJ32|102|1080\n|player|p2|DruantDurant|169|1014\n|gen|9\n|tier|[Gen 9 Champions] BSS Reg M-A\n|rated|\n|rule|Species Clause: Limit one of each Pok\u00e9mon\n|rule|Item Clause: Limit 1 of each item\n|clearpoke\n|poke|p1|Ceruledge, L50, F|\n|poke|p1|Glimmora, L50, M|\n|poke|p1|Meganium, L50, F|\n|poke|p1|Sneasler, L50, M|\n|poke|p1|Talonflame, L50, F|\n|poke|p1|Primarina, L50, M|\n|poke|p2|Lopunny, L50, M|\n|poke|p2|Serperior, L50, M|\n|poke|p2|Espeon, L50, M|\n|poke|p2|Altaria, L50, F|\n|poke|p2|Zoroark-Hisui, L50, F|\n|poke|p2|Gallade, L50, M|\n|teampreview|3\n|inactive|Battle timer is ON: inactive players will automatically lose when time's up. (requested by OJ32)\n|\n|t:|1776469907\n|teamsize|p1|3\n|teamsize|p2|3\n|start\n|switch|p1a: Ceruledge|Ceruledge, L50, F|100/100\n|switch|p2a: Lopunny|Lopunny, L50, M|100/100\n|turn|1\n|\n|t:|1776469923\n|switch|p1a: Meganium|Meganium, L50, F|100/100\n|move|p2a: Lopunny|Bitter Malice|p1a: Meganium\n|-damage|p1a: Meganium|68/100\n|-unboost|p1a: Meganium|atk|1\n|\n|upkeep\n|turn|2\n|\n|t:|1776469936\n|detailschange|p1a: Meganium|Meganium-Mega, L50, F\n|-mega|p1a: Meganium|Meganium|Meganiumite\n|move|p2a: Lopunny|Flamethrower|p1a: Meganium\n|-supereffective|p1a: Meganium|1\n|-damage|p1a: Meganium|7/100\n|move|p1a: Meganium|Solar Beam||[still]\n|-prepare|p1a: Meganium|Solar Beam\n|-activate|p1a: Meganium|ability: Mega Sol\n|-anim|p1a: Meganium|Solar Beam|p2a: Lopunny\n|-damage|p2a: Lopunny|0 fnt\n|replace|p2a: Zoroark|Zoroark-Hisui, L50, F\n|-end|p2a: Zoroark|Illusion\n|faint|p2a: Zoroark\n|\n|upkeep\n|\n|t:|1776469952\n|switch|p2a: Serperior|Serperior, L50, M|100/100\n|turn|3\n|\n|t:|1776469958\n|move|p2a: Serperior|Leaf Storm|p1a: Meganium\n|-resisted|p1a: Meganium|1\n|-damage|p1a: Meganium|0 fnt\n|-boost|p2a: Serperior|spa|2\n|faint|p1a: Meganium\n|\n|upkeep\n|\n|t:|1776469960\n|switch|p1a: Ceruledge|Ceruledge, L50, F|100/100\n|turn|4\n|\n|t:|1776469967\n|move|p2a: Serperior|Attract|p1a: Ceruledge\n|-start|p1a: Ceruledge|Attract\n|-activate|p1a: Ceruledge|move: Attract|[of] p2a: Serperior\n|move|p1a: Ceruledge|Swords Dance|p1a: Ceruledge\n|-boost|p1a: Ceruledge|atk|2\n|\n|upkeep\n|turn|5\n|\n|t:|1776469976\n|move|p2a: Serperior|Leaf Storm|p1a: Ceruledge\n|-resisted|p1a: Ceruledge|1\n|-damage|p1a: Ceruledge|60/100\n|-boost|p2a: Serperior|spa|2\n|-activate|p1a: Ceruledge|move: Attract|[of] p2a: Serperior\n|cant|p1a: Ceruledge|Attract\n|\n|upkeep\n|turn|6\n|\n|t:|1776469985\n|move|p2a: Serperior|Leaf Storm|p1a: Ceruledge|[miss]\n|-miss|p2a: Serperior|p1a: Ceruledge\n|-activate|p1a: Ceruledge|move: Attract|[of] p2a: Serperior\n|cant|p1a: Ceruledge|Attract\n|\n|upkeep\n|turn|7\n|\n|t:|1776469992\n|move|p2a: Serperior|Leaf Storm|p1a: Ceruledge\n|-resisted|p1a: Ceruledge|1\n|-damage|p1a: Ceruledge|2/100\n|-boost|p2a: Serperior|spa|2\n|-activate|p1a: Ceruledge|move: Attract|[of] p2a: Serperior\n|move|p1a: Ceruledge|Bitter Blade|p2a: Serperior\n|-supereffective|p2a: Serperior|1\n|-enditem|p2a: Serperior|Occa Berry|[eat]\n|-enditem|p2a: Serperior|Occa Berry|[weaken]\n|-damage|p2a: Serperior|6/100\n|-heal|p1a: Ceruledge|49/100|[from] drain|[of] p2a: Serperior\n|\n|upkeep\n|turn|8\n|\n|t:|1776470003\n|-activate|p1a: Ceruledge|move: Attract|[of] p2a: Serperior\n|cant|p1a: Ceruledge|Attract\n|move|p2a: Serperior|Leaf Storm|p1a: Ceruledge\n|-resisted|p1a: Ceruledge|1\n|-damage|p1a: Ceruledge|0 fnt\n|faint|p1a: Ceruledge\n|\n|upkeep\n|\n|t:|1776470006\n|switch|p1a: Primarina|Primarina, L50, M|100/100\n|turn|9\n|\n|t:|1776470013\n|move|p2a: Serperior|Leaf Storm|p1a: Primarina\n|-supereffective|p1a: Primarina|1\n|-damage|p1a: Primarina|0 fnt\n|faint|p1a: Primarina\n|\n|win|DruantDurant\n|raw|OJ32's rating: 1080 &rarr; <strong>1054</strong><br />(-26 for losing)\n|raw|DruantDurant's rating: 1014 &rarr; <strong>1059</strong><br />(+45 for winning)\n",
  "uploadtime": 1776470013,
  "views": 2,
  "formatid": "gen9championsbssregma",
  "rating": 1054,
  "private": 0,
  "password": null
}