{
  "id": "gen9championsbssregma-2587489573",
  "format": "[Gen 9 Champions] BSS Reg M-A",
  "players": [
    "joguri",
    "silux h'kimix"
  ],
  "log": "|j|\u2606joguri\n|j|\u2606silux h'kimix\n|t:|1776536172\n|gametype|singles\n|player|p1|joguri|dawn|1274\n|player|p2|silux h'kimix|hilbert|1310\n|gen|9\n|tier|[Gen 9 Champions] BSS Reg M-A\n|rated|\n|rule|Species Clause: Limit one of each Pok\u00e9mon\n|rule|Item Clause: Limit 1 of each item\n|clearpoke\n|poke|p1|Clefable, L50, F|\n|poke|p1|Espathra, L50, F|\n|poke|p1|Charizard, L50, F|\n|poke|p1|Hippowdon, L50, F|\n|poke|p1|Rotom-Wash, L50, shiny|\n|poke|p1|Garchomp, L50, F|\n|poke|p2|Charizard, L50, M|\n|poke|p2|Scizor, L50, M|\n|poke|p2|Meowscarada, L50, F|\n|poke|p2|Archaludon, L50, F|\n|poke|p2|Ceruledge, L50, M|\n|poke|p2|Dragonite, L50, M|\n|teampreview|3\n|inactive|Battle timer is ON: inactive players will automatically lose when time's up. (requested by joguri)\n|\n|t:|1776536195\n|teamsize|p1|3\n|teamsize|p2|3\n|start\n|switch|p1a: Hippowdon|Hippowdon, L50, F|100/100\n|switch|p2a: Meowscarada|Meowscarada, L50, F|100/100\n|-weather|Sandstorm|[from] ability: Sand Stream|[of] p1a: Hippowdon\n|turn|1\n|\n|t:|1776536201\n|move|p2a: Meowscarada|Flower Trick|p1a: Hippowdon\n|-start|p2a: Meowscarada|typechange|Grass|[from] ability: Protean\n|-supereffective|p1a: Hippowdon|1\n|-crit|p1a: Hippowdon\n|-damage|p1a: Hippowdon|52/100\n|move|p1a: Hippowdon|Yawn|p2a: Meowscarada\n|-start|p2a: Meowscarada|move: Yawn|[of] p1a: Hippowdon\n|\n|-weather|Sandstorm|[upkeep]\n|-damage|p2a: Meowscarada|94/100|[from] Sandstorm\n|upkeep\n|turn|2\n|\n|t:|1776536212\n|move|p2a: Meowscarada|Flower Trick|p1a: Hippowdon\n|-supereffective|p1a: Hippowdon|1\n|-crit|p1a: Hippowdon\n|-damage|p1a: Hippowdon|2/100\n|-enditem|p1a: Hippowdon|Sitrus Berry|[eat]\n|-heal|p1a: Hippowdon|27/100|[from] item: Sitrus Berry\n|move|p1a: Hippowdon|Stealth Rock|p2a: Meowscarada\n|-sidestart|p2: silux h'kimix|move: Stealth Rock\n|\n|-weather|Sandstorm|[upkeep]\n|-damage|p2a: Meowscarada|88/100|[from] Sandstorm\n|-end|p2a: Meowscarada|move: Yawn|[silent]\n|-status|p2a: Meowscarada|slp\n|upkeep\n|turn|3\n|\n|t:|1776536236\n|cant|p2a: Meowscarada|slp\n|move|p1a: Hippowdon|Roar|p2a: Meowscarada\n|drag|p2a: Charizard|Charizard, L50, M|100/100\n|-damage|p2a: Charizard|51/100|[from] Stealth Rock\n|\n|-weather|Sandstorm|[upkeep]\n|-damage|p2a: Charizard|45/100|[from] Sandstorm\n|upkeep\n|turn|4\n|\n|t:|1776536248\n|detailschange|p2a: Charizard|Charizard-Mega-Y, L50, M\n|-mega|p2a: Charizard|Charizard|Charizardite Y\n|-weather|SunnyDay|[from] ability: Drought|[of] p2a: Charizard\n|move|p2a: Charizard|Solar Beam||[still]\n|-prepare|p2a: Charizard|Solar Beam\n|-anim|p2a: Charizard|Solar Beam|p1a: Hippowdon\n|-supereffective|p1a: Hippowdon|1\n|-crit|p1a: Hippowdon\n|-damage|p1a: Hippowdon|0 fnt\n|faint|p1a: Hippowdon\n|\n|-weather|SunnyDay|[upkeep]\n|upkeep\n|\n|t:|1776536260\n|switch|p1a: Espathra|Espathra, L50, F|100/100\n|turn|5\n|j| huhyuhyuhyuh\n|\n|t:|1776536271\n|move|p1a: Espathra|Protect|p1a: Espathra\n|-singleturn|p1a: Espathra|Protect\n|move|p2a: Charizard|Fire Blast|p1a: Espathra\n|-activate|p1a: Espathra|move: Protect\n|\n|-weather|SunnyDay|[upkeep]\n|-ability|p1a: Espathra|Speed Boost|boost\n|-boost|p1a: Espathra|spe|1\n|upkeep\n|turn|6\n|\n|t:|1776536282\n|move|p1a: Espathra|Calm Mind|p1a: Espathra\n|-boost|p1a: Espathra|spa|1\n|-boost|p1a: Espathra|spd|1\n|move|p2a: Charizard|Fire Blast|p1a: Espathra\n|-damage|p1a: Espathra|21/100\n|\n|-weather|SunnyDay|[upkeep]\n|-heal|p1a: Espathra|27/100|[from] item: Leftovers\n|-ability|p1a: Espathra|Speed Boost|boost\n|-boost|p1a: Espathra|spe|1\n|upkeep\n|turn|7\n|\n|t:|1776536293\n|move|p1a: Espathra|Protect|p1a: Espathra\n|-singleturn|p1a: Espathra|Protect\n|move|p2a: Charizard|Weather Ball|p1a: Espathra\n|-activate|p1a: Espathra|move: Protect\n|\n|-weather|SunnyDay|[upkeep]\n|-heal|p1a: Espathra|33/100|[from] item: Leftovers\n|-ability|p1a: Espathra|Speed Boost|boost\n|-boost|p1a: Espathra|spe|1\n|upkeep\n|turn|8\n|\n|t:|1776536308\n|move|p1a: Espathra|Lumina Crash|p2a: Charizard\n|-damage|p2a: Charizard|0 fnt\n|faint|p2a: Charizard\n|\n|-weather|none\n|-heal|p1a: Espathra|39/100|[from] item: Leftovers\n|-ability|p1a: Espathra|Speed Boost|boost\n|-boost|p1a: Espathra|spe|1\n|upkeep\n|\n|t:|1776536321\n|switch|p2a: Meowscarada|Meowscarada, L50, F|88/100 slp\n|-damage|p2a: Meowscarada|76/100 slp|[from] Stealth Rock\n|turn|9\n|\n|t:|1776536332\n|move|p1a: Espathra|Baton Pass|p1a: Espathra\n|\n|t:|1776536334\n|switch|p1a: Clefable|Clefable, L50, F|100/100|[from] Baton Pass\n|cant|p2a: Meowscarada|slp\n|\n|upkeep\n|turn|10\n|\n|t:|1776536340\n|-curestatus|p2a: Meowscarada|slp|[msg]\n|move|p2a: Meowscarada|Triple Axel|p1a: Clefable\n|-start|p2a: Meowscarada|typechange|Ice|[from] ability: Protean\n|-damage|p1a: Clefable|95/100\n|-hitcount|p1a: Clefable|1\n|move|p1a: Clefable|Cosmic Power|p1a: Clefable\n|-boost|p1a: Clefable|def|1\n|-boost|p1a: Clefable|spd|1\n|\n|upkeep\n|turn|11\n|\n|t:|1776536350\n|move|p2a: Meowscarada|Triple Axel|p1a: Clefable\n|-damage|p1a: Clefable|90/100\n|-hitcount|p1a: Clefable|1\n|move|p1a: Clefable|Cosmic Power|p1a: Clefable\n|-boost|p1a: Clefable|def|1\n|-boost|p1a: Clefable|spd|1\n|\n|upkeep\n|turn|12\n|j| Down and fireflies\n|\n|t:|1776536357\n|move|p2a: Meowscarada|Triple Axel|p1a: Clefable\n|-damage|p1a: Clefable|87/100\n|-hitcount|p1a: Clefable|1\n|move|p1a: Clefable|Cosmic Power|p1a: Clefable\n|-boost|p1a: Clefable|def|1\n|-boost|p1a: Clefable|spd|1\n|\n|upkeep\n|turn|13\n|\n|t:|1776536364\n|move|p2a: Meowscarada|Triple Axel|p1a: Clefable\n|-damage|p1a: Clefable|84/100\n|-damage|p1a: Clefable|79/100\n|-damage|p1a: Clefable|71/100\n|-hitcount|p1a: Clefable|3\n|move|p1a: Clefable|Cosmic Power|p1a: Clefable\n|-boost|p1a: Clefable|def|1\n|-boost|p1a: Clefable|spd|1\n|\n|upkeep\n|turn|14\n|\n|t:|1776536375\n|move|p2a: Meowscarada|Triple Axel|p1a: Clefable\n|-damage|p1a: Clefable|68/100\n|-damage|p1a: Clefable|64/100\n|-damage|p1a: Clefable|58/100\n|-hitcount|p1a: Clefable|3\n|move|p1a: Clefable|Cosmic Power|p1a: Clefable\n|-boost|p1a: Clefable|def|1\n|-boost|p1a: Clefable|spd|1\n|\n|upkeep\n|turn|15\n|\n|t:|1776536387\n|switch|p2a: Scizor|Scizor, L50, M|100/100\n|-damage|p2a: Scizor|88/100|[from] Stealth Rock\n|move|p1a: Clefable|Cosmic Power|p1a: Clefable\n|-boost|p1a: Clefable|def|1\n|-boost|p1a: Clefable|spd|0\n|\n|upkeep\n|turn|16\n|\n|t:|1776536402\n|move|p1a: Clefable|Moonlight|p1a: Clefable\n|-heal|p1a: Clefable|100/100\n|move|p2a: Scizor|Swords Dance|p2a: Scizor\n|-boost|p2a: Scizor|atk|2\n|\n|upkeep\n|turn|17\n|\n|t:|1776536408\n|move|p1a: Clefable|Flamethrower|p2a: Scizor\n|-supereffective|p2a: Scizor|2\n|-damage|p2a: Scizor|0 fnt\n|faint|p2a: Scizor\n|\n|upkeep\n|\n|t:|1776536413\n|switch|p2a: Meowscarada|Meowscarada, L50, F|76/100\n|-damage|p2a: Meowscarada|64/100|[from] Stealth Rock\n|turn|18\n|\n|t:|1776536418\n|move|p2a: Meowscarada|Flower Trick|p1a: Clefable\n|-start|p2a: Meowscarada|typechange|Grass|[from] ability: Protean\n|-crit|p1a: Clefable\n|-damage|p1a: Clefable|71/100\n|move|p1a: Clefable|Flamethrower|p2a: Meowscarada\n|-supereffective|p2a: Meowscarada|1\n|-damage|p2a: Meowscarada|0 fnt\n|faint|p2a: Meowscarada\n|\n|win|joguri\n|raw|joguri's rating: 1274 &rarr; <strong>1302</strong><br />(+28 for winning)\n|raw|silux h&apos;kimix's rating: 1310 &rarr; <strong>1288</strong><br />(-22 for losing)\n",
  "uploadtime": 1776536427,
  "views": 6,
  "formatid": "gen9championsbssregma",
  "rating": 1288,
  "private": 0,
  "password": null
}