{
  "id": "gen9championsbssregma-2584003567",
  "format": "[Gen 9 Champions] BSS Reg M-A",
  "players": [
    "chessboxer316",
    "Ineedaonetype"
  ],
  "log": "|j|\u2606chessboxer316\n|j|\u2606Ineedaonetype\n|t:|1776215876\n|gametype|singles\n|player|p1|chessboxer316|hilbert|1226\n|player|p2|Ineedaonetype|169|1248\n|gen|9\n|tier|[Gen 9 Champions] BSS Reg M-A\n|rated|\n|rule|Species Clause: Limit one of each Pok\u00e9mon\n|rule|Item Clause: Limit 1 of each item\n|clearpoke\n|poke|p1|Primarina, L50, F|\n|poke|p1|Skarmory, L50, F|\n|poke|p1|Hippowdon, L50, F|\n|poke|p1|Gyarados, L50, M|\n|poke|p1|Garchomp, L50, F|\n|poke|p1|Houndoom, L50, F|\n|poke|p2|Pelipper, L50, M|\n|poke|p2|Archaludon, L50, F|\n|poke|p2|Basculegion, L50, M|\n|poke|p2|Charizard, L50, M|\n|poke|p2|Aerodactyl, L50, M|\n|poke|p2|Lopunny, L50, F|\n|teampreview|3\n|inactive|Battle timer is ON: inactive players will automatically lose when time's up. (requested by chessboxer316)\n|\n|t:|1776215901\n|teamsize|p1|3\n|teamsize|p2|3\n|start\n|switch|p1a: Skarmory|Skarmory, L50, F|100/100\n|switch|p2a: Aerodactyl|Aerodactyl, L50, M|100/100\n|-ability|p2a: Aerodactyl|Unnerve\n|turn|1\n|\n|t:|1776215918\n|move|p2a: Aerodactyl|Taunt|p1a: Skarmory\n|-start|p1a: Skarmory|move: Taunt\n|cant|p1a: Skarmory|move: Taunt|Agility\n|\n|upkeep\n|turn|2\n|\n|t:|1776215924\n|switch|p1a: Primarina|Primarina, L50, F|100/100\n|move|p2a: Aerodactyl|Stealth Rock|p1a: Primarina\n|-sidestart|p1: chessboxer316|move: Stealth Rock\n|\n|upkeep\n|turn|3\n|\n|t:|1776215936\n|move|p2a: Aerodactyl|Dual Wingbeat|p1a: Primarina\n|-damage|p1a: Primarina|86/100\n|-damage|p1a: Primarina|70/100\n|-hitcount|p1a: Primarina|2\n|move|p1a: Primarina|Sparkling Aria|p2a: Aerodactyl\n|-supereffective|p2a: Aerodactyl|1\n|-enditem|p2a: Aerodactyl|Focus Sash\n|-damage|p2a: Aerodactyl|1/100\n|\n|upkeep\n|turn|4\n|\n|t:|1776215945\n|move|p1a: Primarina|Aqua Jet|p2a: Aerodactyl\n|-supereffective|p2a: Aerodactyl|1\n|-damage|p2a: Aerodactyl|0 fnt\n|faint|p2a: Aerodactyl\n|\n|upkeep\n|j| p74\n|\n|t:|1776215951\n|switch|p2a: Lopunny|Lopunny, L50, F|100/100\n|turn|5\n|\n|t:|1776215955\n|detailschange|p2a: Lopunny|Lopunny-Mega, L50, F\n|-mega|p2a: Lopunny|Lopunny|Lopunnite\n|move|p2a: Lopunny|Fake Out|p1a: Primarina\n|-damage|p1a: Primarina|49/100\n|-enditem|p1a: Primarina|Sitrus Berry|[eat]\n|-heal|p1a: Primarina|73/100|[from] item: Sitrus Berry\n|cant|p1a: Primarina|flinch\n|\n|upkeep\n|turn|6\n|inactive|Ineedaonetype has 30 seconds left.\n|\n|t:|1776215987\n|move|p2a: Lopunny|U-turn|p1a: Primarina\n|-resisted|p1a: Primarina|1\n|-damage|p1a: Primarina|63/100\n|\n|t:|1776215991\n|switch|p2a: Basculegion|Basculegion, L50, M|100/100|[from] U-turn\n|move|p1a: Primarina|Moonblast|p2a: Basculegion\n|-damage|p2a: Basculegion|53/100\n|\n|upkeep\n|turn|7\n|inactive|Ineedaonetype has 30 seconds left.\n|l| p74\n|\n|t:|1776216022\n|move|p2a: Basculegion|Flip Turn|p1a: Primarina\n|-resisted|p1a: Primarina|1\n|-damage|p1a: Primarina|47/100\n|\n|t:|1776216025\n|switch|p2a: Lopunny|Lopunny-Mega, L50, F|100/100|[from] Flip Turn\n|move|p1a: Primarina|Moonblast|p2a: Lopunny\n|-supereffective|p2a: Lopunny|1\n|-damage|p2a: Lopunny|0 fnt\n|faint|p2a: Lopunny\n|\n|upkeep\n|\n|t:|1776216031\n|switch|p2a: Basculegion|Basculegion, L50, M|53/100\n|turn|8\n|\n|t:|1776216037\n|move|p2a: Basculegion|Last Respects|p1a: Primarina\n|-damage|p1a: Primarina|0 fnt\n|faint|p1a: Primarina\n|\n|upkeep\n|\n|t:|1776216043\n|switch|p1a: Skarmory|Skarmory, L50, F|100/100\n|-damage|p1a: Skarmory|88/100|[from] Stealth Rock\n|turn|9\n|j| p74\n|\n|t:|1776216050\n|detailschange|p1a: Skarmory|Skarmory-Mega, L50, F\n|-mega|p1a: Skarmory|Skarmory|Skarmorite\n|move|p2a: Basculegion|Last Respects|p1a: Skarmory\n|-damage|p1a: Skarmory|0 fnt\n|faint|p1a: Skarmory\n|\n|upkeep\n|\n|t:|1776216056\n|switch|p1a: Garchomp|Garchomp, L50, F|100/100\n|-damage|p1a: Garchomp|94/100|[from] Stealth Rock\n|turn|10\n|\n|t:|1776216061\n|move|p2a: Basculegion|Last Respects|p1a: Garchomp\n|-damage|p1a: Garchomp|5/100\n|move|p1a: Garchomp|Earthquake|p2a: Basculegion\n|-damage|p2a: Basculegion|0 fnt\n|faint|p2a: Basculegion\n|\n|win|chessboxer316\n|raw|chessboxer316's rating: 1226 &rarr; <strong>1253</strong><br />(+27 for winning)\n|raw|Ineedaonetype's rating: 1248 &rarr; <strong>1221</strong><br />(-27 for losing)\n|l|\u2606chessboxer316\n|player|p1|\n",
  "uploadtime": 1776216073,
  "views": 2,
  "formatid": "gen9championsbssregma",
  "rating": 1221,
  "private": 0,
  "password": null
}