{
  "id": "gen9championsbssregma-2588014310",
  "format": "[Gen 9 Champions] BSS Reg M-A",
  "players": [
    "Toto 2B",
    "atl31"
  ],
  "log": "|j|\u2606Toto 2B\n|j|\u2606atl31\n|t:|1776593059\n|gametype|singles\n|player|p1|Toto 2B|turo-ai|1336\n|player|p2|atl31|dawn|1368\n|gen|9\n|tier|[Gen 9 Champions] BSS Reg M-A\n|rated|\n|rule|Species Clause: Limit one of each Pok\u00e9mon\n|rule|Item Clause: Limit 1 of each item\n|clearpoke\n|poke|p1|Greninja, L50, F|\n|poke|p1|Dragapult, L50, M|\n|poke|p1|Azumarill, L50, F|\n|poke|p1|Archaludon, L50, F|\n|poke|p1|Kingambit, L50, F|\n|poke|p1|Charizard, L50, F|\n|poke|p2|Garchomp, L50, M|\n|poke|p2|Corviknight, L50, M|\n|poke|p2|Primarina, L50, F|\n|poke|p2|Delphox, L50, F|\n|poke|p2|Meowscarada, L50, M|\n|poke|p2|Scizor, L50, M|\n|teampreview|3\n|inactive|Battle timer is ON: inactive players will automatically lose when time's up. (requested by atl31)\n|inactive|Toto 2B also wants the timer to be on.\n|inactive|Toto 2B has 60 seconds left.\n|\n|t:|1776593096\n|teamsize|p1|3\n|teamsize|p2|3\n|start\n|switch|p1a: Archaludon|Archaludon, L50, F|100/100\n|switch|p2a: Meowscarada|Meowscarada, L50, M|100/100\n|turn|1\n|\n|t:|1776593104\n|switch|p2a: Scizor|Scizor, L50, M|100/100\n|move|p1a: Archaludon|Thunder Wave|p2a: Scizor\n|-status|p2a: Scizor|par\n|\n|upkeep\n|turn|2\n|\n|t:|1776593110\n|detailschange|p2a: Scizor|Scizor-Mega, L50, M\n|-mega|p2a: Scizor|Scizor|Scizorite\n|move|p1a: Archaludon|Draco Meteor|p2a: Scizor\n|-resisted|p2a: Scizor|1\n|-damage|p2a: Scizor|70/100 par\n|-unboost|p1a: Archaludon|spa|2\n|-enditem|p1a: Archaludon|White Herb\n|-clearnegativeboost|p1a: Archaludon|[silent]\n|move|p2a: Scizor|Swords Dance|p2a: Scizor\n|-boost|p2a: Scizor|atk|2\n|\n|upkeep\n|turn|3\n|\n|t:|1776593120\n|move|p1a: Archaludon|Draco Meteor|p2a: Scizor\n|-resisted|p2a: Scizor|1\n|-damage|p2a: Scizor|36/100 par\n|-unboost|p1a: Archaludon|spa|2\n|move|p2a: Scizor|Swords Dance|p2a: Scizor\n|-boost|p2a: Scizor|atk|2\n|\n|upkeep\n|turn|4\n|\n|t:|1776593127\n|move|p1a: Archaludon|Draco Meteor|p2a: Scizor\n|-resisted|p2a: Scizor|1\n|-damage|p2a: Scizor|20/100 par\n|-unboost|p1a: Archaludon|spa|2\n|move|p2a: Scizor|Roost|p2a: Scizor\n|-heal|p2a: Scizor|70/100 par\n|-singleturn|p2a: Scizor|move: Roost\n|\n|upkeep\n|turn|5\n|\n|t:|1776593133\n|switch|p1a: Charizard|Charizard, L50, F|100/100\n|move|p2a: Scizor|Roost|p2a: Scizor\n|-heal|p2a: Scizor|100/100 par\n|-singleturn|p2a: Scizor|move: Roost\n|\n|upkeep\n|turn|6\n|\n|t:|1776593140\n|switch|p2a: Garchomp|Garchomp, L50, M|100/100\n|detailschange|p1a: Charizard|Charizard-Mega-Y, L50, F\n|-mega|p1a: Charizard|Charizard|Charizardite Y\n|-weather|SunnyDay|[from] ability: Drought|[of] p1a: Charizard\n|move|p1a: Charizard|Flamethrower|p2a: Garchomp\n|-resisted|p2a: Garchomp|1\n|-damage|p2a: Garchomp|58/100\n|\n|-weather|SunnyDay|[upkeep]\n|upkeep\n|turn|7\n|\n|t:|1776593146\n|switch|p1a: Archaludon|Archaludon, L50, F|100/100\n|move|p2a: Garchomp|Stone Edge|p1a: Archaludon\n|-resisted|p1a: Archaludon|1\n|-damage|p1a: Archaludon|85/100\n|\n|-weather|SunnyDay|[upkeep]\n|upkeep\n|turn|8\n|\n|t:|1776593152\n|switch|p2a: Scizor|Scizor-Mega, L50, M|100/100 par\n|move|p1a: Archaludon|Draco Meteor|p2a: Scizor\n|-resisted|p2a: Scizor|1\n|-damage|p2a: Scizor|69/100 par\n|-unboost|p1a: Archaludon|spa|2\n|\n|-weather|SunnyDay|[upkeep]\n|upkeep\n|turn|9\n|\n|t:|1776593156\n|switch|p1a: Charizard|Charizard-Mega-Y, L50, F|100/100\n|move|p2a: Scizor|Roost|p2a: Scizor\n|-heal|p2a: Scizor|100/100 par\n|-singleturn|p2a: Scizor|move: Roost\n|\n|-weather|SunnyDay|[upkeep]\n|upkeep\n|turn|10\n|\n|t:|1776593161\n|switch|p2a: Garchomp|Garchomp, L50, M|58/100\n|move|p1a: Charizard|Air Slash|p2a: Garchomp\n|-damage|p2a: Garchomp|9/100\n|\n|-weather|none\n|upkeep\n|turn|11\n|\n|t:|1776593166\n|move|p2a: Garchomp|Earthquake|p1a: Charizard\n|-immune|p1a: Charizard\n|move|p1a: Charizard|Air Slash|p2a: Garchomp\n|-damage|p2a: Garchomp|0 fnt\n|faint|p2a: Garchomp\n|\n|upkeep\n|\n|t:|1776593171\n|switch|p2a: Meowscarada|Meowscarada, L50, M|100/100\n|turn|12\n|\n|t:|1776593175\n|switch|p1a: Archaludon|Archaludon, L50, F|85/100\n|move|p2a: Meowscarada|Knock Off|p1a: Archaludon\n|-damage|p1a: Archaludon|56/100\n|\n|upkeep\n|turn|13\n|\n|t:|1776593179\n|move|p2a: Meowscarada|Knock Off|p1a: Archaludon\n|-damage|p1a: Archaludon|28/100\n|move|p1a: Archaludon|Draco Meteor|p2a: Meowscarada\n|-enditem|p2a: Meowscarada|Focus Sash\n|-damage|p2a: Meowscarada|1/100\n|-unboost|p1a: Archaludon|spa|2\n|\n|upkeep\n|turn|14\n|\n|t:|1776593183\n|move|p2a: Meowscarada|Sucker Punch|p1a: Archaludon\n|-damage|p1a: Archaludon|0 fnt\n|faint|p1a: Archaludon\n|\n|upkeep\n|\n|t:|1776593185\n|switch|p1a: Charizard|Charizard-Mega-Y, L50, F|100/100\n|-weather|SunnyDay|[from] ability: Drought|[of] p1a: Charizard\n|turn|15\n|\n|t:|1776593188\n|move|p2a: Meowscarada|Sucker Punch|p1a: Charizard\n|-damage|p1a: Charizard|46/100\n|move|p1a: Charizard|Flame Charge|p2a: Meowscarada\n|-supereffective|p2a: Meowscarada|1\n|-damage|p2a: Meowscarada|0 fnt\n|-boost|p1a: Charizard|spe|1\n|faint|p2a: Meowscarada\n|\n|-weather|SunnyDay|[upkeep]\n|upkeep\n|\n|t:|1776593192\n|switch|p2a: Scizor|Scizor-Mega, L50, M|100/100 par\n|turn|16\n|\n|t:|1776593195\n|move|p1a: Charizard|Flamethrower|p2a: Scizor\n|-supereffective|p2a: Scizor|2\n|-crit|p2a: Scizor\n|-damage|p2a: Scizor|0 fnt\n|faint|p2a: Scizor\n|\n|win|Toto 2B\n|raw|Toto 2B's rating: 1336 &rarr; <strong>1358</strong><br />(+22 for winning)\n|raw|atl31's rating: 1368 &rarr; <strong>1346</strong><br />(-22 for losing)\n|l|\u2606atl31\n|player|p2|\n|l|\u2606Toto 2B\n|player|p1|\n",
  "uploadtime": 1776593227,
  "views": 5,
  "formatid": "gen9championsbssregma",
  "rating": 1346,
  "private": 0,
  "password": null
}