{
  "id": "gen9championsbssregma-2584188719",
  "format": "[Gen 9 Champions] BSS Reg M-A",
  "players": [
    "BandedRae",
    "baisheng"
  ],
  "log": "|j|\u2606BandedRae\n|j|\u2606baisheng\n|t:|1776236028\n|gametype|singles\n|player|p1|BandedRae|266|1274\n|player|p2|baisheng|169|1444\n|gen|9\n|tier|[Gen 9 Champions] BSS Reg M-A\n|rated|\n|rule|Species Clause: Limit one of each Pok\u00e9mon\n|rule|Item Clause: Limit 1 of each item\n|clearpoke\n|poke|p1|Alakazam, L50, M|\n|poke|p1|Glimmora, L50, M|\n|poke|p1|Garchomp, L50, M|\n|poke|p1|Sneasler, L50, F|\n|poke|p1|Volcarona, L50, F|\n|poke|p1|Clefable, L50, M|\n|poke|p2|Archaludon, L50, F|\n|poke|p2|Starmie, L50|\n|poke|p2|Garchomp, L50, M|\n|poke|p2|Floette-Eternal, L50, F|\n|poke|p2|Sneasler, L50, M|\n|poke|p2|Rotom-Fan, L50|\n|teampreview|3\n|inactive|Battle timer is ON: inactive players will automatically lose when time's up. (requested by BandedRae)\n|inactive|BandedRae has 60 seconds left.\n|\n|t:|1776236078\n|teamsize|p1|3\n|teamsize|p2|3\n|start\n|switch|p1a: Glimmora|Glimmora, L50, M|100/100\n|switch|p2a: Archaludon|Archaludon, L50, F|100/100\n|turn|1\n|\n|t:|1776236086\n|move|p1a: Glimmora|Stealth Rock|p2a: Archaludon\n|-sidestart|p2: baisheng|move: Stealth Rock\n|move|p2a: Archaludon|Stealth Rock|p1a: Glimmora\n|-sidestart|p1: BandedRae|move: Stealth Rock\n|\n|upkeep\n|turn|2\n|\n|t:|1776236090\n|move|p1a: Glimmora|Mud Shot|p2a: Archaludon\n|-supereffective|p2a: Archaludon|1\n|-damage|p2a: Archaludon|66/100\n|-unboost|p2a: Archaludon|spe|1\n|-ability|p2a: Archaludon|Stamina|boost\n|-boost|p2a: Archaludon|def|1\n|move|p2a: Archaludon|Roar|p1a: Glimmora\n|drag|p1a: Clefable|Clefable, L50, M|100/100\n|-damage|p1a: Clefable|88/100|[from] Stealth Rock\n|\n|upkeep\n|turn|3\n|j| Helloguyslol\n|\n|t:|1776236102\n|move|p1a: Clefable|Flamethrower|p2a: Archaludon\n|-damage|p2a: Archaludon|48/100\n|-ability|p2a: Archaludon|Stamina|boost\n|-boost|p2a: Archaludon|def|1\n|-enditem|p2a: Archaludon|Sitrus Berry|[eat]\n|-heal|p2a: Archaludon|73/100|[from] item: Sitrus Berry\n|move|p2a: Archaludon|Iron Head|p1a: Clefable\n|-supereffective|p1a: Clefable|1\n|-damage|p1a: Clefable|44/100\n|-enditem|p1a: Clefable|Sitrus Berry|[eat]\n|-heal|p1a: Clefable|68/100|[from] item: Sitrus Berry\n|\n|upkeep\n|turn|4\n|\n|t:|1776236122\n|move|p1a: Clefable|Flamethrower|p2a: Archaludon\n|-damage|p2a: Archaludon|54/100\n|-ability|p2a: Archaludon|Stamina|boost\n|-boost|p2a: Archaludon|def|1\n|move|p2a: Archaludon|Roar|p1a: Clefable\n|drag|p1a: Glimmora|Glimmora, L50, M|100/100\n|-damage|p1a: Glimmora|88/100|[from] Stealth Rock\n|\n|upkeep\n|turn|5\n|\n|t:|1776236133\n|move|p1a: Glimmora|Mud Shot|p2a: Archaludon\n|-supereffective|p2a: Archaludon|1\n|-damage|p2a: Archaludon|19/100\n|-unboost|p2a: Archaludon|spe|1\n|-ability|p2a: Archaludon|Stamina|boost\n|-boost|p2a: Archaludon|def|1\n|move|p2a: Archaludon|Roar|p1a: Glimmora\n|drag|p1a: Clefable|Clefable, L50, M|68/100\n|-damage|p1a: Clefable|56/100|[from] Stealth Rock\n|\n|upkeep\n|turn|6\n|\n|t:|1776236143\n|move|p1a: Clefable|Moonlight|p1a: Clefable\n|-heal|p1a: Clefable|100/100\n|move|p2a: Archaludon|Iron Head|p1a: Clefable\n|-supereffective|p1a: Clefable|1\n|-damage|p1a: Clefable|58/100\n|\n|upkeep\n|turn|7\n|\n|t:|1776236149\n|move|p1a: Clefable|Moonlight|p1a: Clefable\n|-heal|p1a: Clefable|100/100\n|move|p2a: Archaludon|Iron Head|p1a: Clefable\n|-supereffective|p1a: Clefable|1\n|-damage|p1a: Clefable|52/100\n|\n|upkeep\n|turn|8\n|\n|t:|1776236160\n|move|p1a: Clefable|Moonlight|p1a: Clefable\n|-heal|p1a: Clefable|100/100\n|move|p2a: Archaludon|Iron Head|p1a: Clefable\n|-supereffective|p1a: Clefable|1\n|-damage|p1a: Clefable|56/100\n|\n|upkeep\n|turn|9\n|\n|t:|1776236168\n|switch|p1a: Glimmora|Glimmora, L50, M|88/100\n|-damage|p1a: Glimmora|76/100|[from] Stealth Rock\n|move|p2a: Archaludon|Iron Head|p1a: Glimmora\n|-supereffective|p1a: Glimmora|1\n|-damage|p1a: Glimmora|7/100\n|-activate|p1a: Glimmora|ability: Toxic Debris\n|-sidestart|p2: baisheng|move: Toxic Spikes\n|\n|upkeep\n|turn|10\n|\n|t:|1776236174\n|move|p1a: Glimmora|Mud Shot|p2a: Archaludon\n|-supereffective|p2a: Archaludon|1\n|-damage|p2a: Archaludon|0 fnt\n|faint|p2a: Archaludon\n|\n|upkeep\n|\n|t:|1776236176\n|switch|p2a: Starmie|Starmie, L50|100/100\n|-damage|p2a: Starmie|88/100|[from] Stealth Rock\n|-status|p2a: Starmie|psn\n|turn|11\n|\n|t:|1776236185\n|detailschange|p2a: Starmie|Starmie-Mega, L50\n|-mega|p2a: Starmie|Starmie|Starminite\n|move|p2a: Starmie|Liquidation|p1a: Glimmora\n|-supereffective|p1a: Glimmora|1\n|-damage|p1a: Glimmora|0 fnt\n|-activate|p1a: Glimmora|ability: Toxic Debris\n|-sidestart|p2: baisheng|move: Toxic Spikes\n|faint|p1a: Glimmora\n|\n|-damage|p2a: Starmie|76/100 psn|[from] psn\n|upkeep\n|\n|t:|1776236191\n|switch|p1a: Alakazam|Alakazam, L50, M|100/100\n|turn|12\n|\n|t:|1776236199\n|detailschange|p1a: Alakazam|Alakazam-Mega, L50, M\n|-mega|p1a: Alakazam|Alakazam|Alakazite\n|-ability|p1a: Alakazam|Huge Power|Trace|[from] ability: Trace|[of] p2a: Starmie\n|move|p1a: Alakazam|Psychic|p2a: Starmie\n|-resisted|p2a: Starmie|1\n|-damage|p2a: Starmie|39/100 psn\n|-unboost|p2a: Starmie|spd|1\n|move|p2a: Starmie|Liquidation|p1a: Alakazam\n|-damage|p1a: Alakazam|0 fnt\n|faint|p1a: Alakazam\n|\n|-damage|p2a: Starmie|27/100 psn|[from] psn\n|upkeep\n|\n|t:|1776236209\n|switch|p1a: Clefable|Clefable, L50, M|56/100\n|-damage|p1a: Clefable|44/100|[from] Stealth Rock\n|turn|13\n|\n|t:|1776236213\n|move|p2a: Starmie|Liquidation|p1a: Clefable\n|-damage|p1a: Clefable|0 fnt\n|faint|p1a: Clefable\n|\n|win|baisheng\n|raw|BandedRae's rating: 1274 &rarr; <strong>1260</strong><br />(-14 for losing)\n|raw|baisheng's rating: 1444 &rarr; <strong>1455</strong><br />(+11 for winning)\n|l|\u2606baisheng\n|player|p2|\n|l|\u2606BandedRae\n|player|p1|\n",
  "uploadtime": 1776236222,
  "views": 20,
  "formatid": "gen9championsbssregma",
  "rating": 1260,
  "private": 0,
  "password": null
}