{
  "id": "gen9championsbssregma-2585154883",
  "format": "[Gen 9 Champions] BSS Reg M-A",
  "players": [
    "pgupp",
    "csgogo"
  ],
  "log": "|j|\u2606pgupp\n|j|\u2606csgogo\n|t:|1776318559\n|gametype|singles\n|player|p1|pgupp|1|1370\n|player|p2|csgogo|hiker-gen4|1337\n|gen|9\n|tier|[Gen 9 Champions] BSS Reg M-A\n|rated|\n|rule|Species Clause: Limit one of each Pok\u00e9mon\n|rule|Item Clause: Limit 1 of each item\n|clearpoke\n|poke|p1|Hippowdon, L50, F|\n|poke|p1|Empoleon, L50, F|\n|poke|p1|Hydreigon, L50, F|\n|poke|p1|Delphox, L50, F|\n|poke|p1|Scizor, L50, F|\n|poke|p1|Greninja-*, L50, F|\n|poke|p2|Hydreigon, L50, F|\n|poke|p2|Rotom-Wash, L50|\n|poke|p2|Lopunny, L50, M|\n|poke|p2|Archaludon, L50, F|\n|poke|p2|Slowking-Galar, L50, F|\n|poke|p2|Aegislash, L50, F|\n|teampreview|3\n|j| p74\n|\n|t:|1776318586\n|teamsize|p1|3\n|teamsize|p2|3\n|start\n|switch|p1a: Greninja|Greninja, L50, F|100/100\n|switch|p2a: Rotom|Rotom-Wash, L50|100/100\n|turn|1\n|\n|t:|1776318606\n|switch|p1a: Hippowdon|Hippowdon, L50, F, shiny|100/100\n|-weather|Sandstorm|[from] ability: Sand Stream|[of] p1a: Hippowdon\n|move|p2a: Rotom|Thunderbolt|p1a: Hippowdon\n|-immune|p1a: Hippowdon\n|\n|-weather|Sandstorm|[upkeep]\n|-damage|p2a: Rotom|95/100|[from] Sandstorm\n|-heal|p2a: Rotom|100/100|[from] item: Leftovers\n|upkeep\n|turn|2\n|inactive|Battle timer is ON: inactive players will automatically lose when time's up. (requested by csgogo)\n|\n|t:|1776318617\n|move|p2a: Rotom|Hydro Pump|p1a: Hippowdon\n|-supereffective|p1a: Hippowdon|1\n|-damage|p1a: Hippowdon|23/100\n|-enditem|p1a: Hippowdon|Sitrus Berry|[eat]\n|-heal|p1a: Hippowdon|48/100|[from] item: Sitrus Berry\n|move|p1a: Hippowdon|Yawn|p2a: Rotom\n|-start|p2a: Rotom|move: Yawn|[of] p1a: Hippowdon\n|\n|-weather|Sandstorm|[upkeep]\n|-damage|p2a: Rotom|95/100|[from] Sandstorm\n|-heal|p2a: Rotom|100/100|[from] item: Leftovers\n|upkeep\n|turn|3\n|\n|t:|1776318630\n|switch|p2a: Hydreigon|Hydreigon, L50, F|100/100\n|move|p1a: Hippowdon|Stealth Rock|p2a: Hydreigon\n|-sidestart|p2: csgogo|move: Stealth Rock\n|\n|-weather|Sandstorm|[upkeep]\n|-damage|p2a: Hydreigon|94/100|[from] Sandstorm\n|upkeep\n|turn|4\n|\n|t:|1776318638\n|move|p2a: Hydreigon|Draco Meteor|p1a: Hippowdon\n|-damage|p1a: Hippowdon|0 fnt\n|-unboost|p2a: Hydreigon|spa|2\n|faint|p1a: Hippowdon\n|\n|-weather|Sandstorm|[upkeep]\n|-damage|p2a: Hydreigon|88/100|[from] Sandstorm\n|upkeep\n|j| jolextestteam22\n|\n|t:|1776318647\n|switch|p1a: Delphox|Delphox, L50, F|100/100\n|turn|5\n|l| jolextestteam22\n|\n|t:|1776318653\n|switch|p2a: Rotom|Rotom-Wash, L50|100/100\n|-damage|p2a: Rotom|88/100|[from] Stealth Rock\n|detailschange|p1a: Delphox|Delphox-Mega, L50, F\n|-mega|p1a: Delphox|Delphox|Delphoxite\n|move|p1a: Delphox|Nasty Plot|p1a: Delphox\n|-boost|p1a: Delphox|spa|2\n|\n|-weather|none\n|-heal|p2a: Rotom|94/100|[from] item: Leftovers\n|upkeep\n|turn|6\n|\n|t:|1776318666\n|move|p1a: Delphox|Psyshock|p2a: Rotom\n|-damage|p2a: Rotom|17/100\n|move|p2a: Rotom|Volt Switch|p1a: Delphox\n|-damage|p1a: Delphox|76/100\n|\n|t:|1776318677\n|switch|p2a: Lopunny|Lopunny, L50, M|100/100|[from] Volt Switch\n|-damage|p2a: Lopunny|89/100|[from] Stealth Rock\n|\n|upkeep\n|turn|7\n|-message|pgupp forfeited.\n|\n|win|csgogo\n|raw|pgupp's rating: 1370 &rarr; <strong>1348</strong><br />(-22 for losing)\n|raw|csgogo's rating: 1337 &rarr; <strong>1359</strong><br />(+22 for winning)\n|l|\u2606pgupp\n|player|p1|\n|l|\u2606csgogo\n|player|p2|\n",
  "uploadtime": 1776318720,
  "views": 5,
  "formatid": "gen9championsbssregma",
  "rating": 1348,
  "private": 0,
  "password": null
}