{
  "id": "gen9championsbssregma-2587395481",
  "format": "[Gen 9 Champions] BSS Reg M-A",
  "players": [
    "Fulgurotek",
    "yukd-\u30eb\u30a2\u30c9"
  ],
  "log": "|j|\u2606Fulgurotek\n|j|\u2606yukd-\u30eb\u30a2\u30c9\n|t:|1776528273\n|gametype|singles\n|player|p1|Fulgurotek|169|1301\n|player|p2|yukd-\u30eb\u30a2\u30c9|lyra|1196\n|gen|9\n|tier|[Gen 9 Champions] BSS Reg M-A\n|rated|\n|rule|Species Clause: Limit one of each Pok\u00e9mon\n|rule|Item Clause: Limit 1 of each item\n|clearpoke\n|poke|p1|Banette, L50, M|\n|poke|p1|Gyarados, L50, M|\n|poke|p1|Glimmora, L50, F|\n|poke|p1|Hatterene, L50, F|\n|poke|p1|Zoroark-Hisui, L50, F|\n|poke|p1|Garchomp, L50, F|\n|poke|p2|Lopunny, L50, F|\n|poke|p2|Skeledirge, L50, F|\n|poke|p2|Floette-Eternal, L50, F|\n|poke|p2|Glimmora, L50, M|\n|poke|p2|Milotic, L50, F|\n|poke|p2|Kingambit, L50, F|\n|teampreview|3\n|\n|t:|1776528291\n|teamsize|p1|3\n|teamsize|p2|3\n|start\n|switch|p1a: Glimmora|Glimmora, L50, F|100/100\n|switch|p2a: Glimmora|Glimmora, L50, M|100/100\n|turn|1\n|\n|t:|1776528298\n|move|p2a: Glimmora|Earth Power|p1a: Glimmora\n|-supereffective|p1a: Glimmora|2\n|-enditem|p1a: Glimmora|Focus Sash\n|-damage|p1a: Glimmora|1/100\n|-unboost|p1a: Glimmora|spd|1\n|move|p1a: Glimmora|Mud Shot|p2a: Glimmora\n|-supereffective|p2a: Glimmora|2\n|-damage|p2a: Glimmora|5/100\n|-unboost|p2a: Glimmora|spe|1\n|\n|upkeep\n|turn|2\n|\n|t:|1776528313\n|move|p1a: Glimmora|Sludge Wave|p2a: Glimmora\n|-resisted|p2a: Glimmora|2\n|-damage|p2a: Glimmora|0 fnt\n|faint|p2a: Glimmora\n|\n|upkeep\n|\n|t:|1776528321\n|switch|p2a: Lopunny|Lopunny, L50, F|100/100\n|turn|3\n|\n|t:|1776528330\n|detailschange|p2a: Lopunny|Lopunny-Mega, L50, F\n|-mega|p2a: Lopunny|Lopunny|Lopunnite\n|move|p2a: Lopunny|Drain Punch|p1a: Glimmora\n|-damage|p1a: Glimmora|0 fnt\n|-activate|p1a: Glimmora|ability: Toxic Debris\n|-sidestart|p2: yukd-\u30eb\u30a2\u30c9|move: Toxic Spikes\n|faint|p1a: Glimmora\n|\n|upkeep\n|\n|t:|1776528340\n|switch|p1a: Gyarados|Gyarados, L50, M|100/100\n|-ability|p1a: Gyarados|Intimidate|boost\n|-fail|p2a: Lopunny|unboost|Attack|[from] ability: Scrappy|[of] p2a: Lopunny\n|turn|4\n|\n|t:|1776528354\n|move|p2a: Lopunny|Cotton Guard|p2a: Lopunny\n|-boost|p2a: Lopunny|def|3\n|move|p1a: Gyarados|Dragon Dance|p1a: Gyarados\n|-boost|p1a: Gyarados|atk|1\n|-boost|p1a: Gyarados|spe|1\n|\n|upkeep\n|turn|5\n|\n|t:|1776528368\n|move|p1a: Gyarados|Waterfall|p2a: Lopunny\n|-damage|p2a: Lopunny|81/100\n|move|p2a: Lopunny|Encore|p1a: Gyarados\n|-start|p1a: Gyarados|Encore\n|\n|upkeep\n|turn|6\n|\n|t:|1776528376\n|move|p1a: Gyarados|Waterfall|p2a: Lopunny\n|-damage|p2a: Lopunny|63/100\n|move|p2a: Lopunny|Cotton Guard|p2a: Lopunny\n|-boost|p2a: Lopunny|def|3\n|\n|upkeep\n|turn|7\n|\n|t:|1776528384\n|move|p1a: Gyarados|Waterfall|p2a: Lopunny\n|-damage|p2a: Lopunny|50/100\n|move|p2a: Lopunny|Swords Dance|p2a: Lopunny\n|-boost|p2a: Lopunny|atk|2\n|\n|upkeep\n|turn|8\n|\n|t:|1776528391\n|move|p1a: Gyarados|Waterfall|p2a: Lopunny\n|-damage|p2a: Lopunny|38/100\n|move|p2a: Lopunny|Drain Punch|p1a: Gyarados\n|-resisted|p1a: Gyarados|1\n|-damage|p1a: Gyarados|59/100\n|-heal|p2a: Lopunny|59/100|[from] drain|[of] p1a: Gyarados\n|\n|-end|p1a: Gyarados|Encore\n|upkeep\n|turn|9\n|\n|t:|1776528402\n|move|p1a: Gyarados|Waterfall|p2a: Lopunny\n|-damage|p2a: Lopunny|47/100\n|move|p2a: Lopunny|Drain Punch|p1a: Gyarados\n|-resisted|p1a: Gyarados|1\n|-damage|p1a: Gyarados|13/100\n|-heal|p2a: Lopunny|70/100|[from] drain|[of] p1a: Gyarados\n|\n|upkeep\n|turn|10\n|\n|t:|1776528411\n|detailschange|p1a: Gyarados|Gyarados-Mega, L50, M\n|-mega|p1a: Gyarados|Gyarados|Gyaradosite\n|-ability|p1a: Gyarados|Mold Breaker\n|move|p1a: Gyarados|Waterfall|p2a: Lopunny\n|-damage|p2a: Lopunny|56/100\n|move|p2a: Lopunny|Drain Punch|p1a: Gyarados\n|-supereffective|p1a: Gyarados|1\n|-damage|p1a: Gyarados|0 fnt\n|-heal|p2a: Lopunny|62/100|[from] drain|[of] p1a: Gyarados\n|faint|p1a: Gyarados\n|\n|upkeep\n|\n|t:|1776528417\n|switch|p1a: Garchomp|Garchomp, L50, F|100/100\n|turn|11\n|\n|t:|1776528435\n|move|p1a: Garchomp|Fire Blast|p2a: Lopunny\n|-damage|p2a: Lopunny|40/100\n|move|p2a: Lopunny|Drain Punch|p1a: Garchomp\n|-damage|p1a: Garchomp|28/100\n|-heal|p2a: Lopunny|78/100|[from] drain|[of] p1a: Garchomp\n|-damage|p2a: Lopunny|66/100|[from] ability: Rough Skin|[of] p1a: Garchomp\n|\n|upkeep\n|turn|12\n|-message|Fulgurotek forfeited.\n|\n|win|yukd-\u30eb\u30a2\u30c9\n|raw|Fulgurotek's rating: 1301 &rarr; <strong>1275</strong><br />(-26 for losing)\n|raw|yukd-\u30eb\u30a2\u30c9's rating: 1196 &rarr; <strong>1228</strong><br />(+32 for winning)\n|l|\u2606Fulgurotek\n|player|p1|\n",
  "uploadtime": 1776528447,
  "views": 4,
  "formatid": "gen9championsbssregma",
  "rating": 1228,
  "private": 0,
  "password": null
}