{
  "id": "gen9championsbssregma-2581932443",
  "format": "[Gen 9 Champions] BSS Reg M-A",
  "players": [
    "Yap5",
    "BBWSlayer"
  ],
  "log": "|j|\u2606Yap5\n|j|\u2606BBWSlayer\n|t:|1776040935\n|gametype|singles\n|player|p1|Yap5|170|1062\n|player|p2|BBWSlayer|baker|1097\n|gen|9\n|tier|[Gen 9 Champions] BSS Reg M-A\n|rated|\n|rule|Species Clause: Limit one of each Pok\u00e9mon\n|rule|Item Clause: Limit 1 of each item\n|clearpoke\n|poke|p1|Slurpuff, L50, F|\n|poke|p1|Garchomp, L50, F|\n|poke|p1|Clawitzer, L50, M|\n|poke|p1|Avalugg, L50, F|\n|poke|p2|Garchomp, L50, F|\n|poke|p2|Aerodactyl, L50, M|\n|poke|p2|Slowking-Galar, L50, F|\n|poke|p2|Serperior, L50, F|\n|poke|p2|Lucario, L50, M|\n|poke|p2|Volcarona, L50, F|\n|teampreview|3\n|j| ClassClownApple\n|\n|t:|1776040958\n|teamsize|p1|3\n|teamsize|p2|3\n|start\n|switch|p1a: Slurpuff|Slurpuff, L50, F|100/100\n|switch|p2a: Garchomp|Garchomp, L50, F|100/100\n|turn|1\n|\n|t:|1776040963\n|switch|p2a: Slowking|Slowking-Galar, L50, F|100/100\n|move|p1a: Slurpuff|Sticky Web|p2a: Slowking\n|-sidestart|p2: BBWSlayer|move: Sticky Web\n|\n|upkeep\n|turn|2\n|\n|t:|1776040968\n|move|p1a: Slurpuff|Substitute|p1a: Slurpuff\n|-start|p1a: Slurpuff|Substitute\n|-damage|p1a: Slurpuff|76/100\n|move|p2a: Slowking|Nasty Plot|p2a: Slowking\n|-boost|p2a: Slowking|spa|2\n|\n|upkeep\n|turn|3\n|\n|t:|1776040978\n|move|p1a: Slurpuff|Substitute|p1a: Slurpuff\n|-fail|p1a: Slurpuff|move: Substitute\n|move|p2a: Slowking|Sludge Bomb|p1a: Slurpuff\n|-supereffective|p1a: Slurpuff|1\n|-end|p1a: Slurpuff|Substitute\n|\n|upkeep\n|turn|4\n|\n|t:|1776040983\n|move|p1a: Slurpuff|Substitute|p1a: Slurpuff\n|-start|p1a: Slurpuff|Substitute\n|-damage|p1a: Slurpuff|51/100\n|move|p2a: Slowking|Sludge Bomb|p1a: Slurpuff\n|-supereffective|p1a: Slurpuff|1\n|-end|p1a: Slurpuff|Substitute\n|\n|upkeep\n|turn|5\n|\n|t:|1776040988\n|move|p1a: Slurpuff|Substitute|p1a: Slurpuff\n|-start|p1a: Slurpuff|Substitute\n|-damage|p1a: Slurpuff|26/100\n|-enditem|p1a: Slurpuff|Sitrus Berry|[eat]\n|-heal|p1a: Slurpuff|51/100|[from] item: Sitrus Berry\n|move|p2a: Slowking|Sludge Bomb|p1a: Slurpuff\n|-supereffective|p1a: Slurpuff|1\n|-end|p1a: Slurpuff|Substitute\n|\n|upkeep\n|turn|6\n|\n|t:|1776040997\n|move|p1a: Slurpuff|Substitute|p1a: Slurpuff\n|-start|p1a: Slurpuff|Substitute\n|-damage|p1a: Slurpuff|26/100\n|move|p2a: Slowking|Sludge Bomb|p1a: Slurpuff\n|-supereffective|p1a: Slurpuff|1\n|-end|p1a: Slurpuff|Substitute\n|\n|upkeep\n|turn|7\n|\n|t:|1776041002\n|move|p1a: Slurpuff|Substitute|p1a: Slurpuff\n|-start|p1a: Slurpuff|Substitute\n|-damage|p1a: Slurpuff|1/100\n|move|p2a: Slowking|Sludge Bomb|p1a: Slurpuff\n|-supereffective|p1a: Slurpuff|1\n|-end|p1a: Slurpuff|Substitute\n|\n|upkeep\n|turn|8\n|\n|t:|1776041008\n|move|p1a: Slurpuff|Endeavor|p2a: Slowking\n|-damage|p2a: Slowking|1/100\n|move|p2a: Slowking|Sludge Bomb|p1a: Slurpuff\n|-supereffective|p1a: Slurpuff|1\n|-damage|p1a: Slurpuff|0 fnt\n|faint|p1a: Slurpuff\n|\n|upkeep\n|\n|t:|1776041017\n|switch|p1a: Clawitzer|Clawitzer, L50, M|100/100\n|turn|9\n|\n|t:|1776041020\n|switch|p2a: Garchomp|Garchomp, L50, F|100/100\n|-activate|p2a: Garchomp|move: Sticky Web\n|-unboost|p2a: Garchomp|spe|1\n|move|p1a: Clawitzer|Flip Turn|p2a: Garchomp\n|-damage|p2a: Garchomp|86/100\n|-damage|p1a: Clawitzer|88/100|[from] ability: Rough Skin|[of] p2a: Garchomp\n|\n|t:|1776041026\n|switch|p1a: Garchomp|Garchomp, L50, F|100/100|[from] Flip Turn\n|\n|upkeep\n|turn|10\n|\n|t:|1776041030\n|detailschange|p1a: Garchomp|Garchomp-Mega, L50, F\n|-mega|p1a: Garchomp|Garchomp|Garchompite\n|move|p2a: Garchomp|Dragon Claw|p1a: Garchomp\n|-supereffective|p1a: Garchomp|1\n|-damage|p1a: Garchomp|42/100\n|move|p1a: Garchomp|Dragon Claw|p2a: Garchomp\n|-supereffective|p2a: Garchomp|1\n|-damage|p2a: Garchomp|0 fnt\n|-damage|p1a: Garchomp|29/100|[from] ability: Rough Skin|[of] p2a: Garchomp\n|faint|p2a: Garchomp\n|\n|upkeep\n|\n|t:|1776041040\n|switch|p2a: Lucario|Lucario, L50, M|100/100\n|-activate|p2a: Lucario|move: Sticky Web\n|-unboost|p2a: Lucario|spe|1\n|turn|11\n|\n|t:|1776041054\n|detailschange|p2a: Lucario|Lucario-Mega, L50, M\n|-mega|p2a: Lucario|Lucario|Lucarionite\n|move|p2a: Lucario|Meteor Mash|p1a: Garchomp\n|-damage|p1a: Garchomp|0 fnt\n|faint|p1a: Garchomp\n|\n|upkeep\n|\n|t:|1776041058\n|switch|p1a: Clawitzer|Clawitzer, L50, M|88/100\n|turn|12\n|\n|t:|1776041066\n|move|p1a: Clawitzer|Hydro Pump|p2a: Lucario\n|-crit|p2a: Lucario\n|-damage|p2a: Lucario|0 fnt\n|faint|p2a: Lucario\n|\n|upkeep\n|\n|t:|1776041070\n|switch|p2a: Slowking|Slowking-Galar, L50, F|34/100\n|-activate|p2a: Slowking|move: Sticky Web\n|-unboost|p2a: Slowking|spe|1\n|turn|13\n|\n|t:|1776041076\n|move|p1a: Clawitzer|Hydro Pump|p2a: Slowking\n|-damage|p2a: Slowking|0 fnt\n|faint|p2a: Slowking\n|\n|win|Yap5\n|raw|Yap5's rating: 1062 &rarr; <strong>1096</strong><br />(+34 for winning)\n|raw|BBWSlayer's rating: 1097 &rarr; <strong>1070</strong><br />(-27 for losing)\n|l|\u2606Yap5\n|player|p1|\n|l|\u2606BBWSlayer\n|player|p2|\n",
  "uploadtime": 1776041082,
  "views": 10,
  "formatid": "gen9championsbssregma",
  "rating": 1070,
  "private": 0,
  "password": null
}