{
  "id": "gen9championsbssregma-2588677143",
  "format": "[Gen 9 Champions] BSS Reg M-A",
  "players": [
    "skyla'shusband",
    "dmddo412"
  ],
  "log": "|j|\u2606skyla'shusband\n|j|\u2606dmddo412\n|t:|1776656658\n|gametype|singles\n|player|p1|skyla'shusband|skyla|1454\n|player|p2|dmddo412|2|1444\n|gen|9\n|tier|[Gen 9 Champions] BSS Reg M-A\n|rated|\n|rule|Species Clause: Limit one of each Pok\u00e9mon\n|rule|Item Clause: Limit 1 of each item\n|clearpoke\n|poke|p1|Gyarados, L50, M, shiny|\n|poke|p1|Chesnaught, L50, M|\n|poke|p1|Stunfisk, L50, M|\n|poke|p1|Mimikyu, L50, F|\n|poke|p1|Armarouge, L50, M|\n|poke|p1|Goodra-Hisui, L50, F|\n|poke|p2|Mimikyu, L50, F, shiny|\n|poke|p2|Garchomp, L50, F, shiny|\n|poke|p2|Archaludon, L50, M, shiny|\n|poke|p2|Kangaskhan, L50, F, shiny|\n|poke|p2|Floette-Eternal, L50, F|\n|poke|p2|Volcarona, L50, F, shiny|\n|teampreview|3\n|inactive|Battle timer is ON: inactive players will automatically lose when time's up. (requested by dmddo412)\n|inactive|skyla'shusband has 60 seconds left.\n|inactive|dmddo412 has 60 seconds left.\n|\n|t:|1776656698\n|teamsize|p1|3\n|teamsize|p2|3\n|start\n|switch|p1a: Chesnaught|Chesnaught, L50, M|100/100\n|switch|p2a: Garchomp|Garchomp, L50, F, shiny|100/100\n|turn|1\n|\n|t:|1776656707\n|switch|p2a: Floette|Floette-Eternal, L50, F|100/100\n|detailschange|p1a: Chesnaught|Chesnaught-Mega, L50, M\n|-mega|p1a: Chesnaught|Chesnaught|Chesnaughtite\n|move|p1a: Chesnaught|Leech Seed|p2a: Floette|[miss]\n|-miss|p1a: Chesnaught|p2a: Floette\n|\n|upkeep\n|turn|2\n|\n|t:|1776656715\n|switch|p1a: Goodra|Goodra-Hisui, L50, F|100/100\n|detailschange|p2a: Floette|Floette-Mega, L50, F\n|-mega|p2a: Floette|Floette|Floettite\n|-ability|p2a: Floette|Fairy Aura\n|move|p2a: Floette|Moonblast|p1a: Goodra\n|-damage|p1a: Goodra|58/100\n|\n|-heal|p1a: Goodra|64/100|[from] item: Leftovers\n|upkeep\n|turn|3\n|\n|t:|1776656739\n|move|p2a: Floette|Light of Ruin|p1a: Goodra|[miss]\n|-miss|p2a: Floette|p1a: Goodra\n|move|p1a: Goodra|Flash Cannon|p2a: Floette\n|-supereffective|p2a: Floette|1\n|-damage|p2a: Floette|57/100\n|\n|-heal|p1a: Goodra|70/100|[from] item: Leftovers\n|upkeep\n|turn|4\n|\n|t:|1776656747\n|move|p2a: Floette|Calm Mind|p2a: Floette\n|-boost|p2a: Floette|spa|1\n|-boost|p2a: Floette|spd|1\n|move|p1a: Goodra|Flash Cannon|p2a: Floette\n|-supereffective|p2a: Floette|1\n|-damage|p2a: Floette|28/100\n|\n|-heal|p1a: Goodra|76/100|[from] item: Leftovers\n|upkeep\n|turn|5\n|\n|t:|1776656758\n|move|p2a: Floette|Draining Kiss|p1a: Goodra\n|-damage|p1a: Goodra|39/100\n|-heal|p2a: Floette|56/100|[from] drain|[of] p1a: Goodra\n|move|p1a: Goodra|Flash Cannon|p2a: Floette\n|-supereffective|p2a: Floette|1\n|-damage|p2a: Floette|29/100\n|\n|-heal|p1a: Goodra|45/100|[from] item: Leftovers\n|upkeep\n|turn|6\n|\n|t:|1776656767\n|move|p2a: Floette|Draining Kiss|p1a: Goodra\n|-damage|p1a: Goodra|12/100\n|-heal|p2a: Floette|54/100|[from] drain|[of] p1a: Goodra\n|move|p1a: Goodra|Flash Cannon|p2a: Floette\n|-supereffective|p2a: Floette|1\n|-damage|p2a: Floette|21/100\n|\n|-heal|p1a: Goodra|18/100|[from] item: Leftovers\n|upkeep\n|turn|7\n|\n|t:|1776656777\n|move|p2a: Floette|Draining Kiss|p1a: Goodra\n|-damage|p1a: Goodra|0 fnt\n|-heal|p2a: Floette|35/100|[from] drain|[of] p1a: Goodra\n|faint|p1a: Goodra\n|\n|upkeep\n|\n|t:|1776656779\n|switch|p1a: Mimikyu|Mimikyu, L50, F|100/100\n|turn|8\n|\n|t:|1776656796\n|switch|p2a: Garchomp|Garchomp, L50, F, shiny|100/100\n|move|p1a: Mimikyu|Swords Dance|p1a: Mimikyu\n|-boost|p1a: Mimikyu|atk|2\n|\n|upkeep\n|turn|9\n|\n|t:|1776656808\n|move|p2a: Garchomp|Rock Tomb|p1a: Mimikyu\n|-activate|p1a: Mimikyu|ability: Disguise\n|-damage|p1a: Mimikyu|100/100\n|-unboost|p1a: Mimikyu|spe|1\n|detailschange|p1a: Mimikyu|Mimikyu-Busted, L50, F\n|-damage|p1a: Mimikyu|88/100|[from] pokemon: Mimikyu-Busted\n|move|p1a: Mimikyu|Play Rough|p2a: Garchomp|[miss]\n|-miss|p1a: Mimikyu|p2a: Garchomp\n|\n|upkeep\n|turn|10\n|\n|t:|1776656819\n|move|p2a: Garchomp|Earthquake|p1a: Mimikyu\n|-damage|p1a: Mimikyu|10/100\n|move|p1a: Mimikyu|Play Rough|p2a: Garchomp|[miss]\n|-miss|p1a: Mimikyu|p2a: Garchomp\n|\n|upkeep\n|turn|11\n|c|\u2606skyla'shusband|\uff1f\n|c|\u2606skyla'shusband|0.1%\n|inactive|skyla'shusband has 30 seconds left.\n|inactive|skyla'shusband has 20 seconds left.\n|inactive|skyla'shusband has 15 seconds left.\n|-message|skyla'shusband forfeited.\n|\n|win|dmddo412\n|raw|skyla&apos;shusband's rating: 1454 &rarr; <strong>1433</strong><br />(-21 for losing)\n|raw|dmddo412's rating: 1444 &rarr; <strong>1465</strong><br />(+21 for winning)\n|l|\u2606skyla'shusband\n|player|p1|\n",
  "uploadtime": 1776656868,
  "views": 0,
  "formatid": "gen9championsbssregma",
  "rating": 1433,
  "private": 0,
  "password": null
}