{
  "id": "gen9championsbssregma-2580975094",
  "format": "[Gen 9 Champions] BSS Reg M-A",
  "players": [
    "MuseTronic",
    "Dr. Elite"
  ],
  "log": "|j|\u2606MuseTronic\n|j|\u2606Dr. Elite\n|t:|1775948186\n|gametype|singles\n|player|p1|MuseTronic|101|1078\n|player|p2|Dr. Elite|#drelite|1158\n|gen|9\n|tier|[Gen 9 Champions] BSS Reg M-A\n|rated|\n|rule|Species Clause: Limit one of each Pok\u00e9mon\n|rule|Item Clause: Limit 1 of each item\n|clearpoke\n|poke|p1|Sableye, L50, M|\n|poke|p1|Delphox, L50, F|\n|poke|p1|Torkoal, L50, M|\n|poke|p1|Garchomp, L50, M|\n|poke|p1|Venusaur, L50, F|\n|poke|p1|Heliolisk, L50, F|\n|poke|p2|Farigiraf, L50, F|\n|poke|p2|Gardevoir, L50, F|\n|poke|p2|Slowbro, L50, M|\n|poke|p2|Alakazam, L50, M|\n|poke|p2|Slowking, L50, M|\n|poke|p2|Gallade, L50, M|\n|teampreview|3\n|inactive|Battle timer is ON: inactive players will automatically lose when time's up. (requested by MuseTronic)\n|inactive|MuseTronic has 60 seconds left.\n|inactive|MuseTronic has 30 seconds left.\n|inactive|MuseTronic has 20 seconds left.\n|inactive|MuseTronic has 15 seconds left.\n|inactive|MuseTronic has 10 seconds left.\n|\n|t:|1775948292\n|teamsize|p1|3\n|teamsize|p2|3\n|start\n|switch|p1a: Heliolisk|Heliolisk, L50, F|100/100\n|switch|p2a: Lithium|Alakazam, L50, M, shiny|100/100\n|turn|1\n|inactive|Dr. Elite has 30 seconds left.\n|\n|t:|1775948324\n|detailschange|p2a: Lithium|Alakazam-Mega, L50, M, shiny\n|-mega|p2a: Lithium|Alakazam|Alakazite\n|-ability|p2a: Lithium|Dry Skin|Trace|[from] ability: Trace|[of] p1a: Heliolisk\n|move|p2a: Lithium|Psychic|p1a: Heliolisk\n|-damage|p1a: Heliolisk|18/100\n|move|p1a: Heliolisk|U-turn|p2a: Lithium\n|-supereffective|p2a: Lithium|1\n|-damage|p2a: Lithium|66/100\n|\n|t:|1775948342\n|switch|p1a: Torkoal|Torkoal, L50, M|100/100|[from] U-turn\n|-weather|SunnyDay|[from] ability: Drought|[of] p1a: Torkoal\n|\n|-weather|SunnyDay|[upkeep]\n|-damage|p2a: Lithium|54/100|[from] ability: Dry Skin|[of] p2a: Lithium\n|upkeep\n|turn|2\n|\n|t:|1775948363\n|move|p2a: Lithium|Psychic|p1a: Torkoal\n|-damage|p1a: Torkoal|39/100\n|move|p1a: Torkoal|Eruption|p2a: Lithium\n|-damage|p2a: Lithium|0 fnt\n|faint|p2a: Lithium\n|\n|-weather|SunnyDay|[upkeep]\n|upkeep\n|\n|t:|1775948373\n|switch|p2a: Escitalopram|Gardevoir, L50, F, shiny|100/100\n|-ability|p2a: Escitalopram|Drought|Trace|[from] ability: Trace|[of] p1a: Torkoal\n|turn|3\n|-activate|p1a: Torkoal|item: Quick Claw\n|\n|t:|1775948388\n|move|p1a: Torkoal|Eruption|p2a: Escitalopram\n|-damage|p2a: Escitalopram|63/100\n|move|p2a: Escitalopram|Psychic|p1a: Torkoal\n|-damage|p1a: Torkoal|0 fnt\n|faint|p1a: Torkoal\n|\n|-weather|SunnyDay|[upkeep]\n|upkeep\n|inactive|MuseTronic has 30 seconds left.\n|\n|t:|1775948414\n|switch|p1a: Delphox|Delphox, L50, F|100/100\n|turn|4\n|inactive|MuseTronic has 30 seconds left.\n|inactive|MuseTronic has 20 seconds left.\n|inactive|MuseTronic has 15 seconds left.\n|inactive|MuseTronic has 10 seconds left.\n|\n|t:|1775948460\n|detailschange|p1a: Delphox|Delphox-Mega, L50, F\n|-mega|p1a: Delphox|Delphox|Delphoxite\n|move|p2a: Escitalopram|Psychic|p1a: Delphox\n|-resisted|p1a: Delphox|1\n|-damage|p1a: Delphox|78/100\n|move|p1a: Delphox|Nasty Plot|p1a: Delphox\n|-boost|p1a: Delphox|spa|2\n|\n|-weather|SunnyDay|[upkeep]\n|upkeep\n|turn|5\n|\n|t:|1775948474\n|move|p2a: Escitalopram|Psychic|p1a: Delphox\n|-resisted|p1a: Delphox|1\n|-damage|p1a: Delphox|54/100\n|move|p1a: Delphox|Solar Beam||[still]\n|-prepare|p1a: Delphox|Solar Beam\n|-anim|p1a: Delphox|Solar Beam|p2a: Escitalopram\n|-damage|p2a: Escitalopram|0 fnt\n|faint|p2a: Escitalopram\n|\n|-weather|none\n|upkeep\n|\n|t:|1775948479\n|switch|p2a: Sertraline|Gallade, L50, M, shiny|100/100\n|turn|6\n|\n|t:|1775948493\n|move|p2a: Sertraline|Shadow Sneak|p1a: Delphox\n|-supereffective|p1a: Delphox|1\n|-damage|p1a: Delphox|3/100\n|move|p1a: Delphox|Psychic|p2a: Sertraline\n|-enditem|p2a: Sertraline|Focus Sash\n|-damage|p2a: Sertraline|1/100\n|\n|upkeep\n|turn|7\n|\n|t:|1775948502\n|switch|p1a: Heliolisk|Heliolisk, L50, F|18/100\n|move|p2a: Sertraline|Shadow Sneak|p1a: Heliolisk\n|-immune|p1a: Heliolisk\n|\n|upkeep\n|turn|8\n|\n|t:|1775948506\n|move|p1a: Heliolisk|U-turn|p2a: Sertraline\n|-damage|p2a: Sertraline|0 fnt\n|faint|p2a: Sertraline\n|\n|win|MuseTronic\n|raw|MuseTronic's rating: 1078 &rarr; <strong>1115</strong><br />(+37 for winning)\n|raw|Dr. Elite's rating: 1186 &rarr; <strong>1153</strong><br />(-33 for losing)\n|l|\u2606Dr. Elite\n|player|p2|\n",
  "uploadtime": 1775948554,
  "views": 11,
  "formatid": "gen9championsbssregma",
  "rating": 1115,
  "private": 0,
  "password": null
}