{
  "id": "gen9championsbssregma-2582740515",
  "format": "[Gen 9 Champions] BSS Reg M-A",
  "players": [
    "deepseazapdos",
    "Misterman108"
  ],
  "log": "|j|\u2606deepseazapdos\n|j|\u2606Misterman108\n|t:|1776110842\n|gametype|singles\n|player|p1|deepseazapdos|nate|1134\n|player|p2|Misterman108|169|1132\n|gen|9\n|tier|[Gen 9 Champions] BSS Reg M-A\n|rated|\n|rule|Species Clause: Limit one of each Pok\u00e9mon\n|rule|Item Clause: Limit 1 of each item\n|clearpoke\n|poke|p1|Meowscarada, L50, F|\n|poke|p1|Gengar, L50, F|\n|poke|p1|Ditto, L50|\n|poke|p1|Gyarados, L50, M|\n|poke|p1|Primarina, L50, F|\n|poke|p1|Bellibolt, L50, F|\n|poke|p2|Greninja-*, L50, F|\n|poke|p2|Talonflame, L50, M|\n|poke|p2|Ninetales-Alola, L50, M|\n|poke|p2|Lucario, L50, M|\n|poke|p2|Garchomp, L50, M|\n|poke|p2|Serperior, L50, M|\n|teampreview|3\n|inactive|Battle timer is ON: inactive players will automatically lose when time's up. (requested by Misterman108)\n|inactive|Misterman108 has 60 seconds left.\n|inactive|deepseazapdos has 60 seconds left.\n|\n|t:|1776110897\n|teamsize|p1|3\n|teamsize|p2|3\n|start\n|switch|p1a: Meowscarada|Meowscarada, L50, F|100/100\n|switch|p2a: Ninetales|Ninetales-Alola, L50, M|100/100\n|-weather|Snowscape|[from] ability: Snow Warning|[of] p2a: Ninetales\n|turn|1\n|\n|t:|1776110912\n|move|p1a: Meowscarada|Flower Trick|p2a: Ninetales\n|-start|p1a: Meowscarada|typechange|Grass|[from] ability: Protean\n|-crit|p2a: Ninetales\n|-damage|p2a: Ninetales|47/100\n|move|p2a: Ninetales|Aurora Veil|p2a: Ninetales\n|-sidestart|p2: Misterman108|move: Aurora Veil\n|\n|-weather|Snowscape|[upkeep]\n|upkeep\n|turn|2\n|\n|t:|1776110921\n|move|p1a: Meowscarada|Flower Trick|p2a: Ninetales\n|-crit|p2a: Ninetales\n|-damage|p2a: Ninetales|0 fnt\n|faint|p2a: Ninetales\n|\n|-weather|Snowscape|[upkeep]\n|upkeep\n|\n|t:|1776110928\n|switch|p2a: Greninja|Greninja, L50, F, shiny|100/100\n|turn|3\n|\n|t:|1776110937\n|switch|p1a: Bellibolt|Bellibolt, L50, F|100/100\n|move|p2a: Greninja|Ice Beam|p1a: Bellibolt\n|-start|p2a: Greninja|typechange|Ice|[from] ability: Protean\n|-damage|p1a: Bellibolt|78/100\n|-start|p1a: Bellibolt|Charge|Ice Beam|[from] ability: Electromorphosis\n|\n|-weather|Snowscape|[upkeep]\n|-heal|p1a: Bellibolt|84/100|[from] item: Leftovers\n|upkeep\n|turn|4\n|\n|t:|1776110950\n|switch|p2a: Garchomp|Garchomp, L50, M|100/100\n|move|p1a: Bellibolt|Toxic|p2a: Garchomp\n|-status|p2a: Garchomp|tox\n|\n|-weather|Snowscape|[upkeep]\n|-heal|p1a: Bellibolt|90/100|[from] item: Leftovers\n|-damage|p2a: Garchomp|95/100 tox|[from] psn\n|upkeep\n|turn|5\n|\n|t:|1776110956\n|switch|p1a: Gyarados|Gyarados, L50, M|100/100\n|-ability|p1a: Gyarados|Intimidate|boost\n|-unboost|p2a: Garchomp|atk|1\n|move|p2a: Garchomp|Earthquake|p1a: Gyarados\n|-immune|p1a: Gyarados\n|\n|-weather|none\n|-damage|p2a: Garchomp|83/100 tox|[from] psn\n|-sideend|p2: Misterman108|move: Aurora Veil\n|upkeep\n|turn|6\n|-message|Misterman108 forfeited.\n|\n|win|deepseazapdos\n|raw|deepseazapdos's rating: 1134 &rarr; <strong>1159</strong><br />(+25 for winning)\n|raw|Misterman108's rating: 1132 &rarr; <strong>1107</strong><br />(-25 for losing)\n|l|\u2606Misterman108\n|player|p2|\n",
  "uploadtime": 1776110964,
  "views": 24,
  "formatid": "gen9championsbssregma",
  "rating": 1107,
  "private": 0,
  "password": null
}