{
  "id": "gen9championsbssregma-2585120876",
  "format": "[Gen 9 Champions] BSS Reg M-A",
  "players": [
    "nagichan0121",
    "4jyoudebu"
  ],
  "log": "|j|\u2606nagichan0121\n|j|\u26064jyoudebu\n|t:|1776314192\n|gametype|singles\n|player|p1|nagichan0121|169|1319\n|player|p2|4jyoudebu|crasherwake|1411\n|gen|9\n|tier|[Gen 9 Champions] BSS Reg M-A\n|rated|\n|rule|Species Clause: Limit one of each Pok\u00e9mon\n|rule|Item Clause: Limit 1 of each item\n|clearpoke\n|poke|p1|Garchomp, L50, M|\n|poke|p1|Delphox, L50, F|\n|poke|p1|Venusaur, L50, F|\n|poke|p1|Corviknight, L50, F|\n|poke|p1|Azumarill, L50, M|\n|poke|p1|Volcarona, L50, F|\n|poke|p2|Garchomp, L50, M|\n|poke|p2|Basculegion, L50, M|\n|poke|p2|Mimikyu, L50, F|\n|poke|p2|Dragonite, L50, M|\n|poke|p2|Gengar, L50, M|\n|poke|p2|Archaludon, L50, M|\n|teampreview|3\n|inactive|Battle timer is ON: inactive players will automatically lose when time's up. (requested by 4jyoudebu)\n|inactive|nagichan0121 has 60 seconds left.\n|inactive|nagichan0121 has 30 seconds left.\n|\n|t:|1776314261\n|teamsize|p1|3\n|teamsize|p2|3\n|start\n|switch|p1a: Delphox|Delphox, L50, F|100/100\n|switch|p2a: Dragonite|Dragonite, L50, M, shiny|100/100\n|turn|1\n|\n|t:|1776314270\n|detailschange|p1a: Delphox|Delphox-Mega, L50, F\n|-mega|p1a: Delphox|Delphox|Delphoxite\n|detailschange|p2a: Dragonite|Dragonite-Mega, L50, M, shiny\n|-mega|p2a: Dragonite|Dragonite|Dragoninite\n|move|p1a: Delphox|Psychic|p2a: Dragonite\n|-damage|p2a: Dragonite|80/100\n|move|p2a: Dragonite|Air Slash|p1a: Delphox\n|-damage|p1a: Delphox|57/100\n|\n|upkeep\n|turn|2\n|\n|t:|1776314284\n|move|p1a: Delphox|Psychic|p2a: Dragonite\n|-damage|p2a: Dragonite|41/100\n|move|p2a: Dragonite|Air Slash|p1a: Delphox\n|-damage|p1a: Delphox|12/100\n|\n|upkeep\n|turn|3\n|\n|t:|1776314291\n|move|p2a: Dragonite|Extreme Speed|p1a: Delphox\n|-damage|p1a: Delphox|0 fnt\n|faint|p1a: Delphox\n|\n|upkeep\n|\n|t:|1776314295\n|switch|p1a: Garchomp|Garchomp, L50, M|100/100\n|turn|4\n|\n|t:|1776314301\n|move|p2a: Dragonite|Extreme Speed|p1a: Garchomp\n|-damage|p1a: Garchomp|76/100\n|-damage|p2a: Dragonite|29/100|[from] ability: Rough Skin|[of] p1a: Garchomp\n|move|p1a: Garchomp|Scale Shot|p2a: Dragonite\n|-supereffective|p2a: Dragonite|1\n|-damage|p2a: Dragonite|7/100\n|-supereffective|p2a: Dragonite|1\n|-damage|p2a: Dragonite|0 fnt\n|faint|p2a: Dragonite\n|-hitcount|p2: Dragonite|2\n|-unboost|p1a: Garchomp|def|1\n|-boost|p1a: Garchomp|spe|1\n|\n|upkeep\n|\n|t:|1776314308\n|switch|p2a: Mimikyu|Mimikyu, L50, F, shiny|100/100\n|turn|5\n|j| p74\n|\n|t:|1776314324\n|move|p1a: Garchomp|Fire Fang|p2a: Mimikyu\n|-activate|p2a: Mimikyu|ability: Disguise\n|-damage|p2a: Mimikyu|100/100\n|detailschange|p2a: Mimikyu|Mimikyu-Busted, L50, F, shiny\n|-damage|p2a: Mimikyu|88/100|[from] pokemon: Mimikyu-Busted\n|move|p2a: Mimikyu|Play Rough|p1a: Garchomp\n|-supereffective|p1a: Garchomp|1\n|-damage|p1a: Garchomp|0 fnt\n|-damage|p2a: Mimikyu|76/100|[from] ability: Rough Skin|[of] p1a: Garchomp\n|faint|p1a: Garchomp\n|\n|upkeep\n|\n|t:|1776314335\n|switch|p1a: Azumarill|Azumarill, L50, M|100/100\n|turn|6\n|\n|t:|1776314338\n|move|p2a: Mimikyu|Curse|p1a: Azumarill\n|-start|p1a: Azumarill|Curse|[of] p2a: Mimikyu\n|-damage|p2a: Mimikyu|26/100\n|move|p1a: Azumarill|Play Rough|p2a: Mimikyu\n|-damage|p2a: Mimikyu|0 fnt\n|faint|p2a: Mimikyu\n|\n|-damage|p1a: Azumarill|75/100|[from] Curse\n|upkeep\n|\n|t:|1776314345\n|switch|p2a: Basculegion|Basculegion, L50, M, shiny|100/100\n|turn|7\n|\n|t:|1776314348\n|move|p2a: Basculegion|Last Respects|p1a: Azumarill\n|-crit|p1a: Azumarill\n|-damage|p1a: Azumarill|0 fnt\n|faint|p1a: Azumarill\n|\n|win|4jyoudebu\n|raw|nagichan0121's rating: 1319 &rarr; <strong>1304</strong><br />(-15 for losing)\n|raw|4jyoudebu's rating: 1411 &rarr; <strong>1426</strong><br />(+15 for winning)\n|l|\u2606nagichan0121\n|player|p1|\n|l|\u26064jyoudebu\n|player|p2|\n",
  "uploadtime": 1776315171,
  "views": 5,
  "formatid": "gen9championsbssregma",
  "rating": 1304,
  "private": 0,
  "password": null
}