{
  "id": "gen9championsbssregma-2580828081",
  "format": "[Gen 9 Champions] BSS Reg M-A",
  "players": [
    "Meteorplayz_",
    "BBWSlayer"
  ],
  "log": "|j|\u2606Meteorplayz_\n|j|\u2606BBWSlayer\n|t:|1775935776\n|gametype|singles\n|player|p1|Meteorplayz_|winona-gen6|1038\n|player|p2|BBWSlayer|2|1042\n|gen|9\n|tier|[Gen 9 Champions] BSS Reg M-A\n|rated|\n|rule|Species Clause: Limit one of each Pok\u00e9mon\n|rule|Item Clause: Limit 1 of each item\n|clearpoke\n|poke|p1|Meowscarada, L50, M|\n|poke|p1|Milotic, L50, F|\n|poke|p1|Aegislash, L50, F|\n|poke|p1|Dragonite, L50, F|\n|poke|p1|Slowking-Galar, L50, M|\n|poke|p1|Lopunny, L50, M|\n|poke|p2|Aerodactyl, L50, M|\n|poke|p2|Venusaur, L50, M|\n|poke|p2|Garchomp, L50, F|\n|poke|p2|Aegislash, L50, F|\n|poke|p2|Armarouge, L50, M|\n|poke|p2|Quaquaval, L50, M|\n|teampreview|3\n|\n|t:|1775935801\n|teamsize|p1|3\n|teamsize|p2|3\n|start\n|switch|p1a: Meowscarada|Meowscarada, L50, M|100/100\n|switch|p2a: Venusaur|Venusaur, L50, M|100/100\n|turn|1\n|\n|t:|1775935811\n|detailschange|p2a: Venusaur|Venusaur-Mega, L50, M\n|-mega|p2a: Venusaur|Venusaur|Venusaurite\n|move|p2a: Venusaur|Protect|p2a: Venusaur\n|-singleturn|p2a: Venusaur|Protect\n|move|p1a: Meowscarada|Triple Axel|p2a: Venusaur\n|-start|p1a: Meowscarada|typechange|Ice|[from] ability: Protean\n|-activate|p2a: Venusaur|move: Protect\n|\n|upkeep\n|turn|2\n|\n|t:|1775935820\n|switch|p2a: Armarouge|Armarouge, L50, M|100/100\n|move|p1a: Meowscarada|Triple Axel|p2a: Armarouge|[miss]\n|-miss|p1a: Meowscarada|p2a: Armarouge\n|\n|upkeep\n|turn|3\n|\n|t:|1775935829\n|switch|p1a: Milotic|Milotic, L50, F|100/100\n|move|p2a: Armarouge|Calm Mind|p2a: Armarouge\n|-boost|p2a: Armarouge|spa|1\n|-boost|p2a: Armarouge|spd|1\n|\n|upkeep\n|turn|4\n|\n|t:|1775935836\n|move|p2a: Armarouge|Energy Ball|p1a: Milotic\n|-supereffective|p1a: Milotic|1\n|-damage|p1a: Milotic|23/100\n|move|p1a: Milotic|Scald|p2a: Armarouge\n|-supereffective|p2a: Armarouge|1\n|-damage|p2a: Armarouge|50/100\n|\n|upkeep\n|turn|5\n|\n|t:|1775935842\n|move|p2a: Armarouge|Energy Ball|p1a: Milotic\n|-supereffective|p1a: Milotic|1\n|-damage|p1a: Milotic|0 fnt\n|faint|p1a: Milotic\n|\n|upkeep\n|\n|t:|1775935844\n|switch|p1a: Meowscarada|Meowscarada, L50, M|100/100\n|turn|6\n|\n|t:|1775935853\n|move|p1a: Meowscarada|Knock Off|p2a: Armarouge\n|-start|p1a: Meowscarada|typechange|Dark|[from] ability: Protean\n|-supereffective|p2a: Armarouge|1\n|-damage|p2a: Armarouge|0 fnt\n|-enditem|p2a: Armarouge|Focus Sash|[from] move: Knock Off|[of] p1a: Meowscarada\n|faint|p2a: Armarouge\n|\n|upkeep\n|\n|t:|1775935861\n|switch|p2a: Garchomp|Garchomp, L50, F|100/100\n|turn|7\n|\n|t:|1775935872\n|move|p1a: Meowscarada|Knock Off|p2a: Garchomp\n|-damage|p2a: Garchomp|58/100\n|-damage|p1a: Meowscarada|89/100|[from] ability: Rough Skin|[of] p2a: Garchomp\n|-enditem|p2a: Garchomp|Choice Scarf|[from] move: Knock Off|[of] p1a: Meowscarada\n|move|p2a: Garchomp|Earthquake|p1a: Meowscarada\n|-damage|p1a: Meowscarada|1/100\n|\n|upkeep\n|turn|8\n|\n|t:|1775935883\n|move|p1a: Meowscarada|Knock Off|p2a: Garchomp\n|-damage|p2a: Garchomp|28/100\n|-damage|p1a: Meowscarada|0 fnt|[from] ability: Rough Skin|[of] p2a: Garchomp\n|faint|p1a: Meowscarada\n|move|p2a: Garchomp|Dragon Claw|p1: Meowscarada|[notarget]\n|-fail|p2a: Garchomp\n|\n|upkeep\n|\n|t:|1775935886\n|switch|p1a: Aegislash|Aegislash, L50, F|100/100\n|turn|9\n|\n|t:|1775935894\n|move|p2a: Garchomp|Earthquake|p1a: Aegislash\n|-supereffective|p1a: Aegislash|1\n|-damage|p1a: Aegislash|14/100\n|move|p1a: Aegislash|Swords Dance|p1a: Aegislash\n|-boost|p1a: Aegislash|atk|2\n|\n|-heal|p1a: Aegislash|20/100|[from] item: Leftovers\n|upkeep\n|turn|10\n|\n|t:|1775935902\n|-formechange|p1a: Aegislash|Aegislash-Blade|\n|move|p1a: Aegislash|Shadow Sneak|p2a: Garchomp\n|-damage|p2a: Garchomp|0 fnt\n|-damage|p1a: Aegislash|8/100|[from] ability: Rough Skin|[of] p2a: Garchomp\n|faint|p2a: Garchomp\n|\n|-heal|p1a: Aegislash|14/100|[from] item: Leftovers\n|upkeep\n|\n|t:|1775935909\n|switch|p2a: Venusaur|Venusaur-Mega, L50, M|100/100\n|turn|11\n|\n|t:|1775935914\n|-formechange|p1a: Aegislash|Aegislash|\n|move|p1a: Aegislash|King's Shield|p1a: Aegislash\n|-singleturn|p1a: Aegislash|Protect\n|move|p2a: Venusaur|Leech Seed|p1a: Aegislash\n|-start|p1a: Aegislash|move: Leech Seed\n|\n|-heal|p1a: Aegislash|20/100|[from] item: Leftovers\n|-damage|p1a: Aegislash|8/100|[from] Leech Seed|[of] p2a: Venusaur\n|upkeep\n|turn|12\n|j|+DerpySuX\n|\n|t:|1775935923\n|move|p2a: Venusaur|Protect|p2a: Venusaur\n|-singleturn|p2a: Venusaur|Protect\n|-formechange|p1a: Aegislash|Aegislash-Blade|\n|move|p1a: Aegislash|Poltergeist|p2a: Venusaur\n|-activate|p2a: Venusaur|move: Protect\n|\n|-heal|p1a: Aegislash|14/100|[from] item: Leftovers\n|-damage|p1a: Aegislash|2/100|[from] Leech Seed|[of] p2a: Venusaur\n|upkeep\n|turn|13\n|\n|t:|1775935933\n|move|p2a: Venusaur|Giga Drain|p1a: Aegislash\n|-resisted|p1a: Aegislash|1\n|-damage|p1a: Aegislash|0 fnt\n|faint|p1a: Aegislash\n|\n|win|BBWSlayer\n|raw|Meteorplayz_'s rating: 1038 &rarr; <strong>1022</strong><br />(-16 for losing)\n|raw|BBWSlayer's rating: 1042 &rarr; <strong>1075</strong><br />(+33 for winning)\n",
  "uploadtime": 1775935933,
  "views": 14,
  "formatid": "gen9championsbssregma",
  "rating": 1022,
  "private": 0,
  "password": null
}