{
  "id": "gen9championsbssregma-2584140900",
  "format": "[Gen 9 Champions] BSS Reg M-A",
  "players": [
    "PoliteUsername",
    "tomdog9527"
  ],
  "log": "|j|\u2606PoliteUsername\n|j|\u2606tomdog9527\n|t:|1776229836\n|gametype|singles\n|player|p1|PoliteUsername|unknown|1123\n|player|p2|tomdog9527|169|1112\n|gen|9\n|tier|[Gen 9 Champions] BSS Reg M-A\n|rated|\n|rule|Species Clause: Limit one of each Pok\u00e9mon\n|rule|Item Clause: Limit 1 of each item\n|clearpoke\n|poke|p1|Scovillain, L50, F|\n|poke|p1|Tyranitar, L50, M|\n|poke|p1|Clefable, L50, M|\n|poke|p1|Glalie, L50, M|\n|poke|p1|Garchomp, L50, M|\n|poke|p1|Espathra, L50, M|\n|poke|p2|Espathra, L50, F|\n|poke|p2|Charizard, L50, M|\n|poke|p2|Basculegion, L50, M|\n|poke|p2|Corviknight, L50, F|\n|poke|p2|Floette-Eternal, L50, F|\n|poke|p2|Sneasler, L50, M|\n|teampreview|3\n|inactive|Battle timer is ON: inactive players will automatically lose when time's up. (requested by PoliteUsername)\n|inactive|tomdog9527 has 60 seconds left.\n|\n|t:|1776229882\n|teamsize|p1|3\n|teamsize|p2|3\n|start\n|switch|p1a: Scovillain|Scovillain, L50, F|100/100\n|switch|p2a: Floette|Floette-Eternal, L50, F|100/100\n|turn|1\n|\n|t:|1776229895\n|detailschange|p2a: Floette|Floette-Mega, L50, F\n|-mega|p2a: Floette|Floette|Floettite\n|-ability|p2a: Floette|Fairy Aura\n|move|p2a: Floette|Calm Mind|p2a: Floette\n|-boost|p2a: Floette|spa|1\n|-boost|p2a: Floette|spd|1\n|move|p1a: Scovillain|Leech Seed|p2a: Floette\n|-start|p2a: Floette|move: Leech Seed\n|\n|-damage|p2a: Floette|89/100|[from] Leech Seed|[of] p1a: Scovillain\n|-ability|p1a: Scovillain|Moody|boost\n|-boost|p1a: Scovillain|spd|2\n|-unboost|p1a: Scovillain|atk|1\n|upkeep\n|turn|2\n|\n|t:|1776229910\n|switch|p2a: Sneasler|Sneasler, L50, M|100/100\n|move|p1a: Scovillain|Substitute|p1a: Scovillain\n|-start|p1a: Scovillain|Substitute\n|-damage|p1a: Scovillain|75/100\n|\n|-ability|p1a: Scovillain|Moody|boost\n|-boost|p1a: Scovillain|spd|2\n|-unboost|p1a: Scovillain|spe|1\n|upkeep\n|turn|3\n|\n|t:|1776229919\n|move|p1a: Scovillain|Protect|p1a: Scovillain\n|-singleturn|p1a: Scovillain|Protect\n|move|p2a: Sneasler|Fake Out|p1a: Scovillain\n|-activate|p1a: Scovillain|move: Protect\n|\n|-ability|p1a: Scovillain|Moody|boost\n|-boost|p1a: Scovillain|def|2\n|-unboost|p1a: Scovillain|spe|1\n|upkeep\n|turn|4\n|\n|t:|1776229937\n|move|p2a: Sneasler|Fling|p1a: Scovillain\n|-activate|p1a: Scovillain|move: Substitute|[damage]\n|-enditem|p2a: Sneasler|Light Ball|[from] move: Fling\n|move|p1a: Scovillain|Flamethrower|p2a: Sneasler\n|-damage|p2a: Sneasler|53/100\n|\n|-ability|p1a: Scovillain|Moody|boost\n|-boost|p1a: Scovillain|def|2\n|-unboost|p1a: Scovillain|atk|1\n|upkeep\n|turn|5\n|\n|t:|1776229946\n|move|p2a: Sneasler|Dire Claw|p1a: Scovillain\n|-supereffective|p1a: Scovillain|1\n|-end|p1a: Scovillain|Substitute\n|move|p1a: Scovillain|Substitute|p1a: Scovillain\n|-start|p1a: Scovillain|Substitute\n|-damage|p1a: Scovillain|50/100\n|\n|-ability|p1a: Scovillain|Moody|boost\n|-boost|p1a: Scovillain|spa|2\n|-unboost|p1a: Scovillain|spe|1\n|upkeep\n|turn|6\n|\n|t:|1776229955\n|move|p2a: Sneasler|Dire Claw|p1a: Scovillain\n|-supereffective|p1a: Scovillain|1\n|-end|p1a: Scovillain|Substitute\n|move|p1a: Scovillain|Flamethrower|p2a: Sneasler\n|-damage|p2a: Sneasler|0 fnt\n|faint|p2a: Sneasler\n|\n|-ability|p1a: Scovillain|Moody|boost\n|-boost|p1a: Scovillain|spa|2\n|-unboost|p1a: Scovillain|atk|1\n|upkeep\n|\n|t:|1776229965\n|switch|p2a: Floette|Floette-Mega, L50, F|89/100\n|-ability|p2a: Floette|Fairy Aura\n|turn|7\n|\n|t:|1776229981\n|detailschange|p1a: Scovillain|Scovillain-Mega, L50, F\n|-mega|p1a: Scovillain|Scovillain|Scovillainite\n|move|p2a: Floette|Moonblast|p1a: Scovillain\n|-resisted|p1a: Scovillain|1\n|-damage|p1a: Scovillain|37/100\n|-unboost|p1a: Scovillain|spa|1\n|-status|p2a: Floette|brn|[from] ability: Spicy Spray|[of] p1a: Scovillain\n|move|p1a: Scovillain|Leech Seed|p2a: Floette\n|-start|p2a: Floette|move: Leech Seed\n|\n|-damage|p2a: Floette|77/100 brn|[from] Leech Seed|[of] p1a: Scovillain\n|-heal|p1a: Scovillain|48/100|[silent]\n|-damage|p2a: Floette|71/100 brn|[from] brn\n|upkeep\n|turn|8\n|-message|tomdog9527 forfeited.\n|\n|win|PoliteUsername\n|raw|PoliteUsername's rating: 1123 &rarr; <strong>1147</strong><br />(+24 for winning)\n|raw|tomdog9527's rating: 1112 &rarr; <strong>1088</strong><br />(-24 for losing)\n|l|\u2606tomdog9527\n|player|p2|\n",
  "uploadtime": 1776229996,
  "views": 13,
  "formatid": "gen9championsbssregma",
  "rating": 1088,
  "private": 0,
  "password": null
}