{
  "id": "gen9championsbssregma-2582704737",
  "format": "[Gen 9 Champions] BSS Reg M-A",
  "players": [
    "perfjz",
    "phifth"
  ],
  "log": "|j|\u2606perfjz\n|j|\u2606phifth\n|t:|1776108463\n|gametype|singles\n|player|p1|perfjz|gladion-masters|1152\n|player|p2|phifth|rosa|1080\n|gen|9\n|tier|[Gen 9 Champions] BSS Reg M-A\n|rated|\n|rule|Species Clause: Limit one of each Pok\u00e9mon\n|rule|Item Clause: Limit 1 of each item\n|clearpoke\n|poke|p1|Greninja-*, L50, F|\n|poke|p1|Gardevoir, L50, F|\n|poke|p1|Charizard, L50, F|\n|poke|p1|Dragapult, L50, M|\n|poke|p1|Garchomp, L50, F|\n|poke|p1|Kingambit, L50, M|\n|poke|p2|Gliscor, L50, F|\n|poke|p2|Tyranitar, L50, M|\n|poke|p2|Meganium, L50, M|\n|poke|p2|Archaludon, L50, F|\n|poke|p2|Excadrill, L50, M|\n|poke|p2|Glimmora, L50, F|\n|teampreview|3\n|\n|t:|1776108497\n|teamsize|p1|3\n|teamsize|p2|3\n|start\n|switch|p1a: Greninja|Greninja, L50, F|100/100\n|switch|p2a: Eclipse|Gliscor, L50, F, shiny|100/100\n|turn|1\n|\n|t:|1776108551\n|switch|p2a: Tyranitar|Tyranitar, L50, M|100/100\n|-weather|Sandstorm|[from] ability: Sand Stream|[of] p2a: Tyranitar\n|detailschange|p1a: Greninja|Greninja-Mega, L50, F\n|-mega|p1a: Greninja|Greninja|Greninjite\n|move|p1a: Greninja|Ice Beam|p2a: Tyranitar\n|-start|p1a: Greninja|typechange|Ice|[from] ability: Protean\n|-damage|p2a: Tyranitar|80/100\n|\n|-weather|Sandstorm|[upkeep]\n|-damage|p1a: Greninja|94/100|[from] Sandstorm\n|upkeep\n|turn|2\n|\n|t:|1776108574\n|switch|p1a: Garchomp|Garchomp, L50, F|100/100\n|move|p2a: Tyranitar|Rock Slide|p1a: Garchomp\n|-resisted|p1a: Garchomp|1\n|-damage|p1a: Garchomp|85/100\n|\n|-weather|Sandstorm|[upkeep]\n|upkeep\n|turn|3\n|\n|t:|1776108588\n|switch|p2a: Eclipse|Gliscor, L50, F, shiny|100/100\n|move|p1a: Garchomp|Swords Dance|p1a: Garchomp\n|-boost|p1a: Garchomp|atk|2\n|\n|-weather|Sandstorm|[upkeep]\n|upkeep\n|turn|4\n|\n|t:|1776108597\n|move|p1a: Garchomp|Stealth Rock|p2a: Eclipse\n|-sidestart|p2: phifth|move: Stealth Rock\n|move|p2a: Eclipse|Sand Tomb|p1a: Garchomp|[miss]\n|-miss|p2a: Eclipse|p1a: Garchomp\n|\n|-weather|Sandstorm|[upkeep]\n|upkeep\n|turn|5\n|\n|t:|1776108603\n|move|p1a: Garchomp|Rock Slide|p2a: Eclipse\n|-damage|p2a: Eclipse|68/100\n|move|p2a: Eclipse|Sand Tomb|p1a: Garchomp\n|-damage|p1a: Garchomp|73/100\n|-activate|p1a: Garchomp|move: Sand Tomb|[of] p2a: Eclipse\n|\n|-weather|none\n|-heal|p2a: Eclipse|74/100|[from] item: Leftovers\n|-damage|p1a: Garchomp|61/100|[from] move: Sand Tomb|[partiallytrapped]\n|upkeep\n|turn|6\n|inactive|Battle timer is ON: inactive players will automatically lose when time's up. (requested by perfjz)\n|\n|t:|1776108642\n|move|p1a: Garchomp|Rock Slide|p2a: Eclipse\n|-damage|p2a: Eclipse|40/100\n|move|p2a: Eclipse|Baton Pass|p2a: Eclipse\n|\n|t:|1776108664\n|switch|p2a: Meganium|Meganium, L50, M|100/100|[from] Baton Pass\n|-damage|p2a: Meganium|88/100|[from] Stealth Rock\n|\n|-end|p1a: Garchomp|Sand Tomb|[partiallytrapped]|[silent]\n|upkeep\n|turn|7\n|inactive|perfjz has 30 seconds left.\n|\n|t:|1776108690\n|detailschange|p2a: Meganium|Meganium-Mega, L50, M\n|-mega|p2a: Meganium|Meganium|Meganiumite\n|move|p1a: Garchomp|Rock Slide|p2a: Meganium\n|-damage|p2a: Meganium|46/100\n|move|p2a: Meganium|Solar Beam||[still]\n|-prepare|p2a: Meganium|Solar Beam\n|-activate|p2a: Meganium|ability: Mega Sol\n|-anim|p2a: Meganium|Solar Beam|p1a: Garchomp\n|-damage|p1a: Garchomp|0 fnt\n|faint|p1a: Garchomp\n|\n|upkeep\n|\n|t:|1776108700\n|switch|p1a: Greninja|Greninja-Mega, L50, F|94/100\n|turn|8\n|\n|t:|1776108720\n|switch|p2a: Tyranitar|Tyranitar, L50, M|80/100\n|-damage|p2a: Tyranitar|68/100|[from] Stealth Rock\n|-weather|Sandstorm|[from] ability: Sand Stream|[of] p2a: Tyranitar\n|move|p1a: Greninja|Sludge Wave|p2a: Tyranitar\n|-start|p1a: Greninja|typechange|Poison|[from] ability: Protean\n|-resisted|p2a: Tyranitar|1\n|-damage|p2a: Tyranitar|57/100\n|\n|-weather|Sandstorm|[upkeep]\n|-damage|p1a: Greninja|88/100|[from] Sandstorm\n|upkeep\n|turn|9\n|\n|t:|1776108734\n|move|p1a: Greninja|Surf|p2a: Tyranitar\n|-supereffective|p2a: Tyranitar|1\n|-damage|p2a: Tyranitar|31/100\n|-enditem|p2a: Tyranitar|Sitrus Berry|[eat]\n|-heal|p2a: Tyranitar|56/100|[from] item: Sitrus Berry\n|move|p2a: Tyranitar|Sand Tomb|p1a: Greninja\n|-supereffective|p1a: Greninja|1\n|-damage|p1a: Greninja|58/100\n|-activate|p1a: Greninja|move: Sand Tomb|[of] p2a: Tyranitar\n|\n|-weather|Sandstorm|[upkeep]\n|-damage|p1a: Greninja|52/100|[from] Sandstorm\n|-damage|p1a: Greninja|39/100|[from] move: Sand Tomb|[partiallytrapped]\n|upkeep\n|turn|10\n|\n|t:|1776108752\n|move|p1a: Greninja|Surf|p2a: Tyranitar\n|-supereffective|p2a: Tyranitar|1\n|-damage|p2a: Tyranitar|29/100\n|move|p2a: Tyranitar|Crunch|p1a: Greninja\n|-damage|p1a: Greninja|0 fnt\n|faint|p1a: Greninja\n|\n|-weather|Sandstorm|[upkeep]\n|upkeep\n|\n|t:|1776108759\n|switch|p1a: Kingambit|Kingambit, L50, M|100/100\n|-activate|p1a: Kingambit|ability: Supreme Overlord\n|-start|p1a: Kingambit|fallen2|[silent]\n|turn|11\n|\n|t:|1776108775\n|move|p1a: Kingambit|Sucker Punch|p2a: Tyranitar\n|-resisted|p2a: Tyranitar|1\n|-crit|p2a: Tyranitar\n|-damage|p2a: Tyranitar|0 fnt\n|faint|p2a: Tyranitar\n|\n|-weather|Sandstorm|[upkeep]\n|upkeep\n|\n|t:|1776108781\n|switch|p2a: Eclipse|Gliscor, L50, F, shiny|40/100\n|-damage|p2a: Eclipse|27/100|[from] Stealth Rock\n|turn|12\n|\n|t:|1776108800\n|move|p2a: Eclipse|Sand Tomb|p1a: Kingambit|[miss]\n|-miss|p2a: Eclipse|p1a: Kingambit\n|move|p1a: Kingambit|Kowtow Cleave|p2a: Eclipse\n|-damage|p2a: Eclipse|0 fnt\n|faint|p2a: Eclipse\n|\n|-weather|none\n|upkeep\n|\n|t:|1776108807\n|switch|p2a: Meganium|Meganium-Mega, L50, M|46/100\n|-damage|p2a: Meganium|34/100|[from] Stealth Rock\n|turn|13\n|\n|t:|1776108814\n|move|p1a: Kingambit|Sucker Punch|p2a: Meganium\n|-resisted|p2a: Meganium|1\n|-damage|p2a: Meganium|15/100\n|move|p2a: Meganium|Weather Ball|p1a: Kingambit\n|-supereffective|p1a: Kingambit|1\n|-damage|p1a: Kingambit|0 fnt\n|faint|p1a: Kingambit\n|-end|p1a: Kingambit|fallen2|[silent]\n|\n|win|phifth\n|raw|perfjz's rating: 1152 &rarr; <strong>1122</strong><br />(-30 for losing)\n|raw|phifth's rating: 1080 &rarr; <strong>1114</strong><br />(+34 for winning)\n|c|\u2606phifth|gg\n",
  "uploadtime": 1776108823,
  "views": 6,
  "formatid": "gen9championsbssregma",
  "rating": 1114,
  "private": 0,
  "password": null
}