{
  "id": "gen9championsbssregma-2587304004",
  "format": "[Gen 9 Champions] BSS Reg M-A",
  "players": [
    "pndprimo",
    "joguri"
  ],
  "log": "|j|\u2606pndprimo\n|j|\u2606joguri\n|t:|1776520154\n|gametype|singles\n|player|p1|pndprimo|sage|1140\n|player|p2|joguri|dawn|1127\n|gen|9\n|tier|[Gen 9 Champions] BSS Reg M-A\n|rated|\n|rule|Species Clause: Limit one of each Pok\u00e9mon\n|rule|Item Clause: Limit 1 of each item\n|clearpoke\n|poke|p1|Basculegion, L50, M|\n|poke|p1|Garchomp, L50, F|\n|poke|p1|Aerodactyl, L50, M|\n|poke|p1|Hatterene, L50, F|\n|poke|p1|Dragonite, L50, M|\n|poke|p1|Primarina, L50, M|\n|poke|p2|Clefable, L50, F|\n|poke|p2|Espathra, L50, F|\n|poke|p2|Charizard, L50, F|\n|poke|p2|Hippowdon, L50, M|\n|poke|p2|Rotom-Wash, L50, shiny|\n|poke|p2|Garchomp, L50, M|\n|teampreview|3\n|inactive|Battle timer is ON: inactive players will automatically lose when time's up. (requested by pndprimo)\n|inactive|pndprimo has 60 seconds left.\n|\n|t:|1776520190\n|teamsize|p1|3\n|teamsize|p2|3\n|start\n|switch|p1a: Garchomp|Garchomp, L50, F|100/100\n|switch|p2a: Hippowdon|Hippowdon, L50, M|100/100\n|-weather|Sandstorm|[from] ability: Sand Stream|[of] p2a: Hippowdon\n|turn|1\n|\n|t:|1776520195\n|move|p1a: Garchomp|Stealth Rock|p2a: Hippowdon\n|-sidestart|p2: joguri|move: Stealth Rock\n|move|p2a: Hippowdon|Yawn|p1a: Garchomp\n|-start|p1a: Garchomp|move: Yawn|[of] p2a: Hippowdon\n|\n|-weather|Sandstorm|[upkeep]\n|upkeep\n|turn|2\n|\n|t:|1776520201\n|switch|p1a: Hatterene|Hatterene, L50, F|100/100\n|move|p2a: Hippowdon|Stealth Rock|p1a: Hatterene\n|move|p1a: Hatterene|Stealth Rock||[from] ability: Magic Bounce|[still]\n|-fail|p1a: Hatterene\n|\n|-weather|Sandstorm|[upkeep]\n|-damage|p1a: Hatterene|94/100|[from] Sandstorm\n|upkeep\n|turn|3\n|\n|t:|1776520215\n|move|p2a: Hippowdon|Earthquake|p1a: Hatterene\n|-damage|p1a: Hatterene|60/100\n|move|p1a: Hatterene|Draining Kiss|p2a: Hippowdon\n|-crit|p2a: Hippowdon\n|-damage|p2a: Hippowdon|70/100\n|-heal|p1a: Hatterene|90/100|[from] drain|[of] p2a: Hippowdon\n|\n|-weather|Sandstorm|[upkeep]\n|-damage|p1a: Hatterene|84/100|[from] Sandstorm\n|upkeep\n|turn|4\n|\n|t:|1776520225\n|switch|p2a: Espathra|Espathra, L50, F|100/100\n|-damage|p2a: Espathra|88/100|[from] Stealth Rock\n|move|p1a: Hatterene|Calm Mind|p1a: Hatterene\n|-boost|p1a: Hatterene|spa|1\n|-boost|p1a: Hatterene|spd|1\n|\n|-weather|Sandstorm|[upkeep]\n|-damage|p2a: Espathra|82/100|[from] Sandstorm\n|-damage|p1a: Hatterene|78/100|[from] Sandstorm\n|-heal|p2a: Espathra|88/100|[from] item: Leftovers\n|upkeep\n|turn|5\n|\n|t:|1776520234\n|move|p2a: Espathra|Lumina Crash|p1a: Hatterene\n|-resisted|p1a: Hatterene|1\n|-damage|p1a: Hatterene|68/100\n|-unboost|p1a: Hatterene|spd|2\n|move|p1a: Hatterene|Calm Mind|p1a: Hatterene\n|-boost|p1a: Hatterene|spa|1\n|-boost|p1a: Hatterene|spd|1\n|\n|-weather|none\n|-heal|p2a: Espathra|94/100|[from] item: Leftovers\n|-ability|p2a: Espathra|Speed Boost|boost\n|-boost|p2a: Espathra|spe|1\n|upkeep\n|turn|6\n|\n|t:|1776520245\n|move|p2a: Espathra|Calm Mind|p2a: Espathra\n|-boost|p2a: Espathra|spa|1\n|-boost|p2a: Espathra|spd|1\n|move|p1a: Hatterene|Draining Kiss|p2a: Espathra\n|-damage|p2a: Espathra|55/100\n|-heal|p1a: Hatterene|100/100|[from] drain|[of] p2a: Espathra\n|\n|-heal|p2a: Espathra|61/100|[from] item: Leftovers\n|-ability|p2a: Espathra|Speed Boost|boost\n|-boost|p2a: Espathra|spe|1\n|upkeep\n|turn|7\n|\n|t:|1776520254\n|move|p2a: Espathra|Calm Mind|p2a: Espathra\n|-boost|p2a: Espathra|spa|1\n|-boost|p2a: Espathra|spd|1\n|move|p1a: Hatterene|Psychic Noise|p2a: Espathra\n|-resisted|p2a: Espathra|1\n|-damage|p2a: Espathra|40/100\n|-start|p2a: Espathra|move: Heal Block\n|\n|-ability|p2a: Espathra|Speed Boost|boost\n|-boost|p2a: Espathra|spe|1\n|upkeep\n|turn|8\n|\n|t:|1776520266\n|move|p2a: Espathra|Calm Mind|p2a: Espathra\n|-boost|p2a: Espathra|spa|1\n|-boost|p2a: Espathra|spd|1\n|move|p1a: Hatterene|Draining Kiss|p2a: Espathra\n|-damage|p2a: Espathra|16/100\n|\n|-end|p2a: Espathra|move: Heal Block\n|-ability|p2a: Espathra|Speed Boost|boost\n|-boost|p2a: Espathra|spe|1\n|upkeep\n|turn|9\n|\n|t:|1776520276\n|move|p2a: Espathra|Baton Pass|p2a: Espathra\n|\n|t:|1776520278\n|switch|p2a: Clefable|Clefable, L50, F|100/100|[from] Baton Pass\n|-damage|p2a: Clefable|88/100|[from] Stealth Rock\n|move|p1a: Hatterene|Draining Kiss|p2a: Clefable\n|-damage|p2a: Clefable|79/100\n|\n|upkeep\n|turn|10\n|\n|t:|1776520295\n|switch|p1a: Aerodactyl|Aerodactyl, L50, M|100/100\n|-ability|p1a: Aerodactyl|Unnerve\n|detailschange|p2a: Clefable|Clefable-Mega, L50, F\n|-mega|p2a: Clefable|Clefable|Clefablite\n|move|p2a: Clefable|Cosmic Power|p2a: Clefable\n|-boost|p2a: Clefable|def|1\n|-boost|p2a: Clefable|spd|1\n|\n|upkeep\n|turn|11\n|\n|t:|1776520303\n|detailschange|p1a: Aerodactyl|Aerodactyl-Mega, L50, M\n|-mega|p1a: Aerodactyl|Aerodactyl|Aerodactylite\n|move|p2a: Clefable|Stored Power|p1a: Aerodactyl\n|-damage|p1a: Aerodactyl|0 fnt\n|faint|p1a: Aerodactyl\n|\n|upkeep\n|-message|pndprimo forfeited.\n|\n|win|joguri\n|raw|pndprimo's rating: 1140 &rarr; <strong>1114</strong><br />(-26 for losing)\n|raw|joguri's rating: 1127 &rarr; <strong>1153</strong><br />(+26 for winning)\n|l|\u2606pndprimo\n|player|p1|\n",
  "uploadtime": 1776520311,
  "views": 4,
  "formatid": "gen9championsbssregma",
  "rating": 1114,
  "private": 0,
  "password": null
}