{
  "id": "gen9championsbssregma-2588073924",
  "format": "[Gen 9 Champions] BSS Reg M-A",
  "players": [
    "bormanda",
    "fdthief"
  ],
  "log": "|j|\u2606bormanda\n|j|\u2606fdthief\n|t:|1776601193\n|gametype|singles\n|player|p1|bormanda|265|1224\n|player|p2|fdthief|266|1249\n|gen|9\n|tier|[Gen 9 Champions] BSS Reg M-A\n|rated|\n|rule|Species Clause: Limit one of each Pok\u00e9mon\n|rule|Item Clause: Limit 1 of each item\n|clearpoke\n|poke|p1|Garchomp, L50, F|\n|poke|p1|Aegislash, L50, F|\n|poke|p1|Floette-Eternal, L50, F|\n|poke|p1|Lopunny, L50, M|\n|poke|p1|Rotom-Wash, L50|\n|poke|p1|Glimmora, L50, F|\n|poke|p2|Tinkaton, L50, F|\n|poke|p2|Garchomp, L50, F|\n|poke|p2|Meowscarada, L50, F|\n|poke|p2|Delphox, L50, M|\n|poke|p2|Clefable, L50, F|\n|poke|p2|Arcanine-Hisui, L50, M|\n|teampreview|3\n|\n|t:|1776601220\n|teamsize|p1|3\n|teamsize|p2|3\n|start\n|switch|p1a: Glimmora|Glimmora, L50, F|100/100\n|switch|p2a: Garchomp|Garchomp, L50, F|100/100\n|turn|1\n|\n|t:|1776601231\n|move|p2a: Garchomp|Earthquake|p1a: Glimmora\n|-supereffective|p1a: Glimmora|2\n|-enditem|p1a: Glimmora|Focus Sash\n|-damage|p1a: Glimmora|1/100\n|-activate|p1a: Glimmora|ability: Toxic Debris\n|-sidestart|p2: fdthief|move: Toxic Spikes\n|move|p1a: Glimmora|Mud Shot|p2a: Garchomp\n|-damage|p2a: Garchomp|79/100\n|-unboost|p2a: Garchomp|spe|1\n|\n|upkeep\n|turn|2\n|\n|t:|1776601242\n|move|p1a: Glimmora|Mud Shot|p2a: Garchomp\n|-damage|p2a: Garchomp|58/100\n|-unboost|p2a: Garchomp|spe|1\n|move|p2a: Garchomp|Rock Tomb|p1a: Glimmora\n|-damage|p1a: Glimmora|0 fnt\n|-activate|p1a: Glimmora|ability: Toxic Debris\n|-sidestart|p2: fdthief|move: Toxic Spikes\n|faint|p1a: Glimmora\n|\n|upkeep\n|\n|t:|1776601246\n|switch|p1a: Floette|Floette-Eternal, L50, F|100/100\n|turn|3\n|\n|t:|1776601262\n|switch|p2a: Clefable|Clefable, L50, F|100/100\n|-status|p2a: Clefable|tox\n|detailschange|p1a: Floette|Floette-Mega, L50, F\n|-mega|p1a: Floette|Floette|Floettite\n|-ability|p1a: Floette|Fairy Aura\n|move|p1a: Floette|Moonblast|p2a: Clefable\n|-damage|p2a: Clefable|48/100 tox\n|\n|-damage|p2a: Clefable|42/100 tox|[from] psn\n|upkeep\n|turn|4\n|\n|t:|1776601273\n|detailschange|p2a: Clefable|Clefable-Mega, L50, F\n|-mega|p2a: Clefable|Clefable|Clefablite\n|move|p1a: Floette|Calm Mind|p1a: Floette\n|-boost|p1a: Floette|spa|1\n|-boost|p1a: Floette|spd|1\n|move|p2a: Clefable|Moonblast|p1a: Floette\n|-damage|p1a: Floette|75/100\n|\n|-damage|p2a: Clefable|30/100 tox|[from] psn\n|upkeep\n|turn|5\n|\n|t:|1776601282\n|move|p1a: Floette|Draining Kiss|p2a: Clefable\n|-damage|p2a: Clefable|0 fnt\n|-heal|p1a: Floette|99/100|[from] drain|[of] p2a: Clefable\n|faint|p2a: Clefable\n|\n|upkeep\n|\n|t:|1776601287\n|switch|p2a: Arcanine|Arcanine-Hisui, L50, M|100/100\n|-status|p2a: Arcanine|tox\n|turn|6\n|\n|t:|1776601296\n|move|p2a: Arcanine|Head Smash|p1a: Floette\n|-damage|p1a: Floette|46/100\n|move|p1a: Floette|Moonblast|p2a: Arcanine\n|-resisted|p2a: Arcanine|1\n|-damage|p2a: Arcanine|43/100 tox\n|\n|-damage|p2a: Arcanine|37/100 tox|[from] psn\n|upkeep\n|turn|7\n|\n|t:|1776601308\n|switch|p1a: Aegislash|Aegislash, L50, F|100/100\n|move|p2a: Arcanine|Head Smash|p1a: Aegislash|[miss]\n|-miss|p2a: Arcanine|p1a: Aegislash\n|\n|-damage|p2a: Arcanine|25/100 tox|[from] psn\n|upkeep\n|turn|8\n|\n|t:|1776601316\n|switch|p2a: Garchomp|Garchomp, L50, F|58/100\n|-status|p2a: Garchomp|tox\n|move|p1a: Aegislash|King's Shield||[still]\n|-fail|p1a: Aegislash\n|\n|-damage|p2a: Garchomp|52/100 tox|[from] psn\n|upkeep\n|turn|9\n|\n|t:|1776601323\n|move|p1a: Aegislash|King's Shield|p1a: Aegislash\n|-singleturn|p1a: Aegislash|Protect\n|move|p2a: Garchomp|Earthquake|p1a: Aegislash\n|-activate|p1a: Aegislash|move: Protect\n|\n|-damage|p2a: Garchomp|40/100 tox|[from] psn\n|upkeep\n|turn|10\n|\n|t:|1776601333\n|switch|p1a: Floette|Floette-Mega, L50, F|46/100\n|-ability|p1a: Floette|Fairy Aura\n|move|p2a: Garchomp|Earthquake|p1a: Floette\n|-damage|p1a: Floette|9/100\n|\n|-damage|p2a: Garchomp|22/100 tox|[from] psn\n|upkeep\n|turn|11\n|j| p74\n|\n|t:|1776601342\n|move|p2a: Garchomp|Earthquake|p1a: Floette\n|-damage|p1a: Floette|0 fnt\n|faint|p1a: Floette\n|\n|-damage|p2a: Garchomp|0 fnt|[from] psn\n|faint|p2a: Garchomp\n|upkeep\n|\n|t:|1776601348\n|switch|p2a: Arcanine|Arcanine-Hisui, L50, M|25/100 tox\n|switch|p1a: Aegislash|Aegislash, L50, F|100/100\n|turn|12\n|\n|t:|1776601353\n|move|p1a: Aegislash|King's Shield|p1a: Aegislash\n|-singleturn|p1a: Aegislash|Protect\n|move|p2a: Arcanine|Flare Blitz|p1a: Aegislash\n|-activate|p1a: Aegislash|move: Protect\n|-unboost|p2a: Arcanine|atk|1\n|\n|-damage|p2a: Arcanine|20/100 tox|[from] psn\n|upkeep\n|turn|13\n|-message|fdthief forfeited.\n|\n|win|bormanda\n|raw|bormanda's rating: 1224 &rarr; <strong>1251</strong><br />(+27 for winning)\n|raw|fdthief's rating: 1249 &rarr; <strong>1222</strong><br />(-27 for losing)\n|l|\u2606fdthief\n|player|p2|\n|l|\u2606bormanda\n|player|p1|\n",
  "uploadtime": 1776601401,
  "views": 1,
  "formatid": "gen9championsbssregma",
  "rating": 1222,
  "private": 0,
  "password": null
}