{
  "id": "gen9championsbssregma-2588406171",
  "format": "[Gen 9 Champions] BSS Reg M-A",
  "players": [
    "Poke Unc",
    "Zw0tt"
  ],
  "log": "|j|\u2606Poke Unc\n|j|\u2606Zw0tt\n|t:|1776630828\n|gametype|singles\n|player|p1|Poke Unc|palmer|1091\n|player|p2|Zw0tt|preschooler|1123\n|gen|9\n|tier|[Gen 9 Champions] BSS Reg M-A\n|rated|\n|rule|Species Clause: Limit one of each Pok\u00e9mon\n|rule|Item Clause: Limit 1 of each item\n|clearpoke\n|poke|p1|Salazzle, L50, F|\n|poke|p1|Gliscor, L50, M|\n|poke|p1|Feraligatr, L50, F|\n|poke|p1|Umbreon, L50, M|\n|poke|p1|Scizor, L50, F|\n|poke|p1|Clefable, L50, M|\n|poke|p2|Clefable, L50, F|\n|poke|p2|Rotom-Wash, L50|\n|poke|p2|Kingambit, L50, F|\n|poke|p2|Dragonite, L50, F|\n|poke|p2|Meowscarada, L50, F|\n|poke|p2|Toxapex, L50, M|\n|teampreview|3\n|\n|t:|1776630858\n|teamsize|p1|3\n|teamsize|p2|3\n|start\n|switch|p1a: Salazzle|Salazzle, L50, F|100/100\n|switch|p2a: Rotom|Rotom-Wash, L50|100/100\n|turn|1\n|inactive|Battle timer is ON: inactive players will automatically lose when time's up. (requested by Poke Unc)\n|\n|t:|1776630871\n|move|p1a: Salazzle|Substitute|p1a: Salazzle\n|-start|p1a: Salazzle|Substitute\n|-damage|p1a: Salazzle|76/100\n|move|p2a: Rotom|Hydro Pump|p1a: Salazzle|[miss]\n|-miss|p2a: Rotom|p1a: Salazzle\n|\n|-heal|p1a: Salazzle|82/100|[from] item: Leftovers\n|upkeep\n|turn|2\n|\n|t:|1776630875\n|move|p1a: Salazzle|Toxic|p2a: Rotom\n|-status|p2a: Rotom|tox\n|move|p2a: Rotom|Hydro Pump|p1a: Salazzle\n|-supereffective|p1a: Salazzle|1\n|-end|p1a: Salazzle|Substitute\n|\n|-heal|p1a: Salazzle|87/100|[from] item: Leftovers\n|-damage|p2a: Rotom|95/100 tox|[from] psn\n|upkeep\n|turn|3\n|\n|t:|1776630880\n|switch|p2a: Dragonite|Dragonite, L50, F|100/100\n|move|p1a: Salazzle|Substitute|p1a: Salazzle\n|-start|p1a: Salazzle|Substitute\n|-damage|p1a: Salazzle|63/100\n|\n|-heal|p1a: Salazzle|68/100|[from] item: Leftovers\n|upkeep\n|turn|4\n|\n|t:|1776630897\n|detailschange|p2a: Dragonite|Dragonite-Mega, L50, F\n|-mega|p2a: Dragonite|Dragonite|Dragoninite\n|move|p1a: Salazzle|Toxic|p2a: Dragonite\n|-status|p2a: Dragonite|tox\n|move|p2a: Dragonite|Dragon Dance|p2a: Dragonite\n|-boost|p2a: Dragonite|atk|1\n|-boost|p2a: Dragonite|spe|1\n|\n|-heal|p1a: Salazzle|74/100|[from] item: Leftovers\n|-damage|p2a: Dragonite|94/100 tox|[from] psn\n|upkeep\n|turn|5\n|\n|t:|1776630914\n|move|p2a: Dragonite|Dragon Dance|p2a: Dragonite\n|-boost|p2a: Dragonite|atk|1\n|-boost|p2a: Dragonite|spe|1\n|move|p1a: Salazzle|Substitute|p1a: Salazzle\n|-fail|p1a: Salazzle|move: Substitute\n|\n|-heal|p1a: Salazzle|80/100|[from] item: Leftovers\n|-damage|p2a: Dragonite|82/100 tox|[from] psn\n|upkeep\n|turn|6\n|\n|t:|1776630918\n|move|p2a: Dragonite|Earthquake|p1a: Salazzle\n|-supereffective|p1a: Salazzle|2\n|-end|p1a: Salazzle|Substitute\n|move|p1a: Salazzle|Substitute|p1a: Salazzle\n|-start|p1a: Salazzle|Substitute\n|-damage|p1a: Salazzle|55/100\n|\n|-heal|p1a: Salazzle|61/100|[from] item: Leftovers\n|-damage|p2a: Dragonite|64/100 tox|[from] psn\n|upkeep\n|turn|7\n|\n|t:|1776630925\n|move|p1a: Salazzle|Protect|p1a: Salazzle\n|-singleturn|p1a: Salazzle|Protect\n|move|p2a: Dragonite|Earthquake|p1a: Salazzle\n|-activate|p1a: Salazzle|move: Protect\n|\n|-heal|p1a: Salazzle|67/100|[from] item: Leftovers\n|-damage|p2a: Dragonite|40/100 tox|[from] psn\n|upkeep\n|turn|8\n|\n|t:|1776630929\n|move|p2a: Dragonite|Earthquake|p1a: Salazzle\n|-supereffective|p1a: Salazzle|2\n|-end|p1a: Salazzle|Substitute\n|move|p1a: Salazzle|Substitute|p1a: Salazzle\n|-start|p1a: Salazzle|Substitute\n|-damage|p1a: Salazzle|42/100\n|\n|-heal|p1a: Salazzle|48/100|[from] item: Leftovers\n|-damage|p2a: Dragonite|10/100 tox|[from] psn\n|upkeep\n|turn|9\n|-message|Zw0tt forfeited.\n|\n|win|Poke Unc\n|raw|Poke Unc's rating: 1091 &rarr; <strong>1120</strong><br />(+29 for winning)\n|raw|Zw0tt's rating: 1123 &rarr; <strong>1096</strong><br />(-27 for losing)\n|l|\u2606Zw0tt\n|player|p2|\n",
  "uploadtime": 1776630940,
  "views": 16,
  "formatid": "gen9championsbssregma",
  "rating": 1096,
  "private": 0,
  "password": null
}