{
  "id": "gen9championsbssregma-2584305709",
  "format": "[Gen 9 Champions] BSS Reg M-A",
  "players": [
    "BJZJS",
    "BandedRae"
  ],
  "log": "|j|\u2606BJZJS\n|j|\u2606BandedRae\n|t:|1776249369\n|gametype|singles\n|player|p1|BJZJS|1|1416\n|player|p2|BandedRae|266|1311\n|gen|9\n|tier|[Gen 9 Champions] BSS Reg M-A\n|rated|\n|rule|Species Clause: Limit one of each Pok\u00e9mon\n|rule|Item Clause: Limit 1 of each item\n|clearpoke\n|poke|p1|Floette-Eternal, L50, F|\n|poke|p1|Sneasler, L50, M|\n|poke|p1|Gyarados, L50, M|\n|poke|p1|Archaludon, L50, F|\n|poke|p1|Rotom-Heat, L50|\n|poke|p1|Mimikyu, L50, F|\n|poke|p2|Alakazam, L50, F|\n|poke|p2|Glimmora, L50, M|\n|poke|p2|Garchomp, L50, F|\n|poke|p2|Sneasler, L50, F|\n|poke|p2|Hydreigon, L50, F|\n|poke|p2|Clefable, L50, M|\n|teampreview|3\n|inactive|Battle timer is ON: inactive players will automatically lose when time's up. (requested by BandedRae)\n|j| prawny1111\n|j| p74\n|\n|t:|1776249401\n|teamsize|p1|3\n|teamsize|p2|3\n|start\n|switch|p1a: Archaludon|Archaludon, L50, F|100/100\n|switch|p2a: Glimmora|Glimmora, L50, M|100/100\n|turn|1\n|\n|t:|1776249411\n|move|p2a: Glimmora|Mud Shot|p1a: Archaludon\n|-supereffective|p1a: Archaludon|1\n|-damage|p1a: Archaludon|53/100\n|-unboost|p1a: Archaludon|spe|1\n|move|p1a: Archaludon|Flash Cannon|p2a: Glimmora\n|-supereffective|p2a: Glimmora|1\n|-enditem|p2a: Glimmora|Focus Sash\n|-damage|p2a: Glimmora|1/100\n|\n|upkeep\n|turn|2\n|l| prawny1111\n|inactive|BandedRae has 30 seconds left.\n|inactive|BandedRae has 20 seconds left.\n|\n|t:|1776249448\n|move|p2a: Glimmora|Stealth Rock|p1a: Archaludon\n|-sidestart|p1: BJZJS|move: Stealth Rock\n|move|p1a: Archaludon|Flash Cannon|p2a: Glimmora\n|-supereffective|p2a: Glimmora|1\n|-damage|p2a: Glimmora|0 fnt\n|faint|p2a: Glimmora\n|\n|upkeep\n|\n|t:|1776249455\n|switch|p2a: Hydreigon|Hydreigon, L50, F|100/100\n|turn|3\n|\n|t:|1776249464\n|move|p2a: Hydreigon|Flamethrower|p1a: Archaludon\n|-damage|p1a: Archaludon|9/100\n|move|p1a: Archaludon|Draco Meteor|p2a: Hydreigon\n|-supereffective|p2a: Hydreigon|1\n|-damage|p2a: Hydreigon|0 fnt\n|-unboost|p1a: Archaludon|spa|2\n|faint|p2a: Hydreigon\n|\n|upkeep\n|\n|t:|1776249470\n|switch|p2a: Clefable|Clefable, L50, M|100/100\n|turn|4\n|\n|t:|1776249474\n|move|p2a: Clefable|Calm Mind|p2a: Clefable\n|-boost|p2a: Clefable|spa|1\n|-boost|p2a: Clefable|spd|1\n|move|p1a: Archaludon|Flash Cannon|p2a: Clefable\n|-supereffective|p2a: Clefable|1\n|-damage|p2a: Clefable|44/100\n|\n|-heal|p2a: Clefable|50/100|[from] item: Leftovers\n|upkeep\n|turn|5\n|\n|t:|1776249483\n|move|p2a: Clefable|Calm Mind|p2a: Clefable\n|-boost|p2a: Clefable|spa|1\n|-boost|p2a: Clefable|spd|1\n|move|p1a: Archaludon|Flash Cannon|p2a: Clefable\n|-supereffective|p2a: Clefable|1\n|-damage|p2a: Clefable|8/100\n|\n|-heal|p2a: Clefable|14/100|[from] item: Leftovers\n|upkeep\n|turn|6\n|\n|t:|1776249490\n|move|p2a: Clefable|Moonlight|p2a: Clefable\n|-heal|p2a: Clefable|64/100\n|move|p1a: Archaludon|Flash Cannon|p2a: Clefable\n|-supereffective|p2a: Clefable|1\n|-damage|p2a: Clefable|19/100\n|\n|-heal|p2a: Clefable|25/100|[from] item: Leftovers\n|upkeep\n|turn|7\n|\n|t:|1776249497\n|move|p2a: Clefable|Moonlight|p2a: Clefable\n|-heal|p2a: Clefable|75/100\n|move|p1a: Archaludon|Flash Cannon|p2a: Clefable\n|-supereffective|p2a: Clefable|1\n|-crit|p2a: Clefable\n|-damage|p2a: Clefable|0 fnt\n|faint|p2a: Clefable\n|\n|win|BJZJS\n|raw|BJZJS's rating: 1416 &rarr; <strong>1430</strong><br />(+14 for winning)\n|raw|BandedRae's rating: 1311 &rarr; <strong>1297</strong><br />(-14 for losing)\n|c|\u2606BandedRae|Lucky bich\n|l|\u2606BandedRae\n|player|p2|\n|l|\u2606BJZJS\n|player|p1|\n",
  "uploadtime": 1776249927,
  "views": 3,
  "formatid": "gen9championsbssregma",
  "rating": 1297,
  "private": 0,
  "password": null
}