{
  "id": "gen9championsbssregma-2585384957",
  "format": "[Gen 9 Champions] BSS Reg M-A",
  "players": [
    "eat eggs 2",
    "BBBBbkty"
  ],
  "log": "|j|\u2606eat eggs 2\n|j|\u2606BBBBbkty\n|t:|1776343310\n|gametype|singles\n|player|p1|eat eggs 2|jasmine|1073\n|player|p2|BBBBbkty|101|1069\n|gen|9\n|tier|[Gen 9 Champions] BSS Reg M-A\n|rated|\n|rule|Species Clause: Limit one of each Pok\u00e9mon\n|rule|Item Clause: Limit 1 of each item\n|clearpoke\n|poke|p1|Froslass, L50, F|\n|poke|p1|Espathra, L50, F|\n|poke|p1|Ninetales-Alola, L50, F|\n|poke|p1|Basculegion, L50, M|\n|poke|p1|Meowscarada, L50, F|\n|poke|p1|Charizard, L50, M|\n|poke|p2|Dragapult, L50, M|\n|poke|p2|Alakazam, L50, F|\n|poke|p2|Azumarill, L50, F|\n|poke|p2|Aerodactyl, L50, M|\n|poke|p2|Floette-Eternal, L50, F|\n|poke|p2|Abomasnow, L50, F|\n|teampreview|3\n|inactive|Battle timer is ON: inactive players will automatically lose when time's up. (requested by BBBBbkty)\n|\n|t:|1776343332\n|teamsize|p1|3\n|teamsize|p2|3\n|start\n|switch|p1a: Kal'tsit|Meowscarada, L50, F|100/100\n|switch|p2a: Dragapult|Dragapult, L50, M, shiny|100/100\n|turn|1\n|\n|t:|1776343340\n|move|p1a: Kal'tsit|Knock Off|p2a: Dragapult\n|-start|p1a: Kal'tsit|typechange|Dark|[from] ability: Protean\n|-supereffective|p2a: Dragapult|1\n|-enditem|p2a: Dragapult|Focus Sash\n|-damage|p2a: Dragapult|1/100\n|move|p2a: Dragapult|Dragon Dance|p2a: Dragapult\n|-boost|p2a: Dragapult|atk|1\n|-boost|p2a: Dragapult|spe|1\n|\n|upkeep\n|turn|2\n|\n|t:|1776343347\n|move|p2a: Dragapult|Dragon Darts|p1a: Kal'tsit\n|-damage|p1a: Kal'tsit|43/100\n|-anim|p2a: Dragapult|Dragon Darts|p1a: Kal'tsit\n|-damage|p1a: Kal'tsit|0 fnt\n|faint|p1a: Kal'tsit\n|\n|upkeep\n|\n|t:|1776343352\n|switch|p1a: Heathcliff|Basculegion, L50, M, shiny|100/100\n|turn|3\n|\n|t:|1776343356\n|move|p1a: Heathcliff|Aqua Jet|p2a: Dragapult\n|-resisted|p2a: Dragapult|1\n|-damage|p2a: Dragapult|0 fnt\n|faint|p2a: Dragapult\n|\n|upkeep\n|inactive|BBBBbkty has 30 seconds left.\n|inactive|BBBBbkty has 20 seconds left.\n|\n|t:|1776343392\n|switch|p2a: Azumarill|Azumarill, L50, F|100/100\n|turn|4\n|\n|t:|1776343403\n|move|p1a: Heathcliff|Last Respects|p2a: Azumarill\n|-damage|p2a: Azumarill|45/100\n|move|p2a: Azumarill|Play Rough|p1a: Heathcliff\n|-damage|p1a: Heathcliff|60/100\n|\n|upkeep\n|turn|5\n|\n|t:|1776343411\n|move|p2a: Azumarill|Aqua Jet|p1a: Heathcliff\n|-resisted|p1a: Heathcliff|1\n|-damage|p1a: Heathcliff|52/100\n|move|p1a: Heathcliff|Last Respects|p2a: Azumarill\n|-damage|p2a: Azumarill|0 fnt\n|faint|p2a: Azumarill\n|\n|upkeep\n|\n|t:|1776343421\n|switch|p2a: Alakazam|Alakazam, L50, F, shiny|100/100\n|turn|6\n|\n|t:|1776343425\n|detailschange|p2a: Alakazam|Alakazam-Mega, L50, F, shiny\n|-mega|p2a: Alakazam|Alakazam|Alakazite\n|-ability|p2a: Alakazam|Adaptability|Trace|[from] ability: Trace|[of] p1a: Heathcliff\n|move|p1a: Heathcliff|Aqua Jet|p2a: Alakazam\n|-damage|p2a: Alakazam|38/100\n|move|p2a: Alakazam|Shadow Ball|p1a: Heathcliff\n|-supereffective|p1a: Heathcliff|1\n|-damage|p1a: Heathcliff|0 fnt\n|faint|p1a: Heathcliff\n|\n|upkeep\n|\n|t:|1776343433\n|switch|p1a: Charizard|Charizard, L50, M|100/100\n|turn|7\n|\n|t:|1776343442\n|detailschange|p1a: Charizard|Charizard-Mega-X, L50, M\n|-mega|p1a: Charizard|Charizard|Charizardite X\n|move|p2a: Alakazam|Shadow Ball|p1a: Charizard\n|-damage|p1a: Charizard|53/100\n|-unboost|p1a: Charizard|spd|1\n|move|p1a: Charizard|Dragon Claw|p2a: Alakazam\n|-damage|p2a: Alakazam|0 fnt\n|faint|p2a: Alakazam\n|\n|win|eat eggs 2\n|raw|eat eggs 2's rating: 1073 &rarr; <strong>1102</strong><br />(+29 for winning)\n|raw|BBBBbkty's rating: 1069 &rarr; <strong>1049</strong><br />(-20 for losing)\n",
  "uploadtime": 1776343448,
  "views": 7,
  "formatid": "gen9championsbssregma",
  "rating": 1049,
  "private": 0,
  "password": null
}