{
  "id": "gen9championsbssregma-2585249383",
  "format": "[Gen 9 Champions] BSS Reg M-A",
  "players": [
    "Delibird Heart",
    "epajfl"
  ],
  "log": "|j|\u2606Delibird Heart\n|j|\u2606epajfl\n|t:|1776329855\n|gametype|singles\n|player|p1|Delibird Heart|#omclihearttakers|1223\n|player|p2|epajfl|169|1106\n|gen|9\n|tier|[Gen 9 Champions] BSS Reg M-A\n|rated|\n|rule|Species Clause: Limit one of each Pok\u00e9mon\n|rule|Item Clause: Limit 1 of each item\n|clearpoke\n|poke|p1|Abomasnow, L50, F|\n|poke|p1|Glalie, L50, F|\n|poke|p1|Blastoise, L50, M|\n|poke|p1|Volcarona, L50, M|\n|poke|p1|Kingambit, L50, M|\n|poke|p1|Basculegion, L50, M|\n|poke|p2|Hydreigon, L50, F|\n|poke|p2|Beedrill, L50, F|\n|poke|p2|Kingambit, L50, F|\n|poke|p2|Charizard, L50, F|\n|poke|p2|Umbreon, L50, M|\n|poke|p2|Araquanid, L50, M|\n|teampreview|3\n|inactive|Battle timer is ON: inactive players will automatically lose when time's up. (requested by Delibird Heart)\n|\n|t:|1776329883\n|teamsize|p1|3\n|teamsize|p2|3\n|start\n|switch|p1a: Abomasnow|Abomasnow, L50, F|100/100\n|switch|p2a: Beedrill|Beedrill, L50, F|100/100\n|-weather|Snowscape|[from] ability: Snow Warning|[of] p1a: Abomasnow\n|turn|1\n|\n|t:|1776329892\n|detailschange|p2a: Beedrill|Beedrill-Mega, L50, F\n|-mega|p2a: Beedrill|Beedrill|Beedrillite\n|move|p2a: Beedrill|U-turn|p1a: Abomasnow\n|-supereffective|p1a: Abomasnow|1\n|-damage|p1a: Abomasnow|25/100\n|\n|t:|1776329898\n|switch|p2a: Araquanid|Araquanid, L50, M|100/100|[from] U-turn\n|move|p1a: Abomasnow|Aurora Veil|p1a: Abomasnow\n|-sidestart|p1: Delibird Heart|move: Aurora Veil\n|\n|-weather|Snowscape|[upkeep]\n|upkeep\n|turn|2\n|\n|t:|1776329907\n|switch|p1a: Glalie|Glalie, L50, F|100/100\n|move|p2a: Araquanid|Sticky Web|p1a: Glalie\n|-sidestart|p1: Delibird Heart|move: Sticky Web\n|\n|-weather|Snowscape|[upkeep]\n|-ability|p1a: Glalie|Moody|boost\n|-boost|p1a: Glalie|spe|2\n|-unboost|p1a: Glalie|spd|1\n|upkeep\n|turn|3\n|\n|t:|1776329916\n|move|p1a: Glalie|Double Team|p1a: Glalie\n|-boost|p1a: Glalie|evasion|1\n|move|p2a: Araquanid|Surf|p1a: Glalie\n|-damage|p1a: Glalie|61/100\n|\n|-weather|Snowscape|[upkeep]\n|-heal|p1a: Glalie|67/100|[from] item: Leftovers\n|-ability|p1a: Glalie|Moody|boost\n|-boost|p1a: Glalie|spe|2\n|-unboost|p1a: Glalie|def|1\n|upkeep\n|turn|4\n|\n|t:|1776329926\n|move|p1a: Glalie|Double Team|p1a: Glalie\n|-boost|p1a: Glalie|evasion|1\n|move|p2a: Araquanid|Surf|p1a: Glalie\n|-damage|p1a: Glalie|32/100\n|\n|-weather|Snowscape|[upkeep]\n|-heal|p1a: Glalie|38/100|[from] item: Leftovers\n|-ability|p1a: Glalie|Moody|boost\n|-boost|p1a: Glalie|spd|2\n|-unboost|p1a: Glalie|spe|1\n|upkeep\n|turn|5\n|\n|t:|1776329937\n|move|p1a: Glalie|Double Team|p1a: Glalie\n|-boost|p1a: Glalie|evasion|1\n|move|p2a: Araquanid|Surf|p1a: Glalie|[miss]\n|-miss|p2a: Araquanid|p1a: Glalie\n|\n|-weather|none\n|-heal|p1a: Glalie|44/100|[from] item: Leftovers\n|-sideend|p1: Delibird Heart|move: Aurora Veil\n|-ability|p1a: Glalie|Moody|boost\n|-boost|p1a: Glalie|atk|2\n|-unboost|p1a: Glalie|spa|1\n|upkeep\n|turn|6\n|\n|t:|1776329953\n|move|p1a: Glalie|Protect|p1a: Glalie\n|-singleturn|p1a: Glalie|Protect\n|move|p2a: Araquanid|Surf|p1a: Glalie\n|-activate|p1a: Glalie|move: Protect\n|\n|-heal|p1a: Glalie|50/100|[from] item: Leftovers\n|-ability|p1a: Glalie|Moody|boost\n|-boost|p1a: Glalie|atk|2\n|-unboost|p1a: Glalie|spa|1\n|upkeep\n|turn|7\n|\n|t:|1776329969\n|move|p1a: Glalie|Substitute|p1a: Glalie\n|-start|p1a: Glalie|Substitute\n|-damage|p1a: Glalie|25/100\n|move|p2a: Araquanid|Surf|p1a: Glalie\n|-end|p1a: Glalie|Substitute\n|\n|-heal|p1a: Glalie|31/100|[from] item: Leftovers\n|-ability|p1a: Glalie|Moody|boost\n|-boost|p1a: Glalie|spa|2\n|-unboost|p1a: Glalie|atk|1\n|upkeep\n|turn|8\n|\n|t:|1776329978\n|move|p1a: Glalie|Protect|p1a: Glalie\n|-singleturn|p1a: Glalie|Protect\n|move|p2a: Araquanid|Surf|p1a: Glalie\n|-activate|p1a: Glalie|move: Protect\n|\n|-heal|p1a: Glalie|37/100|[from] item: Leftovers\n|-ability|p1a: Glalie|Moody|boost\n|-boost|p1a: Glalie|spe|2\n|-unboost|p1a: Glalie|spd|1\n|upkeep\n|turn|9\n|\n|t:|1776329987\n|move|p1a: Glalie|Substitute|p1a: Glalie\n|-start|p1a: Glalie|Substitute\n|-damage|p1a: Glalie|12/100\n|move|p2a: Araquanid|Surf|p1a: Glalie|[miss]\n|-miss|p2a: Araquanid|p1a: Glalie\n|\n|-heal|p1a: Glalie|18/100|[from] item: Leftovers\n|-ability|p1a: Glalie|Moody|boost\n|-boost|p1a: Glalie|spa|2\n|-unboost|p1a: Glalie|spe|1\n|upkeep\n|turn|10\n|\n|t:|1776329996\n|move|p1a: Glalie|Protect|p1a: Glalie\n|-singleturn|p1a: Glalie|Protect\n|move|p2a: Araquanid|Surf|p1a: Glalie\n|-activate|p1a: Glalie|move: Protect\n|\n|-heal|p1a: Glalie|24/100|[from] item: Leftovers\n|-ability|p1a: Glalie|Moody|boost\n|-boost|p1a: Glalie|spe|2\n|-unboost|p1a: Glalie|def|1\n|upkeep\n|turn|11\n|\n|t:|1776330005\n|move|p1a: Glalie|Double Team|p1a: Glalie\n|-boost|p1a: Glalie|evasion|1\n|move|p2a: Araquanid|Surf|p1a: Glalie\n|-end|p1a: Glalie|Substitute\n|\n|-heal|p1a: Glalie|30/100|[from] item: Leftovers\n|-ability|p1a: Glalie|Moody|boost\n|-boost|p1a: Glalie|def|2\n|-unboost|p1a: Glalie|spe|1\n|upkeep\n|turn|12\n|\n|t:|1776330026\n|switch|p2a: Beedrill|Beedrill-Mega, L50, F|100/100\n|move|p1a: Glalie|Substitute|p1a: Glalie\n|-start|p1a: Glalie|Substitute\n|-damage|p1a: Glalie|5/100\n|\n|-heal|p1a: Glalie|11/100|[from] item: Leftovers\n|-ability|p1a: Glalie|Moody|boost\n|-boost|p1a: Glalie|atk|2\n|-unboost|p1a: Glalie|def|1\n|upkeep\n|turn|13\n|\n|t:|1776330038\n|move|p1a: Glalie|Protect|p1a: Glalie\n|-singleturn|p1a: Glalie|Protect\n|move|p2a: Beedrill|U-turn|p1a: Glalie\n|-activate|p1a: Glalie|move: Protect\n|\n|-heal|p1a: Glalie|17/100|[from] item: Leftovers\n|-ability|p1a: Glalie|Moody|boost\n|-boost|p1a: Glalie|spd|2\n|-unboost|p1a: Glalie|spa|1\n|upkeep\n|turn|14\n|\n|t:|1776330049\n|move|p1a: Glalie|Double Team|p1a: Glalie\n|-boost|p1a: Glalie|evasion|1\n|move|p2a: Beedrill|U-turn|p1a: Glalie|[miss]\n|-miss|p2a: Beedrill|p1a: Glalie\n|\n|-heal|p1a: Glalie|23/100|[from] item: Leftovers\n|-ability|p1a: Glalie|Moody|boost\n|-boost|p1a: Glalie|spa|2\n|-unboost|p1a: Glalie|spe|1\n|upkeep\n|turn|15\n|\n|t:|1776330060\n|move|p1a: Glalie|Protect|p1a: Glalie\n|-singleturn|p1a: Glalie|Protect\n|move|p2a: Beedrill|U-turn|p1a: Glalie\n|-activate|p1a: Glalie|move: Protect\n|\n|-heal|p1a: Glalie|29/100|[from] item: Leftovers\n|-ability|p1a: Glalie|Moody|boost\n|-boost|p1a: Glalie|spa|2\n|-unboost|p1a: Glalie|atk|1\n|upkeep\n|turn|16\n|\n|t:|1776330070\n|move|p1a: Glalie|Freeze-Dry|p2a: Beedrill\n|-damage|p2a: Beedrill|0 fnt\n|faint|p2a: Beedrill\n|\n|-heal|p1a: Glalie|35/100|[from] item: Leftovers\n|-ability|p1a: Glalie|Moody|boost\n|-boost|p1a: Glalie|spe|2\n|-unboost|p1a: Glalie|def|1\n|upkeep\n|\n|t:|1776330079\n|switch|p2a: Araquanid|Araquanid, L50, M|100/100\n|turn|17\n|\n|t:|1776330090\n|move|p1a: Glalie|Freeze-Dry|p2a: Araquanid\n|-supereffective|p2a: Araquanid|1\n|-damage|p2a: Araquanid|0 fnt\n|faint|p2a: Araquanid\n|\n|-heal|p1a: Glalie|41/100|[from] item: Leftovers\n|-ability|p1a: Glalie|Moody|boost\n|-boost|p1a: Glalie|spd|2\n|-unboost|p1a: Glalie|spa|1\n|upkeep\n|-message|epajfl forfeited.\n|\n|win|Delibird Heart\n|raw|Delibird Heart's rating: 1223 &rarr; <strong>1240</strong><br />(+17 for winning)\n|raw|epajfl's rating: 1106 &rarr; <strong>1089</strong><br />(-17 for losing)\n|l|\u2606epajfl\n|player|p2|\n",
  "uploadtime": 1776330100,
  "views": 24,
  "formatid": "gen9championsbssregma",
  "rating": 1089,
  "private": 0,
  "password": null
}