{
  "id": "gen9championsbssregma-2587999261",
  "format": "[Gen 9 Champions] BSS Reg M-A",
  "players": [
    "harap",
    "jamel1"
  ],
  "log": "|j|\u2606harap\n|j|\u2606jamel1\n|t:|1776590913\n|gametype|singles\n|player|p1|harap|101|1338\n|player|p2|jamel1|cyrus|1271\n|gen|9\n|tier|[Gen 9 Champions] BSS Reg M-A\n|rated|\n|rule|Species Clause: Limit one of each Pok\u00e9mon\n|rule|Item Clause: Limit 1 of each item\n|clearpoke\n|poke|p1|Ampharos, L50, F|\n|poke|p1|Scizor, L50, M|\n|poke|p1|Skarmory, L50, F|\n|poke|p1|Feraligatr, L50, M|\n|poke|p1|Slowking-Galar, L50, F|\n|poke|p1|Umbreon, L50, M|\n|poke|p2|Emboar, L50, M|\n|poke|p2|Abomasnow, L50, F|\n|poke|p2|Gyarados, L50, M, shiny|\n|poke|p2|Gengar, L50, F, shiny|\n|poke|p2|Hatterene, L50, F|\n|poke|p2|Lopunny, L50, F|\n|teampreview|3\n|\n|t:|1776590964\n|teamsize|p1|3\n|teamsize|p2|3\n|start\n|switch|p1a: Feraligatr|Feraligatr, L50, M|100/100\n|switch|p2a: Lopunny|Lopunny, L50, F|100/100\n|turn|1\n|\n|t:|1776590971\n|switch|p1a: Scizor|Scizor, L50, M|100/100\n|move|p2a: Lopunny|Cotton Guard|p2a: Lopunny\n|-boost|p2a: Lopunny|def|3\n|\n|upkeep\n|turn|2\n|\n|t:|1776590981\n|detailschange|p1a: Scizor|Scizor-Mega, L50, M\n|-mega|p1a: Scizor|Scizor|Scizorite\n|move|p2a: Lopunny|Cotton Guard|p2a: Lopunny\n|-boost|p2a: Lopunny|def|3\n|move|p1a: Scizor|U-turn|p2a: Lopunny\n|-damage|p2a: Lopunny|88/100\n|-start|p1a: Scizor|Attract|[from] ability: Cute Charm|[of] p2a: Lopunny\n|\n|t:|1776590989\n|switch|p1a: Slowking|Slowking-Galar, L50, F|100/100|[from] U-turn\n|\n|upkeep\n|turn|3\n|\n|t:|1776590994\n|move|p2a: Lopunny|Substitute|p2a: Lopunny\n|-start|p2a: Lopunny|Substitute\n|-damage|p2a: Lopunny|63/100\n|move|p1a: Slowking|Trick Room|p1a: Slowking\n|-fieldstart|move: Trick Room|[of] p1a: Slowking\n|\n|upkeep\n|turn|4\n|\n|t:|1776591003\n|move|p1a: Slowking|Psychic Noise|p2a: Lopunny\n|-damage|p2a: Lopunny|25/100\n|-start|p2a: Lopunny|move: Heal Block\n|move|p2a: Lopunny|Baton Pass|p2a: Lopunny\n|\n|t:|1776591009\n|switch|p2a: Hatterene|Hatterene, L50, F|100/100|[from] Baton Pass\n|\n|upkeep\n|turn|5\n|\n|t:|1776591017\n|move|p2a: Hatterene|Calm Mind|p2a: Hatterene\n|-boost|p2a: Hatterene|spa|1\n|-boost|p2a: Hatterene|spd|1\n|move|p1a: Slowking|Psychic Noise|p2a: Hatterene\n|-resisted|p2a: Hatterene|1\n|-damage|p2a: Hatterene|90/100\n|\n|-end|p2a: Hatterene|move: Heal Block\n|upkeep\n|turn|6\n|\n|t:|1776591033\n|move|p2a: Hatterene|Calm Mind|p2a: Hatterene\n|-boost|p2a: Hatterene|spa|1\n|-boost|p2a: Hatterene|spd|1\n|move|p1a: Slowking|Trick Room|p1a: Slowking\n|-fieldend|move: Trick Room\n|\n|upkeep\n|turn|7\n|\n|t:|1776591042\n|move|p1a: Slowking|Psychic Noise|p2a: Hatterene\n|-resisted|p2a: Hatterene|1\n|-damage|p2a: Hatterene|82/100\n|-start|p2a: Hatterene|move: Heal Block\n|move|p2a: Hatterene|Baton Pass|p2a: Hatterene\n|\n|t:|1776591048\n|switch|p2a: Lopunny|Lopunny, L50, F|25/100|[from] Baton Pass\n|\n|upkeep\n|turn|8\n|\n|t:|1776591053\n|move|p2a: Lopunny|Baton Pass|p2a: Lopunny\n|\n|t:|1776591055\n|switch|p2a: Hatterene|Hatterene, L50, F|82/100|[from] Baton Pass\n|move|p1a: Slowking|Psychic Noise|p2a: Hatterene\n|-resisted|p2a: Hatterene|1\n|-damage|p2a: Hatterene|75/100\n|\n|-end|p2a: Hatterene|move: Heal Block\n|upkeep\n|turn|9\n|\n|t:|1776591066\n|move|p1a: Slowking|Psychic Noise|p2a: Hatterene\n|-resisted|p2a: Hatterene|1\n|-damage|p2a: Hatterene|68/100\n|-start|p2a: Hatterene|move: Heal Block\n|move|p2a: Hatterene|Calm Mind|p2a: Hatterene\n|-boost|p2a: Hatterene|spa|1\n|-boost|p2a: Hatterene|spd|1\n|\n|upkeep\n|turn|10\n|\n|t:|1776591075\n|switch|p1a: Scizor|Scizor-Mega, L50, M|100/100\n|move|p2a: Hatterene|Stored Power|p1a: Scizor\n|-resisted|p1a: Scizor|1\n|-damage|p1a: Scizor|0 fnt\n|faint|p1a: Scizor\n|\n|-end|p2a: Hatterene|move: Heal Block\n|upkeep\n|-message|harap forfeited.\n|\n|win|jamel1\n|raw|harap's rating: 1338 &rarr; <strong>1314</strong><br />(-24 for losing)\n|raw|jamel1's rating: 1271 &rarr; <strong>1301</strong><br />(+30 for winning)\n|l|\u2606harap\n|player|p1|\n|l|\u2606jamel1\n|player|p2|\n",
  "uploadtime": 1776591090,
  "views": 5,
  "formatid": "gen9championsbssregma",
  "rating": 1301,
  "private": 0,
  "password": null
}