{
  "id": "gen9championsbssregma-2582175232",
  "format": "[Gen 9 Champions] BSS Reg M-A",
  "players": [
    "outofcure",
    "zaliyeyuan"
  ],
  "log": "|j|\u2606outofcure\n|j|\u2606zaliyeyuan\n|t:|1776067528\n|gametype|singles\n|player|p1|outofcure|bruno-gen3|1215\n|player|p2|zaliyeyuan|102|1314\n|gen|9\n|tier|[Gen 9 Champions] BSS Reg M-A\n|rated|\n|rule|Species Clause: Limit one of each Pok\u00e9mon\n|rule|Item Clause: Limit 1 of each item\n|clearpoke\n|poke|p1|Arcanine-Hisui, L50, M|\n|poke|p1|Chesnaught, L50, M|\n|poke|p1|Tyranitar, L50, F|\n|poke|p1|Rotom-Wash, L50|\n|poke|p1|Armarouge, L50, F|\n|poke|p1|Glimmora, L50, F|\n|poke|p2|Garchomp, L50, M|\n|poke|p2|Lopunny, L50, M|\n|poke|p2|Volcarona, L50, F|\n|poke|p2|Mimikyu, L50, M|\n|poke|p2|Corviknight, L50, F|\n|poke|p2|Rotom-Wash, L50|\n|teampreview|3\n|inactive|Battle timer is ON: inactive players will automatically lose when time's up. (requested by outofcure)\n|\n|t:|1776067582\n|teamsize|p1|3\n|teamsize|p2|3\n|start\n|switch|p1a: Rotom|Rotom-Wash, L50|100/100\n|switch|p2a: Garchomp|Garchomp, L50, M|100/100\n|turn|1\n|\n|t:|1776067592\n|move|p2a: Garchomp|Outrage|p1a: Rotom\n|-damage|p1a: Rotom|11/100\n|move|p1a: Rotom|Will-O-Wisp|p2a: Garchomp\n|-status|p2a: Garchomp|brn\n|\n|-damage|p2a: Garchomp|95/100 brn|[from] brn\n|upkeep\n|turn|2\n|\n|t:|1776067602\n|switch|p1a: Chesnaught|Chesnaught, L50, M|100/100\n|move|p2a: Garchomp|Outrage|p1a: Chesnaught|[from] lockedmove\n|-damage|p1a: Chesnaught|80/100\n|\n|-damage|p2a: Garchomp|89/100 brn|[from] brn\n|upkeep\n|turn|3\n|\n|t:|1776067611\n|detailschange|p1a: Chesnaught|Chesnaught-Mega, L50, M\n|-mega|p1a: Chesnaught|Chesnaught|Chesnaughtite\n|move|p2a: Garchomp|Outrage|p1a: Chesnaught|[from] lockedmove\n|-damage|p1a: Chesnaught|65/100\n|-start|p2a: Garchomp|confusion|[fatigue]\n|move|p1a: Chesnaught|Leech Seed|p2a: Garchomp\n|-start|p2a: Garchomp|move: Leech Seed\n|\n|-damage|p2a: Garchomp|76/100 brn|[from] Leech Seed|[of] p1a: Chesnaught\n|-heal|p1a: Chesnaught|77/100|[silent]\n|-damage|p2a: Garchomp|70/100 brn|[from] brn\n|upkeep\n|turn|4\n|\n|t:|1776067624\n|-activate|p2a: Garchomp|confusion\n|move|p2a: Garchomp|Stealth Rock|p1a: Chesnaught\n|-sidestart|p1: outofcure|move: Stealth Rock\n|move|p1a: Chesnaught|Leech Seed||[still]\n|-fail|p1a: Chesnaught\n|\n|-damage|p2a: Garchomp|58/100 brn|[from] Leech Seed|[of] p1a: Chesnaught\n|-heal|p1a: Chesnaught|89/100|[silent]\n|-damage|p2a: Garchomp|52/100 brn|[from] brn\n|upkeep\n|turn|5\n|\n|t:|1776067637\n|-activate|p2a: Garchomp|confusion\n|-damage|p2a: Garchomp|38/100 brn|[from] confusion\n|move|p1a: Chesnaught|Leech Seed|p2a: Garchomp|[miss]\n|-miss|p1a: Chesnaught|p2a: Garchomp\n|\n|-damage|p2a: Garchomp|26/100 brn|[from] Leech Seed|[of] p1a: Chesnaught\n|-heal|p1a: Chesnaught|100/100|[silent]\n|-damage|p2a: Garchomp|20/100 brn|[from] brn\n|upkeep\n|turn|6\n|\n|t:|1776067646\n|-end|p2a: Garchomp|confusion\n|move|p2a: Garchomp|Rock Tomb|p1a: Chesnaught\n|-resisted|p1a: Chesnaught|1\n|-damage|p1a: Chesnaught|98/100\n|-unboost|p1a: Chesnaught|spe|1\n|move|p1a: Chesnaught|Iron Defense|p1a: Chesnaught\n|-boost|p1a: Chesnaught|def|2\n|\n|-damage|p2a: Garchomp|8/100 brn|[from] Leech Seed|[of] p1a: Chesnaught\n|-heal|p1a: Chesnaught|100/100|[silent]\n|-damage|p2a: Garchomp|2/100 brn|[from] brn\n|upkeep\n|turn|7\n|-message|zaliyeyuan forfeited.\n|\n|win|outofcure\n|raw|outofcure's rating: 1215 &rarr; <strong>1247</strong><br />(+32 for winning)\n|raw|zaliyeyuan's rating: 1314 &rarr; <strong>1288</strong><br />(-26 for losing)\n",
  "uploadtime": 1776067667,
  "views": 12,
  "formatid": "gen9championsbssregma",
  "rating": 1247,
  "private": 0,
  "password": null
}