{
  "id": "gen9championsbssregma-2585202609",
  "format": "[Gen 9 Champions] BSS Reg M-A",
  "players": [
    "genba64",
    "DeaRubbish"
  ],
  "log": "|j|\u2606genba64\n|j|\u2606DeaRubbish\n|t:|1776324462\n|gametype|singles\n|player|p1|genba64|1|1341\n|player|p2|DeaRubbish|lass-gen4dp|1437\n|gen|9\n|tier|[Gen 9 Champions] BSS Reg M-A\n|rated|\n|rule|Species Clause: Limit one of each Pok\u00e9mon\n|rule|Item Clause: Limit 1 of each item\n|clearpoke\n|poke|p1|Garchomp, L50, M|\n|poke|p1|Umbreon, L50, M|\n|poke|p1|Floette-Eternal, L50, F|\n|poke|p1|Delphox, L50, F|\n|poke|p1|Meowscarada, L50, M|\n|poke|p1|Hippowdon, L50, F|\n|poke|p2|Garchomp, L50, M|\n|poke|p2|Gengar, L50, M|\n|poke|p2|Primarina, L50, M|\n|poke|p2|Corviknight, L50, F|\n|poke|p2|Umbreon, L50, M|\n|poke|p2|Clefable, L50, F|\n|teampreview|3\n|inactive|Battle timer is ON: inactive players will automatically lose when time's up. (requested by DeaRubbish)\n|\n|t:|1776324510\n|teamsize|p1|3\n|teamsize|p2|3\n|start\n|switch|p1a: Meowscarada|Meowscarada, L50, M|100/100\n|switch|p2a: Garchomp|Garchomp, L50, M|100/100\n|turn|1\n|\n|t:|1776324521\n|switch|p2a: Corviknight|Corviknight, L50, F|100/100\n|-ability|p2a: Corviknight|Pressure\n|move|p1a: Meowscarada|U-turn|p2a: Corviknight\n|-start|p1a: Meowscarada|typechange|Bug|[from] ability: Protean\n|-resisted|p2a: Corviknight|2\n|-damage|p2a: Corviknight|95/100\n|\n|t:|1776324528\n|switch|p1a: Delphox|Delphox, L50, F|100/100|[from] U-turn\n|\n|upkeep\n|turn|2\n|\n|t:|1776324536\n|switch|p2a: Garchomp|Garchomp, L50, M|100/100\n|detailschange|p1a: Delphox|Delphox-Mega, L50, F\n|-mega|p1a: Delphox|Delphox|Delphoxite\n|move|p1a: Delphox|Substitute|p1a: Delphox\n|-start|p1a: Delphox|Substitute\n|-damage|p1a: Delphox|76/100\n|\n|upkeep\n|turn|3\n|\n|t:|1776324544\n|move|p1a: Delphox|Dazzling Gleam|p2a: Garchomp\n|-supereffective|p2a: Garchomp|1\n|-damage|p2a: Garchomp|34/100\n|move|p2a: Garchomp|Rock Tomb|p1a: Delphox\n|-supereffective|p1a: Delphox|1\n|-end|p1a: Delphox|Substitute\n|\n|upkeep\n|turn|4\n|\n|t:|1776324551\n|move|p1a: Delphox|Dazzling Gleam|p2a: Garchomp\n|-supereffective|p2a: Garchomp|1\n|-crit|p2a: Garchomp\n|-damage|p2a: Garchomp|0 fnt\n|faint|p2a: Garchomp\n|\n|upkeep\n|\n|t:|1776324556\n|switch|p2a: Clefable|Clefable, L50, F|100/100\n|turn|5\n|\n|t:|1776324566\n|move|p1a: Delphox|Flamethrower|p2a: Clefable\n|-crit|p2a: Clefable\n|-damage|p2a: Clefable|23/100\n|move|p2a: Clefable|Cosmic Power|p2a: Clefable\n|-boost|p2a: Clefable|def|1\n|-boost|p2a: Clefable|spd|1\n|\n|upkeep\n|turn|6\n|\n|t:|1776324576\n|detailschange|p2a: Clefable|Clefable-Mega, L50, F\n|-mega|p2a: Clefable|Clefable|Clefablite\n|move|p1a: Delphox|Flamethrower|p2a: Clefable\n|-damage|p2a: Clefable|0 fnt\n|faint|p2a: Clefable\n|\n|upkeep\n|-message|DeaRubbish forfeited.\n|\n|win|genba64\n|raw|genba64's rating: 1341 &rarr; <strong>1366</strong><br />(+25 for winning)\n|raw|DeaRubbish's rating: 1437 &rarr; <strong>1412</strong><br />(-25 for losing)\n|l|\u2606DeaRubbish\n|player|p2|\n|l|\u2606genba64\n|player|p1|\n",
  "uploadtime": 1776324589,
  "views": 9,
  "formatid": "gen9championsbssregma",
  "rating": 1366,
  "private": 0,
  "password": null
}