{
  "id": "gen9championsbssregma-2587972103",
  "format": "[Gen 9 Champions] BSS Reg M-A",
  "players": [
    "asasdfaf",
    "kth0817"
  ],
  "log": "|j|\u2606asasdfaf\n|j|\u2606kth0817\n|t:|1776586883\n|gametype|singles\n|player|p1|asasdfaf|265|1297\n|player|p2|kth0817|101|1205\n|gen|9\n|tier|[Gen 9 Champions] BSS Reg M-A\n|rated|\n|rule|Species Clause: Limit one of each Pok\u00e9mon\n|rule|Item Clause: Limit 1 of each item\n|clearpoke\n|poke|p1|Feraligatr, L50, F|\n|poke|p1|Aegislash, L50, F|\n|poke|p1|Garchomp, L50, M|\n|poke|p1|Rotom-Heat, L50|\n|poke|p1|Venusaur, L50, M|\n|poke|p1|Clefable, L50, M|\n|poke|p2|Chandelure, L50, M|\n|poke|p2|Meowscarada, L50, F|\n|poke|p2|Mimikyu, L50, F|\n|poke|p2|Araquanid, L50, F|\n|poke|p2|Scizor, L50, F|\n|poke|p2|Lycanroc-Dusk, L50, M|\n|teampreview|3\n|inactive|Battle timer is ON: inactive players will automatically lose when time's up. (requested by kth0817)\n|inactive|kth0817 has 60 seconds left.\n|\n|t:|1776586928\n|teamsize|p1|3\n|teamsize|p2|3\n|start\n|switch|p1a: Rotom|Rotom-Heat, L50|100/100\n|switch|p2a: Lycanroc|Lycanroc-Dusk, L50, M|100/100\n|turn|1\n|\n|t:|1776586939\n|move|p1a: Rotom|Volt Switch|p2a: Lycanroc\n|-damage|p2a: Lycanroc|50/100\n|\n|t:|1776586943\n|switch|p1a: Garchomp|Garchomp, L50, M|100/100|[from] Volt Switch\n|move|p2a: Lycanroc|Stealth Rock|p1a: Garchomp\n|-sidestart|p1: asasdfaf|move: Stealth Rock\n|\n|upkeep\n|turn|2\n|\n|t:|1776586949\n|move|p2a: Lycanroc|Taunt|p1a: Garchomp\n|-start|p1a: Garchomp|move: Taunt\n|cant|p1a: Garchomp|move: Taunt|Stealth Rock\n|\n|upkeep\n|turn|3\n|\n|t:|1776586954\n|move|p2a: Lycanroc|Drill Run|p1a: Garchomp\n|-damage|p1a: Garchomp|63/100\n|-damage|p2a: Lycanroc|38/100|[from] ability: Rough Skin|[of] p1a: Garchomp\n|move|p1a: Garchomp|Scale Shot|p2a: Lycanroc\n|-damage|p2a: Lycanroc|15/100\n|-damage|p2a: Lycanroc|0 fnt\n|faint|p2a: Lycanroc\n|-hitcount|p2: Lycanroc|2\n|-unboost|p1a: Garchomp|def|1\n|-boost|p1a: Garchomp|spe|1\n|\n|upkeep\n|\n|t:|1776586960\n|switch|p2a: Scizor|Scizor, L50, F|100/100\n|turn|4\n|\n|t:|1776586965\n|move|p1a: Garchomp|Earthquake|p2a: Scizor\n|-damage|p2a: Scizor|43/100\n|move|p2a: Scizor|Knock Off|p1a: Garchomp\n|-damage|p1a: Garchomp|11/100\n|-damage|p2a: Scizor|30/100|[from] ability: Rough Skin|[of] p1a: Garchomp\n|-enditem|p1a: Garchomp|Focus Sash|[from] move: Knock Off|[of] p2a: Scizor\n|\n|-end|p1a: Garchomp|move: Taunt\n|upkeep\n|turn|5\n|\n|t:|1776586971\n|move|p1a: Garchomp|Earthquake|p2a: Scizor\n|-damage|p2a: Scizor|0 fnt\n|faint|p2a: Scizor\n|\n|upkeep\n|\n|t:|1776586974\n|switch|p2a: Mimikyu|Mimikyu, L50, F|100/100\n|turn|6\n|\n|t:|1776586980\n|move|p2a: Mimikyu|Shadow Sneak|p1a: Garchomp\n|-damage|p1a: Garchomp|0 fnt\n|-damage|p2a: Mimikyu|88/100|[from] ability: Rough Skin|[of] p1a: Garchomp\n|faint|p1a: Garchomp\n|\n|upkeep\n|\n|t:|1776586983\n|switch|p1a: Rotom|Rotom-Heat, L50|100/100\n|-damage|p1a: Rotom|76/100|[from] Stealth Rock\n|turn|7\n|\n|t:|1776586985\n|move|p1a: Rotom|Trick|p2a: Mimikyu\n|-activate|p1a: Rotom|move: Trick|[of] p2a: Mimikyu\n|-item|p2a: Mimikyu|Choice Scarf|[from] move: Trick\n|-item|p1a: Rotom|Spell Tag|[from] move: Trick\n|move|p2a: Mimikyu|Swords Dance|p2a: Mimikyu\n|-boost|p2a: Mimikyu|atk|2\n|\n|upkeep\n|turn|8\n|-message|kth0817 forfeited.\n|\n|win|asasdfaf\n|raw|asasdfaf's rating: 1297 &rarr; <strong>1316</strong><br />(+19 for winning)\n|raw|kth0817's rating: 1205 &rarr; <strong>1186</strong><br />(-19 for losing)\n|l|\u2606kth0817\n|player|p2|\n",
  "uploadtime": 1776586992,
  "views": 3,
  "formatid": "gen9championsbssregma",
  "rating": 1186,
  "private": 0,
  "password": null
}