{
  "id": "gen9championsbssregma-2587085736",
  "format": "[Gen 9 Champions] BSS Reg M-A",
  "players": [
    "deokso king",
    "ruriripoke"
  ],
  "log": "|j|\u2606deokso king\n|j|\u2606ruriripoke\n|t:|1776491388\n|gametype|singles\n|player|p1|deokso king|bellelba|1207\n|player|p2|ruriripoke|101|1245\n|gen|9\n|tier|[Gen 9 Champions] BSS Reg M-A\n|rated|\n|rule|Species Clause: Limit one of each Pok\u00e9mon\n|rule|Item Clause: Limit 1 of each item\n|clearpoke\n|poke|p1|Mimikyu, L50, M|\n|poke|p1|Primarina, L50, M|\n|poke|p1|Garchomp, L50, F|\n|poke|p1|Lucario, L50, F|\n|poke|p1|Charizard, L50, M|\n|poke|p1|Kingambit, L50, F|\n|poke|p2|Hippowdon, L50, M|\n|poke|p2|Charizard, L50, M|\n|poke|p2|Primarina, L50, M|\n|poke|p2|Meowscarada, L50, M|\n|poke|p2|Rotom-Wash, L50|\n|poke|p2|Mimikyu, L50, M|\n|teampreview|3\n|inactive|Battle timer is ON: inactive players will automatically lose when time's up. (requested by ruriripoke)\n|j| The Educated Fool\n|inactive|deokso king has 60 seconds left.\n|inactive|ruriripoke has 60 seconds left.\n|inactive|ruriripoke has 30 seconds left.\n|inactive|ruriripoke has 20 seconds left.\n|\n|t:|1776491458\n|teamsize|p1|3\n|teamsize|p2|3\n|start\n|switch|p1a: Primarina|Primarina, L50, M|100/100\n|switch|p2a: Meowscarada|Meowscarada, L50, M|100/100\n|turn|1\n|\n|t:|1776491467\n|switch|p1a: Charizard|Charizard, L50, M|100/100\n|move|p2a: Meowscarada|Flower Trick|p1a: Charizard\n|-start|p2a: Meowscarada|typechange|Grass|[from] ability: Protean\n|-resisted|p1a: Charizard|2\n|-crit|p1a: Charizard\n|-damage|p1a: Charizard|87/100\n|\n|upkeep\n|turn|2\n|\n|t:|1776491475\n|detailschange|p1a: Charizard|Charizard-Mega-X, L50, M\n|-mega|p1a: Charizard|Charizard|Charizardite X\n|move|p2a: Meowscarada|Knock Off|p1a: Charizard\n|-crit|p1a: Charizard\n|-damage|p1a: Charizard|60/100\n|move|p1a: Charizard|Dragon Dance|p1a: Charizard\n|-boost|p1a: Charizard|atk|1\n|-boost|p1a: Charizard|spe|1\n|\n|upkeep\n|turn|3\n|\n|t:|1776491489\n|move|p2a: Meowscarada|Sucker Punch|p1a: Charizard\n|-damage|p1a: Charizard|42/100\n|move|p1a: Charizard|Dragon Claw|p2a: Meowscarada\n|-damage|p2a: Meowscarada|1/100\n|\n|upkeep\n|turn|4\n|\n|t:|1776491505\n|move|p2a: Meowscarada|Sucker Punch||[still]\n|-fail|p2a: Meowscarada\n|move|p1a: Charizard|Dragon Dance|p1a: Charizard\n|-boost|p1a: Charizard|atk|1\n|-boost|p1a: Charizard|spe|1\n|\n|upkeep\n|turn|5\n|\n|t:|1776491514\n|move|p1a: Charizard|Dragon Claw|p2a: Meowscarada\n|-damage|p2a: Meowscarada|0 fnt\n|faint|p2a: Meowscarada\n|\n|upkeep\n|\n|t:|1776491516\n|switch|p2a: Hippowdon|Hippowdon, L50, M|100/100\n|-weather|Sandstorm|[from] ability: Sand Stream|[of] p2a: Hippowdon\n|turn|6\n|\n|t:|1776491526\n|move|p1a: Charizard|Flare Blitz|p2a: Hippowdon\n|-damage|p2a: Hippowdon|27/100\n|-enditem|p2a: Hippowdon|Sitrus Berry|[eat]\n|-heal|p2a: Hippowdon|52/100|[from] item: Sitrus Berry\n|-damage|p1a: Charizard|9/100|[from] Recoil\n|move|p2a: Hippowdon|Earthquake|p1a: Charizard\n|-supereffective|p1a: Charizard|1\n|-damage|p1a: Charizard|0 fnt\n|faint|p1a: Charizard\n|\n|-weather|Sandstorm|[upkeep]\n|upkeep\n|\n|t:|1776491534\n|switch|p1a: Primarina|Primarina, L50, M|100/100\n|turn|7\n|\n|t:|1776491537\n|move|p1a: Primarina|Calm Mind|p1a: Primarina\n|-boost|p1a: Primarina|spa|1\n|-boost|p1a: Primarina|spd|1\n|move|p2a: Hippowdon|Yawn|p1a: Primarina\n|-start|p1a: Primarina|move: Yawn|[of] p2a: Hippowdon\n|\n|-weather|Sandstorm|[upkeep]\n|-damage|p1a: Primarina|95/100|[from] Sandstorm\n|upkeep\n|turn|8\n|\n|t:|1776491546\n|move|p1a: Primarina|Sparkling Aria|p2a: Hippowdon\n|-supereffective|p2a: Hippowdon|1\n|-damage|p2a: Hippowdon|0 fnt\n|faint|p2a: Hippowdon\n|\n|-weather|Sandstorm|[upkeep]\n|-damage|p1a: Primarina|89/100|[from] Sandstorm\n|-end|p1a: Primarina|move: Yawn|[silent]\n|-status|p1a: Primarina|slp\n|upkeep\n|-enditem|p1a: Primarina|Chesto Berry|[eat]\n|-curestatus|p1a: Primarina|slp|[msg]\n|\n|t:|1776491548\n|switch|p2a: Charizard|Charizard, L50, M|100/100\n|turn|9\n|\n|t:|1776491558\n|detailschange|p2a: Charizard|Charizard-Mega-X, L50, M\n|-mega|p2a: Charizard|Charizard|Charizardite X\n|move|p2a: Charizard|Earthquake|p1a: Primarina\n|-damage|p1a: Primarina|60/100\n|move|p1a: Primarina|Sparkling Aria|p2a: Charizard\n|-damage|p2a: Charizard|28/100\n|\n|-weather|Sandstorm|[upkeep]\n|-damage|p2a: Charizard|22/100|[from] Sandstorm\n|-damage|p1a: Primarina|54/100|[from] Sandstorm\n|upkeep\n|turn|10\n|-message|ruriripoke forfeited.\n|\n|win|deokso king\n|raw|deokso king's rating: 1207 &rarr; <strong>1235</strong><br />(+28 for winning)\n|raw|ruriripoke's rating: 1245 &rarr; <strong>1217</strong><br />(-28 for losing)\n|l|\u2606deokso king\n|player|p1|\n|l|\u2606ruriripoke\n|player|p2|\n",
  "uploadtime": 1776491741,
  "views": 5,
  "formatid": "gen9championsbssregma",
  "rating": 1217,
  "private": 0,
  "password": null
}