{
  "id": "gen9championsbssregma-2588045783",
  "format": "[Gen 9 Champions] BSS Reg M-A",
  "players": [
    "com jewel",
    "sunshne"
  ],
  "log": "|j|\u203dcom jewel\n|j|\u2606sunshne\n|t:|1776597533\n|gametype|singles\n|player|p1|com jewel|101|1083\n|player|p2|sunshne|2|1139\n|gen|9\n|tier|[Gen 9 Champions] BSS Reg M-A\n|rated|\n|rule|Species Clause: Limit one of each Pok\u00e9mon\n|rule|Item Clause: Limit 1 of each item\n|clearpoke\n|poke|p1|Garchomp, L50, M, shiny|\n|poke|p1|Gengar, L50, F, shiny|\n|poke|p1|Primarina, L50, F, shiny|\n|poke|p1|Kingambit, L50, F, shiny|\n|poke|p1|Corviknight, L50, M|\n|poke|p1|Meganium, L50, M, shiny|\n|poke|p2|Froslass, L50, F, shiny|\n|poke|p2|Archaludon, L50, M|\n|poke|p2|Quaquaval, L50, M|\n|poke|p2|Garchomp, L50, M|\n|poke|p2|Kingambit, L50, M|\n|poke|p2|Charizard, L50, M|\n|teampreview|3\n|inactive|Battle timer is ON: inactive players will automatically lose when time's up. (requested by sunshne)\n|\n|t:|1776597558\n|teamsize|p1|3\n|teamsize|p2|3\n|start\n|switch|p1a: Garchomp|Garchomp, L50, M, shiny|100/100\n|switch|p2a: Archaludon|Archaludon, L50, M|100/100\n|turn|1\n|\n|t:|1776597568\n|move|p1a: Garchomp|Earthquake|p2a: Archaludon\n|-supereffective|p2a: Archaludon|1\n|-damage|p2a: Archaludon|32/100\n|-ability|p2a: Archaludon|Stamina|boost\n|-boost|p2a: Archaludon|def|1\n|-enditem|p2a: Archaludon|Sitrus Berry|[eat]\n|-heal|p2a: Archaludon|57/100|[from] item: Sitrus Berry\n|move|p2a: Archaludon|Stealth Rock|p1a: Garchomp\n|-sidestart|p1: com jewel|move: Stealth Rock\n|\n|upkeep\n|turn|2\n|\n|t:|1776597579\n|switch|p2a: Charizard|Charizard, L50, M|100/100\n|move|p1a: Garchomp|Earthquake|p2a: Charizard\n|-immune|p2a: Charizard\n|\n|upkeep\n|turn|3\n|\n|t:|1776597589\n|switch|p1a: Kingambit|Kingambit, L50, F, shiny|100/100\n|-damage|p1a: Kingambit|95/100|[from] Stealth Rock\n|detailschange|p2a: Charizard|Charizard-Mega-Y, L50, M\n|-mega|p2a: Charizard|Charizard|Charizardite Y\n|-weather|SunnyDay|[from] ability: Drought|[of] p2a: Charizard\n|move|p2a: Charizard|Overheat|p1a: Kingambit\n|-supereffective|p1a: Kingambit|1\n|-damage|p1a: Kingambit|0 fnt\n|-unboost|p2a: Charizard|spa|2\n|faint|p1a: Kingambit\n|-end|p1a: Kingambit|fallenundefined|[silent]\n|\n|-weather|SunnyDay|[upkeep]\n|upkeep\n|\n|t:|1776597598\n|switch|p1a: Garchomp|Garchomp, L50, M, shiny|100/100\n|-damage|p1a: Garchomp|95/100|[from] Stealth Rock\n|turn|4\n|\n|t:|1776597616\n|switch|p2a: Kingambit|Kingambit, L50, M|100/100\n|move|p1a: Garchomp|Rock Tomb|p2a: Kingambit\n|-resisted|p2a: Kingambit|1\n|-damage|p2a: Kingambit|93/100\n|-unboost|p2a: Kingambit|spe|1\n|-ability|p2a: Kingambit|Defiant|boost\n|-boost|p2a: Kingambit|atk|2\n|\n|-weather|SunnyDay|[upkeep]\n|upkeep\n|turn|5\n|-message|com jewel forfeited.\n|\n|win|sunshne\n|raw|com jewel's rating: 1083 &rarr; <strong>1064</strong><br />(-19 for losing)\n|raw|sunshne's rating: 1139 &rarr; <strong>1160</strong><br />(+21 for winning)\n|l|\u203dcom jewel\n|player|p1|\n",
  "uploadtime": 1776597681,
  "views": 2,
  "formatid": "gen9championsbssregma",
  "rating": 1064,
  "private": 0,
  "password": null
}