{
  "id": "gen9championsbssregma-2587926246",
  "format": "[Gen 9 Champions] BSS Reg M-A",
  "players": [
    "asasdfaf",
    "345tkym"
  ],
  "log": "|j|\u2606asasdfaf\n|j|\u2606345tkym\n|t:|1776580043\n|gametype|singles\n|player|p1|asasdfaf|265|1146\n|player|p2|345tkym|101|1101\n|gen|9\n|tier|[Gen 9 Champions] BSS Reg M-A\n|rated|\n|rule|Species Clause: Limit one of each Pok\u00e9mon\n|rule|Item Clause: Limit 1 of each item\n|clearpoke\n|poke|p1|Feraligatr, L50, F|\n|poke|p1|Scizor, L50, F|\n|poke|p1|Aegislash, L50, M|\n|poke|p1|Garchomp, L50, F|\n|poke|p1|Rotom-Heat, L50|\n|poke|p1|Roserade, L50, M|\n|poke|p2|Scizor, L50, M|\n|poke|p2|Diggersby, L50, M|\n|poke|p2|Meowscarada, L50, M|\n|poke|p2|Gengar, L50, F|\n|poke|p2|Emboar, L50, M|\n|poke|p2|Rotom-Wash, L50|\n|teampreview|3\n|\n|t:|1776580087\n|teamsize|p1|3\n|teamsize|p2|3\n|start\n|switch|p1a: Scizor|Scizor, L50, F|100/100\n|switch|p2a: Rotom|Rotom-Wash, L50|100/100\n|turn|1\n|inactive|Battle timer is ON: inactive players will automatically lose when time's up. (requested by asasdfaf)\n|\n|t:|1776580103\n|detailschange|p1a: Scizor|Scizor-Mega, L50, F\n|-mega|p1a: Scizor|Scizor|Scizorite\n|move|p2a: Rotom|Volt Switch|p1a: Scizor\n|-damage|p1a: Scizor|67/100\n|\n|t:|1776580107\n|switch|p2a: Emboar|Emboar, L50, M|100/100|[from] Volt Switch\n|move|p1a: Scizor|Knock Off|p2a: Emboar\n|-resisted|p2a: Emboar|1\n|-damage|p2a: Emboar|82/100\n|\n|upkeep\n|turn|2\n|\n|t:|1776580124\n|switch|p1a: Rotom|Rotom-Heat, L50|100/100\n|detailschange|p2a: Emboar|Emboar-Mega, L50, M\n|-mega|p2a: Emboar|Emboar|Emboarite\n|-ability|p2a: Emboar|Mold Breaker\n|move|p2a: Emboar|Bulk Up|p2a: Emboar\n|-boost|p2a: Emboar|atk|1\n|-boost|p2a: Emboar|def|1\n|\n|upkeep\n|turn|3\n|\n|t:|1776580131\n|move|p1a: Rotom|Discharge|p2a: Emboar\n|-damage|p2a: Emboar|51/100\n|-status|p2a: Emboar|par\n|move|p2a: Emboar|Drain Punch|p1a: Rotom\n|-damage|p1a: Rotom|12/100\n|-heal|p2a: Emboar|81/100 par|[from] drain|[of] p1a: Rotom\n|\n|upkeep\n|turn|4\n|\n|t:|1776580141\n|move|p2a: Emboar|Sucker Punch|p1a: Rotom\n|-damage|p1a: Rotom|0 fnt\n|faint|p1a: Rotom\n|\n|upkeep\n|\n|t:|1776580146\n|switch|p1a: Garchomp|Garchomp, L50, F|100/100\n|turn|5\n|\n|t:|1776580156\n|switch|p2a: Rotom|Rotom-Wash, L50|100/100\n|move|p1a: Garchomp|Earthquake|p2a: Rotom\n|-immune|p2a: Rotom|[from] ability: Levitate\n|\n|upkeep\n|turn|6\n|\n|t:|1776580161\n|switch|p1a: Scizor|Scizor-Mega, L50, F|67/100\n|move|p2a: Rotom|Will-O-Wisp|p1a: Scizor\n|-status|p1a: Scizor|brn\n|\n|-damage|p1a: Scizor|60/100 brn|[from] brn\n|upkeep\n|turn|7\n|\n|t:|1776580168\n|switch|p2a: Emboar|Emboar-Mega, L50, M|81/100 par\n|-ability|p2a: Emboar|Mold Breaker\n|move|p1a: Scizor|Swords Dance|p1a: Scizor\n|-boost|p1a: Scizor|atk|2\n|\n|-damage|p1a: Scizor|54/100 brn|[from] brn\n|upkeep\n|turn|8\n|\n|t:|1776580176\n|move|p1a: Scizor|Knock Off|p2a: Emboar\n|-resisted|p2a: Emboar|1\n|-damage|p2a: Emboar|64/100 par\n|move|p2a: Emboar|Bulk Up|p2a: Emboar\n|-boost|p2a: Emboar|atk|1\n|-boost|p2a: Emboar|def|1\n|\n|-damage|p1a: Scizor|48/100 brn|[from] brn\n|upkeep\n|turn|9\n|\n|t:|1776580180\n|move|p1a: Scizor|Knock Off|p2a: Emboar\n|-resisted|p2a: Emboar|1\n|-damage|p2a: Emboar|52/100 par\n|move|p2a: Emboar|Drain Punch|p1a: Scizor\n|-damage|p1a: Scizor|2/100 brn\n|-heal|p2a: Emboar|75/100 par|[from] drain|[of] p1a: Scizor\n|\n|-damage|p1a: Scizor|0 fnt|[from] brn\n|faint|p1a: Scizor\n|upkeep\n|\n|t:|1776580182\n|switch|p1a: Garchomp|Garchomp, L50, F|100/100\n|turn|10\n|\n|t:|1776580187\n|move|p2a: Emboar|Sucker Punch|p1a: Garchomp\n|-damage|p1a: Garchomp|58/100\n|-damage|p2a: Emboar|62/100 par|[from] ability: Rough Skin|[of] p1a: Garchomp\n|move|p1a: Garchomp|Earthquake|p2a: Emboar\n|-supereffective|p2a: Emboar|1\n|-damage|p2a: Emboar|0 fnt\n|faint|p2a: Emboar\n|\n|upkeep\n|\n|t:|1776580192\n|switch|p2a: Rotom|Rotom-Wash, L50|100/100\n|turn|11\n|\n|t:|1776580197\n|move|p2a: Rotom|Will-O-Wisp|p1a: Garchomp\n|-status|p1a: Garchomp|brn\n|move|p1a: Garchomp|Scale Shot|p2a: Rotom\n|-damage|p2a: Rotom|93/100\n|-damage|p2a: Rotom|84/100\n|-damage|p2a: Rotom|75/100\n|-hitcount|p2a: Rotom|3\n|-unboost|p1a: Garchomp|def|1\n|-boost|p1a: Garchomp|spe|1\n|\n|-damage|p1a: Garchomp|52/100 brn|[from] brn\n|upkeep\n|turn|12\n|\n|t:|1776580200\n|switch|p2a: Meowscarada|Meowscarada, L50, M|100/100\n|move|p1a: Garchomp|Scale Shot|p2a: Meowscarada\n|-damage|p2a: Meowscarada|89/100\n|-damage|p2a: Meowscarada|78/100\n|-damage|p2a: Meowscarada|67/100\n|-damage|p2a: Meowscarada|57/100\n|-damage|p2a: Meowscarada|46/100\n|-hitcount|p2a: Meowscarada|5\n|-unboost|p1a: Garchomp|def|1\n|-boost|p1a: Garchomp|spe|1\n|\n|-damage|p1a: Garchomp|46/100 brn|[from] brn\n|upkeep\n|turn|13\n|\n|t:|1776580204\n|move|p1a: Garchomp|Fire Fang|p2a: Meowscarada\n|-supereffective|p2a: Meowscarada|1\n|-damage|p2a: Meowscarada|8/100\n|move|p2a: Meowscarada|Flower Trick|p1a: Garchomp\n|-start|p2a: Meowscarada|typechange|Grass|[from] ability: Protean\n|-crit|p1a: Garchomp\n|-damage|p1a: Garchomp|0 fnt\n|faint|p1a: Garchomp\n|\n|win|345tkym\n|raw|asasdfaf's rating: 1146 &rarr; <strong>1118</strong><br />(-28 for losing)\n|raw|345tkym's rating: 1101 &rarr; <strong>1129</strong><br />(+28 for winning)\n",
  "uploadtime": 1776580208,
  "views": 4,
  "formatid": "gen9championsbssregma",
  "rating": 1118,
  "private": 0,
  "password": null
}