{
  "id": "gen9championsbssregma-2580929770",
  "format": "[Gen 9 Champions] BSS Reg M-A",
  "players": [
    "wadasdawdawd",
    "EstemanACG1"
  ],
  "log": "|j|\u2606wadasdawdawd\n|j|\u2606EstemanACG1\n|t:|1775944229\n|gametype|singles\n|player|p1|wadasdawdawd|barry|1000\n|player|p2|EstemanACG1|riley|1078\n|gen|9\n|tier|[Gen 9 Champions] BSS Reg M-A\n|rated|\n|rule|Species Clause: Limit one of each Pok\u00e9mon\n|rule|Item Clause: Limit 1 of each item\n|clearpoke\n|poke|p1|Heracross, L50, F|\n|poke|p1|Whimsicott, L50, M|\n|poke|p1|Samurott-Hisui, L50, M|\n|poke|p1|Kleavor, L50, M|\n|poke|p1|Floette-Eternal, L50, F|\n|poke|p1|Alakazam, L50, M|\n|poke|p2|Dragapult, L50, F|\n|poke|p2|Pinsir, L50, M|\n|poke|p2|Garganacl, L50, M|\n|poke|p2|Volcarona, L50, F|\n|poke|p2|Espathra, L50, M|\n|poke|p2|Polteageist-Antique, L50|\n|teampreview|3\n|inactive|Battle timer is ON: inactive players will automatically lose when time's up. (requested by wadasdawdawd)\n|c|\u2606EstemanACG1|glhf\n|inactive|wadasdawdawd has 60 seconds left.\n|inactive|EstemanACG1 has 60 seconds left.\n|\n|t:|1775944287\n|teamsize|p1|3\n|teamsize|p2|3\n|start\n|switch|p1a: Samurott|Samurott-Hisui, L50, M|100/100\n|switch|p2a: Polteageist|Polteageist-Antique, L50|100/100\n|turn|1\n|\n|t:|1775944292\n|switch|p2a: Garganacl|Garganacl, L50, M|100/100\n|move|p1a: Samurott|Ceaseless Edge|p2a: Garganacl\n|-damage|p2a: Garganacl|69/100\n|-sidestart|p2: EstemanACG1|Spikes\n|\n|-heal|p2a: Garganacl|76/100|[from] item: Leftovers\n|upkeep\n|turn|2\n|\n|t:|1775944294\n|move|p1a: Samurott|Ceaseless Edge|p2a: Garganacl\n|-damage|p2a: Garganacl|48/100\n|-sidestart|p2: EstemanACG1|Spikes\n|move|p2a: Garganacl|Body Press|p1a: Samurott\n|-supereffective|p1a: Samurott|1\n|-damage|p1a: Samurott|25/100\n|\n|-heal|p2a: Garganacl|54/100|[from] item: Leftovers\n|upkeep\n|turn|3\n|\n|t:|1775944297\n|move|p2a: Garganacl|Protect|p2a: Garganacl\n|-singleturn|p2a: Garganacl|Protect\n|move|p1a: Samurott|Ceaseless Edge|p2a: Garganacl\n|-activate|p2a: Garganacl|move: Protect\n|\n|-heal|p2a: Garganacl|60/100|[from] item: Leftovers\n|upkeep\n|turn|4\n|\n|t:|1775944301\n|move|p1a: Samurott|Ceaseless Edge|p2a: Garganacl\n|-damage|p2a: Garganacl|32/100\n|-sidestart|p2: EstemanACG1|Spikes\n|move|p2a: Garganacl|Recover|p2a: Garganacl\n|-heal|p2a: Garganacl|82/100\n|\n|-heal|p2a: Garganacl|88/100|[from] item: Leftovers\n|upkeep\n|turn|5\n|\n|t:|1775944304\n|switch|p1a: Whimsicott|Whimsicott, L50, M|100/100\n|move|p2a: Garganacl|Protect||[still]\n|-fail|p2a: Garganacl\n|\n|-heal|p2a: Garganacl|94/100|[from] item: Leftovers\n|upkeep\n|turn|6\n|\n|t:|1775944307\n|switch|p2a: Polteageist|Polteageist-Antique, L50|100/100\n|-damage|p2a: Polteageist|76/100|[from] Spikes\n|move|p1a: Whimsicott|Encore||[still]\n|-fail|p1a: Whimsicott\n|\n|upkeep\n|turn|7\n|\n|t:|1775944315\n|switch|p2a: Pinsir|Pinsir, L50, M|100/100\n|-damage|p2a: Pinsir|75/100|[from] Spikes\n|move|p1a: Whimsicott|Tailwind|p1a: Whimsicott\n|-sidestart|p1: wadasdawdawd|move: Tailwind\n|\n|upkeep\n|turn|8\n|\n|t:|1775944321\n|detailschange|p2a: Pinsir|Pinsir-Mega, L50, M\n|-mega|p2a: Pinsir|Pinsir|Pinsirite\n|move|p1a: Whimsicott|Memento|p2a: Pinsir\n|-unboost|p2a: Pinsir|atk|2\n|-unboost|p2a: Pinsir|spa|2\n|faint|p1a: Whimsicott\n|move|p2a: Pinsir|Body Slam|p1: Whimsicott|[notarget]\n|-fail|p2a: Pinsir\n|\n|upkeep\n|\n|t:|1775944326\n|switch|p1a: Heracross|Heracross, L50, F|100/100\n|turn|9\n|\n|t:|1775944333\n|switch|p2a: Polteageist|Polteageist-Antique, L50|76/100\n|-damage|p2a: Polteageist|52/100|[from] Spikes\n|detailschange|p1a: Heracross|Heracross-Mega, L50, F\n|-mega|p1a: Heracross|Heracross|Heracronite\n|move|p1a: Heracross|Pin Missile|p2a: Polteageist\n|-resisted|p2a: Polteageist|1\n|-damage|p2a: Polteageist|35/100\n|-ability|p2a: Polteageist|Weak Armor|boost\n|-unboost|p2a: Polteageist|def|1\n|-boost|p2a: Polteageist|spe|2\n|-resisted|p2a: Polteageist|1\n|-damage|p2a: Polteageist|10/100\n|-ability|p2a: Polteageist|Weak Armor|boost\n|-unboost|p2a: Polteageist|def|1\n|-boost|p2a: Polteageist|spe|2\n|-resisted|p2a: Polteageist|1\n|-damage|p2a: Polteageist|0 fnt\n|faint|p2a: Polteageist\n|-hitcount|p2: Polteageist|3\n|\n|upkeep\n|\n|t:|1775944336\n|switch|p2a: Pinsir|Pinsir-Mega, L50, M|75/100\n|turn|10\n|\n|t:|1775944360\n|move|p2a: Pinsir|Quick Attack|p1a: Heracross\n|-supereffective|p1a: Heracross|2\n|-damage|p1a: Heracross|0 fnt\n|faint|p1a: Heracross\n|\n|-sideend|p1: wadasdawdawd|move: Tailwind\n|upkeep\n|-message|wadasdawdawd forfeited.\n|\n|win|EstemanACG1\n|raw|wadasdawdawd's rating: 1040 &rarr; <strong>1026</strong><br />(-14 for losing)\n|raw|EstemanACG1's rating: 1078 &rarr; <strong>1103</strong><br />(+25 for winning)\n|l|\u2606wadasdawdawd\n|player|p1|\n",
  "uploadtime": 1775944366,
  "views": 11,
  "formatid": "gen9championsbssregma",
  "rating": 1026,
  "private": 0,
  "password": null
}