{
  "id": "gen9championsbssregma-2583799492",
  "format": "[Gen 9 Champions] BSS Reg M-A",
  "players": [
    "isaacmora22",
    "Saphir Alpha"
  ],
  "log": "|j|\u2606isaacmora22\n|j|\u2606Saphir Alpha\n|t:|1776198561\n|gametype|singles\n|player|p1|isaacmora22|hilbert|1064\n|player|p2|Saphir Alpha|norman-gen3|1000\n|gen|9\n|tier|[Gen 9 Champions] BSS Reg M-A\n|rated|\n|rule|Species Clause: Limit one of each Pok\u00e9mon\n|rule|Item Clause: Limit 1 of each item\n|clearpoke\n|poke|p1|Flareon, L50, M|\n|poke|p1|Dragonite, L50, M|\n|poke|p1|Luxray, L50, M|\n|poke|p1|Clawitzer, L50, M|\n|poke|p1|Sableye, L50, M|\n|poke|p2|Aerodactyl, L50, M|\n|poke|p2|Charizard, L50, M|\n|poke|p2|Starmie, L50|\n|poke|p2|Ditto, L50|\n|poke|p2|Aegislash, L50, M|\n|poke|p2|Dragonite, L50, M|\n|teampreview|3\n|inactive|Battle timer is ON: inactive players will automatically lose when time's up. (requested by Saphir Alpha)\n|inactive|Saphir Alpha has 60 seconds left.\n|\n|t:|1776198602\n|teamsize|p1|3\n|teamsize|p2|3\n|start\n|switch|p1a: Camden|Flareon, L50, M|100/100\n|switch|p2a: Aerodactyl|Aerodactyl, L50, M|100/100\n|-ability|p2a: Aerodactyl|Unnerve\n|turn|1\n|\n|t:|1776198615\n|move|p2a: Aerodactyl|Stealth Rock|p1a: Camden\n|-sidestart|p1: isaacmora22|move: Stealth Rock\n|move|p1a: Camden|Superpower|p2a: Aerodactyl\n|-damage|p2a: Aerodactyl|48/100\n|-unboost|p1a: Camden|atk|1\n|-unboost|p1a: Camden|def|1\n|\n|upkeep\n|turn|2\n|\n|t:|1776198626\n|switch|p1a: Rex|Luxray, L50, M|100/100\n|-damage|p1a: Rex|88/100|[from] Stealth Rock\n|-ability|p1a: Rex|Intimidate|boost\n|-unboost|p2a: Aerodactyl|atk|1\n|move|p2a: Aerodactyl|Stone Edge|p1a: Rex\n|-damage|p1a: Rex|46/100\n|\n|upkeep\n|turn|3\n|\n|t:|1776198640\n|move|p2a: Aerodactyl|Earthquake|p1a: Rex\n|-supereffective|p1a: Rex|1\n|-damage|p1a: Rex|0 fnt\n|faint|p1a: Rex\n|\n|upkeep\n|\n|t:|1776198646\n|switch|p1a: Camden|Flareon, L50, M|100/100\n|-damage|p1a: Camden|76/100|[from] Stealth Rock\n|turn|4\n|\n|t:|1776198652\n|move|p2a: Aerodactyl|Stone Edge|p1a: Camden|[miss]\n|-miss|p2a: Aerodactyl|p1a: Camden\n|move|p1a: Camden|Flare Blitz|p2a: Aerodactyl\n|-resisted|p2a: Aerodactyl|1\n|-crit|p2a: Aerodactyl\n|-damage|p2a: Aerodactyl|0 fnt\n|faint|p2a: Aerodactyl\n|-damage|p1a: Camden|60/100|[from] Recoil\n|\n|-heal|p1a: Camden|66/100|[from] item: Leftovers\n|upkeep\n|\n|t:|1776198665\n|switch|p2a: Dragonite|Dragonite, L50, M|100/100\n|turn|5\n|\n|t:|1776198671\n|move|p2a: Dragonite|Dragon Dance|p2a: Dragonite\n|-boost|p2a: Dragonite|atk|1\n|-boost|p2a: Dragonite|spe|1\n|move|p1a: Camden|Flare Blitz|p2a: Dragonite\n|-resisted|p2a: Dragonite|1\n|-damage|p2a: Dragonite|87/100\n|-status|p2a: Dragonite|brn\n|-enditem|p2a: Dragonite|Lum Berry|[eat]\n|-curestatus|p2a: Dragonite|brn|[msg]\n|-damage|p1a: Camden|62/100|[from] Recoil\n|\n|-heal|p1a: Camden|67/100|[from] item: Leftovers\n|upkeep\n|turn|6\n|\n|t:|1776198683\n|move|p2a: Dragonite|Earthquake|p1a: Camden\n|-supereffective|p1a: Camden|1\n|-damage|p1a: Camden|0 fnt\n|faint|p1a: Camden\n|\n|upkeep\n|\n|t:|1776198689\n|switch|p1a: Migo|Dragonite, L50, M|100/100\n|-damage|p1a: Migo|76/100|[from] Stealth Rock\n|turn|7\n|\n|t:|1776198694\n|detailschange|p1a: Migo|Dragonite-Mega, L50, M\n|-mega|p1a: Migo|Dragonite|Dragoninite\n|move|p2a: Dragonite|Outrage|p1a: Migo\n|-supereffective|p1a: Migo|1\n|-damage|p1a: Migo|0 fnt\n|faint|p1a: Migo\n|\n|win|Saphir Alpha\n|raw|isaacmora22's rating: 1064 &rarr; <strong>1041</strong><br />(-23 for losing)\n|raw|Saphir Alpha's rating: 1000 &rarr; <strong>1047</strong><br />(+47 for winning)\n|c|\u2606Saphir Alpha|ez\n|l|\u2606isaacmora22\n|player|p1|\n",
  "uploadtime": 1776198704,
  "views": 1,
  "formatid": "gen9championsbssregma",
  "rating": 1041,
  "private": 0,
  "password": null
}