{
  "id": "gen9championsbssregma-2585687306",
  "format": "[Gen 9 Champions] BSS Reg M-A",
  "players": [
    "dialestdial",
    "wahffuls"
  ],
  "log": "|j|\u2606dialestdial\n|j|\u2606wahffuls\n|t:|1776363774\n|gametype|singles\n|player|p1|dialestdial|plasmagruntf|1190\n|player|p2|wahffuls|dawn|1128\n|gen|9\n|tier|[Gen 9 Champions] BSS Reg M-A\n|rated|\n|rule|Species Clause: Limit one of each Pok\u00e9mon\n|rule|Item Clause: Limit 1 of each item\n|clearpoke\n|poke|p1|Floette-Eternal, L50, F|\n|poke|p1|Sneasler, L50, M|\n|poke|p1|Charizard, L50, F|\n|poke|p1|Meowscarada, L50, M|\n|poke|p1|Basculegion, L50, M|\n|poke|p1|Clefable, L50, M|\n|poke|p2|Blastoise, L50, M|\n|poke|p2|Meowscarada, L50, M|\n|poke|p2|Corviknight, L50, F|\n|poke|p2|Garchomp, L50, F|\n|poke|p2|Gengar, L50, M|\n|poke|p2|Kingambit, L50, M|\n|teampreview|3\n|inactive|Battle timer is ON: inactive players will automatically lose when time's up. (requested by dialestdial)\n|\n|t:|1776363804\n|teamsize|p1|3\n|teamsize|p2|3\n|start\n|switch|p1a: Floette|Floette-Eternal, L50, F|100/100\n|switch|p2a: Blastoise|Blastoise, L50, M|100/100\n|turn|1\n|\n|t:|1776363828\n|detailschange|p1a: Floette|Floette-Mega, L50, F\n|-mega|p1a: Floette|Floette|Floettite\n|-ability|p1a: Floette|Fairy Aura\n|detailschange|p2a: Blastoise|Blastoise-Mega, L50, M\n|-mega|p2a: Blastoise|Blastoise|Blastoisinite\n|move|p1a: Floette|Light of Ruin|p2a: Blastoise\n|-damage|p2a: Blastoise|0 fnt\n|faint|p2a: Blastoise\n|-damage|p1a: Floette|48/100|[from] Recoil\n|\n|upkeep\n|\n|t:|1776363841\n|switch|p2a: Gengar|Gengar, L50, M, shiny|100/100\n|turn|2\n|\n|t:|1776363848\n|move|p2a: Gengar|Sludge Wave|p1a: Floette\n|-supereffective|p1a: Floette|1\n|-damage|p1a: Floette|0 fnt\n|faint|p1a: Floette\n|\n|upkeep\n|\n|t:|1776363857\n|switch|p1a: Meowscarada|Meowscarada, L50, M|100/100\n|turn|3\n|\n|t:|1776363869\n|move|p2a: Gengar|Protect|p2a: Gengar\n|-singleturn|p2a: Gengar|Protect\n|move|p1a: Meowscarada|Throat Chop|p2a: Gengar\n|-start|p1a: Meowscarada|typechange|Dark|[from] ability: Protean\n|-activate|p2a: Gengar|move: Protect\n|\n|upkeep\n|turn|4\n|\n|t:|1776363879\n|move|p1a: Meowscarada|Throat Chop|p2a: Gengar\n|-supereffective|p2a: Gengar|1\n|-damage|p2a: Gengar|0 fnt\n|faint|p2a: Gengar\n|\n|upkeep\n|\n|t:|1776363883\n|switch|p2a: Kingambit|Kingambit, L50, M, shiny|100/100\n|-activate|p2a: Kingambit|ability: Supreme Overlord\n|-start|p2a: Kingambit|fallen2|[silent]\n|turn|5\n|\n|t:|1776363905\n|move|p1a: Meowscarada|Thunder Punch|p2a: Kingambit\n|-damage|p2a: Kingambit|83/100\n|move|p2a: Kingambit|Iron Head|p1a: Meowscarada\n|-damage|p1a: Meowscarada|3/100\n|\n|upkeep\n|turn|6\n|\n|t:|1776363916\n|move|p1a: Meowscarada|Sucker Punch||[still]\n|-fail|p1a: Meowscarada\n|move|p2a: Kingambit|Swords Dance|p2a: Kingambit\n|-boost|p2a: Kingambit|atk|2\n|\n|upkeep\n|turn|7\n|\n|t:|1776363924\n|move|p2a: Kingambit|Sucker Punch|p1a: Meowscarada\n|-resisted|p1a: Meowscarada|1\n|-damage|p1a: Meowscarada|0 fnt\n|faint|p1a: Meowscarada\n|\n|upkeep\n|\n|t:|1776363928\n|switch|p1a: Charizard|Charizard, L50, F|100/100\n|turn|8\n|\n|t:|1776363935\n|move|p1a: Charizard|Scorching Sands|p2a: Kingambit\n|-supereffective|p2a: Kingambit|1\n|-enditem|p2a: Kingambit|Shuca Berry|[eat]\n|-enditem|p2a: Kingambit|Shuca Berry|[weaken]\n|-damage|p2a: Kingambit|60/100\n|move|p2a: Kingambit|Kowtow Cleave|p1a: Charizard\n|-damage|p1a: Charizard|0 fnt\n|faint|p1a: Charizard\n|\n|win|wahffuls\n|raw|dialestdial's rating: 1190 &rarr; <strong>1161</strong><br />(-29 for losing)\n|raw|wahffuls's rating: 1128 &rarr; <strong>1157</strong><br />(+29 for winning)\n|l|\u2606dialestdial\n|player|p1|\n",
  "uploadtime": 1776363946,
  "views": 7,
  "formatid": "gen9championsbssregma",
  "rating": 1157,
  "private": 0,
  "password": null
}