{
  "id": "gen9championsbssregma-2583815092",
  "format": "[Gen 9 Champions] BSS Reg M-A",
  "players": [
    "magicmage0",
    "lio"
  ],
  "log": "|j|\u2606magicmage0\n|j|\u2606lio\n|t:|1776199827\n|gametype|singles\n|player|p1|magicmage0|skierf|1053\n|player|p2|lio|#lionyx2|1062\n|gen|9\n|tier|[Gen 9 Champions] BSS Reg M-A\n|rated|\n|rule|Species Clause: Limit one of each Pok\u00e9mon\n|rule|Item Clause: Limit 1 of each item\n|clearpoke\n|poke|p1|Beedrill, L50, F|\n|poke|p1|Ditto, L50|\n|poke|p1|Espathra, L50, F|\n|poke|p1|Aegislash, L50, M|\n|poke|p2|Aerodactyl, L50, M|\n|poke|p2|Charizard, L50, M|\n|poke|p2|Starmie, L50|\n|poke|p2|Ditto, L50|\n|poke|p2|Aegislash, L50, M|\n|poke|p2|Dragonite, L50, M|\n|teampreview|3\n|inactive|Battle timer is ON: inactive players will automatically lose when time's up. (requested by lio)\n|inactive|lio has 60 seconds left.\n|\n|t:|1776199876\n|teamsize|p1|3\n|teamsize|p2|3\n|start\n|switch|p1a: Simon|Beedrill, L50, F|100/100\n|switch|p2a: Aerodactyl|Aerodactyl, L50, M|100/100\n|-ability|p2a: Aerodactyl|Unnerve\n|turn|1\n|\n|t:|1776199887\n|switch|p1a: Espathra|Espathra, L50, F|100/100\n|move|p2a: Aerodactyl|Stone Edge|p1a: Espathra\n|-damage|p1a: Espathra|35/100\n|\n|upkeep\n|turn|2\n|\n|t:|1776199892\n|move|p1a: Espathra|Protect|p1a: Espathra\n|-singleturn|p1a: Espathra|Protect\n|move|p2a: Aerodactyl|Stone Edge|p1a: Espathra\n|-activate|p1a: Espathra|move: Protect\n|\n|-ability|p1a: Espathra|Speed Boost|boost\n|-boost|p1a: Espathra|spe|1\n|upkeep\n|turn|3\n|\n|t:|1776199908\n|move|p2a: Aerodactyl|Taunt|p1a: Espathra\n|-start|p1a: Espathra|move: Taunt\n|cant|p1a: Espathra|move: Taunt|Calm Mind\n|\n|-ability|p1a: Espathra|Speed Boost|boost\n|-boost|p1a: Espathra|spe|1\n|upkeep\n|turn|4\n|\n|t:|1776199915\n|move|p1a: Espathra|Stored Power|p2a: Aerodactyl\n|-damage|p2a: Aerodactyl|59/100\n|move|p2a: Aerodactyl|Stealth Rock|p1a: Espathra\n|-sidestart|p1: magicmage0|move: Stealth Rock\n|\n|-ability|p1a: Espathra|Speed Boost|boost\n|-boost|p1a: Espathra|spe|1\n|upkeep\n|turn|5\n|\n|t:|1776199927\n|move|p1a: Espathra|Stored Power|p2a: Aerodactyl\n|-damage|p2a: Aerodactyl|0 fnt\n|-enditem|p1a: Espathra|Sitrus Berry|[eat]\n|-heal|p1a: Espathra|59/100|[from] item: Sitrus Berry\n|faint|p2a: Aerodactyl\n|\n|-end|p1a: Espathra|move: Taunt\n|-ability|p1a: Espathra|Speed Boost|boost\n|-boost|p1a: Espathra|spe|1\n|upkeep\n|\n|t:|1776199937\n|switch|p2a: Aegislash|Aegislash, L50, M|100/100\n|turn|6\n|\n|t:|1776199943\n|move|p1a: Espathra|Protect|p1a: Espathra\n|-singleturn|p1a: Espathra|Protect\n|-formechange|p2a: Aegislash|Aegislash-Blade|\n|move|p2a: Aegislash|Shadow Sneak|p1a: Espathra\n|-activate|p1a: Espathra|move: Protect\n|\n|-ability|p1a: Espathra|Speed Boost|boost\n|-boost|p1a: Espathra|spe|1\n|upkeep\n|turn|7\n|\n|t:|1776199949\n|move|p2a: Aegislash|Shadow Sneak|p1a: Espathra\n|-supereffective|p1a: Espathra|1\n|-damage|p1a: Espathra|0 fnt\n|faint|p1a: Espathra\n|\n|upkeep\n|\n|t:|1776199952\n|switch|p1a: Simon|Beedrill, L50, F|100/100\n|-damage|p1a: Simon|75/100|[from] Stealth Rock\n|turn|8\n|\n|t:|1776199955\n|detailschange|p1a: Simon|Beedrill-Mega, L50, F\n|-mega|p1a: Simon|Beedrill|Beedrillite\n|-formechange|p2a: Aegislash|Aegislash|\n|move|p2a: Aegislash|King's Shield|p2a: Aegislash\n|-singleturn|p2a: Aegislash|Protect\n|move|p1a: Simon|Knock Off|p2a: Aegislash\n|-activate|p2a: Aegislash|move: Protect\n|-unboost|p1a: Simon|atk|1\n|\n|upkeep\n|turn|9\n|inactive|magicmage0 has 30 seconds left.\n|\n|t:|1776199982\n|switch|p1a: Ditto|Ditto, L50|100/100\n|-damage|p1a: Ditto|88/100|[from] Stealth Rock\n|-transform|p1a: Ditto|p2a: Aegislash|[from] ability: Imposter\n|-formechange|p2a: Aegislash|Aegislash-Blade|\n|move|p2a: Aegislash|Shadow Ball|p1a: Ditto\n|-supereffective|p1a: Ditto|1\n|-damage|p1a: Ditto|0 fnt\n|faint|p1a: Ditto\n|\n|upkeep\n|\n|t:|1776199983\n|switch|p1a: Simon|Beedrill-Mega, L50, F|75/100\n|-damage|p1a: Simon|50/100|[from] Stealth Rock\n|turn|10\n|\n|t:|1776199995\n|move|p2a: Aegislash|Shadow Sneak|p1a: Simon\n|-damage|p1a: Simon|0 fnt\n|faint|p1a: Simon\n|\n|win|lio\n|raw|magicmage0's rating: 1053 &rarr; <strong>1036</strong><br />(-17 for losing)\n|raw|lio's rating: 1062 &rarr; <strong>1092</strong><br />(+30 for winning)\n|l|\u2606magicmage0\n|player|p1|\n",
  "uploadtime": 1776200000,
  "views": 2,
  "formatid": "gen9championsbssregma",
  "rating": 1036,
  "private": 0,
  "password": null
}