{
  "id": "gen9championsbssregma-2585411832",
  "format": "[Gen 9 Champions] BSS Reg M-A",
  "players": [
    "89goblin",
    "BBBkty"
  ],
  "log": "|j|\u260689goblin\n|j|\u2606BBBkty\n|t:|1776345425\n|gametype|singles\n|player|p1|89goblin|pokemaniac|1034\n|player|p2|BBBkty|265|1074\n|gen|9\n|tier|[Gen 9 Champions] BSS Reg M-A\n|rated|\n|rule|Species Clause: Limit one of each Pok\u00e9mon\n|rule|Item Clause: Limit 1 of each item\n|clearpoke\n|poke|p1|Goodra-Hisui, L50, M|\n|poke|p1|Starmie, L50|\n|poke|p1|Archaludon, L50, F|\n|poke|p1|Primarina, L50, F|\n|poke|p1|Scovillain, L50, F|\n|poke|p1|Ditto, L50|\n|poke|p2|Dragapult, L50, F|\n|poke|p2|Alakazam, L50, M|\n|poke|p2|Azumarill, L50, M|\n|poke|p2|Clefable, L50, F|\n|poke|p2|Espathra, L50, F|\n|poke|p2|Glimmora, L50, M|\n|teampreview|3\n|inactive|Battle timer is ON: inactive players will automatically lose when time's up. (requested by BBBkty)\n|\n|t:|1776345447\n|teamsize|p1|3\n|teamsize|p2|3\n|start\n|switch|p1a: Starmie|Starmie, L50|100/100\n|switch|p2a: Glimmora|Glimmora, L50, M|100/100\n|turn|1\n|\n|t:|1776345457\n|switch|p1a: Ditto|Ditto, L50|100/100\n|-transform|p1a: Ditto|p2a: Glimmora|[from] ability: Imposter\n|move|p2a: Glimmora|Stealth Rock|p1a: Ditto\n|-sidestart|p1: 89goblin|move: Stealth Rock\n|\n|upkeep\n|turn|2\n|\n|t:|1776345467\n|move|p2a: Glimmora|Earth Power|p1a: Ditto\n|-supereffective|p1a: Ditto|2\n|-enditem|p1a: Ditto|Focus Sash\n|-damage|p1a: Ditto|1/100\n|move|p1a: Ditto|Earth Power|p2a: Glimmora\n|-supereffective|p2a: Glimmora|2\n|-enditem|p2a: Glimmora|Focus Sash\n|-damage|p2a: Glimmora|1/100\n|-unboost|p2a: Glimmora|spd|1\n|\n|upkeep\n|turn|3\n|\n|t:|1776345478\n|move|p1a: Ditto|Mortal Spin|p2a: Glimmora\n|-resisted|p2a: Glimmora|2\n|-damage|p2a: Glimmora|0 fnt\n|-activate|p2a: Glimmora|ability: Toxic Debris\n|-sidestart|p1: 89goblin|move: Toxic Spikes\n|-sideend|p1: 89goblin|Toxic Spikes|[from] move: Mortal Spin|[of] p1a: Ditto\n|-sideend|p1: 89goblin|Stealth Rock|[from] move: Mortal Spin|[of] p1a: Ditto\n|faint|p2a: Glimmora\n|\n|upkeep\n|\n|t:|1776345483\n|switch|p2a: Espathra|Espathra, L50, F, shiny|100/100\n|turn|4\n|\n|t:|1776345488\n|move|p2a: Espathra|Lumina Crash|p1a: Ditto\n|-supereffective|p1a: Ditto|1\n|-damage|p1a: Ditto|0 fnt\n|faint|p1a: Ditto\n|\n|-ability|p2a: Espathra|Speed Boost|boost\n|-boost|p2a: Espathra|spe|1\n|upkeep\n|\n|t:|1776345498\n|switch|p1a: Goodra|Goodra-Hisui, L50, M|100/100\n|turn|5\n|\n|t:|1776345502\n|move|p2a: Espathra|Protect|p2a: Espathra\n|-singleturn|p2a: Espathra|Protect\n|move|p1a: Goodra|Knock Off|p2a: Espathra\n|-activate|p2a: Espathra|move: Protect\n|\n|-ability|p2a: Espathra|Speed Boost|boost\n|-boost|p2a: Espathra|spe|1\n|upkeep\n|turn|6\n|\n|t:|1776345510\n|move|p2a: Espathra|Calm Mind|p2a: Espathra\n|-boost|p2a: Espathra|spa|1\n|-boost|p2a: Espathra|spd|1\n|move|p1a: Goodra|Knock Off|p2a: Espathra\n|-supereffective|p2a: Espathra|1\n|-damage|p2a: Espathra|33/100\n|-enditem|p2a: Espathra|Sitrus Berry|[from] move: Knock Off|[of] p1a: Goodra\n|\n|-ability|p2a: Espathra|Speed Boost|boost\n|-boost|p2a: Espathra|spe|1\n|upkeep\n|turn|7\n|\n|t:|1776345520\n|move|p2a: Espathra|Protect|p2a: Espathra\n|-singleturn|p2a: Espathra|Protect\n|move|p1a: Goodra|Knock Off|p2a: Espathra\n|-activate|p2a: Espathra|move: Protect\n|\n|-ability|p2a: Espathra|Speed Boost|boost\n|-boost|p2a: Espathra|spe|1\n|upkeep\n|turn|8\n|\n|t:|1776345527\n|move|p2a: Espathra|Baton Pass|p2a: Espathra\n|\n|t:|1776345530\n|switch|p2a: Clefable|Clefable, L50, F, shiny|100/100|[from] Baton Pass\n|move|p1a: Goodra|Knock Off|p2a: Clefable\n|-resisted|p2a: Clefable|1\n|-damage|p2a: Clefable|89/100\n|-start|p1a: Goodra|Attract|[from] ability: Cute Charm|[of] p2a: Clefable\n|\n|upkeep\n|turn|9\n|\n|t:|1776345545\n|detailschange|p2a: Clefable|Clefable-Mega, L50, F, shiny\n|-mega|p2a: Clefable|Clefable|Clefablite\n|move|p2a: Clefable|Cosmic Power|p2a: Clefable\n|-boost|p2a: Clefable|def|1\n|-boost|p2a: Clefable|spd|1\n|-activate|p1a: Goodra|move: Attract|[of] p2a: Clefable\n|move|p1a: Goodra|Iron Head|p2a: Clefable\n|-supereffective|p2a: Clefable|1\n|-damage|p2a: Clefable|48/100\n|\n|upkeep\n|turn|10\n|\n|t:|1776345554\n|move|p2a: Clefable|Moonlight|p2a: Clefable\n|-heal|p2a: Clefable|98/100\n|-activate|p1a: Goodra|move: Attract|[of] p2a: Clefable\n|cant|p1a: Goodra|Attract\n|\n|upkeep\n|turn|11\n|\n|t:|1776345574\n|move|p2a: Clefable|Cosmic Power|p2a: Clefable\n|-boost|p2a: Clefable|def|1\n|-boost|p2a: Clefable|spd|1\n|-activate|p1a: Goodra|move: Attract|[of] p2a: Clefable\n|move|p1a: Goodra|Iron Head|p2a: Clefable\n|-supereffective|p2a: Clefable|1\n|-damage|p2a: Clefable|62/100\n|\n|upkeep\n|turn|12\n|\n|t:|1776345582\n|move|p2a: Clefable|Cosmic Power|p2a: Clefable\n|-boost|p2a: Clefable|def|1\n|-boost|p2a: Clefable|spd|1\n|-activate|p1a: Goodra|move: Attract|[of] p2a: Clefable\n|cant|p1a: Goodra|Attract\n|\n|upkeep\n|turn|13\n|\n|t:|1776345592\n|move|p2a: Clefable|Cosmic Power|p2a: Clefable\n|-boost|p2a: Clefable|def|1\n|-boost|p2a: Clefable|spd|1\n|-activate|p1a: Goodra|move: Attract|[of] p2a: Clefable\n|move|p1a: Goodra|Iron Head|p2a: Clefable\n|-supereffective|p2a: Clefable|1\n|-damage|p2a: Clefable|37/100\n|\n|upkeep\n|turn|14\n|\n|t:|1776345599\n|move|p2a: Clefable|Moonlight|p2a: Clefable\n|-heal|p2a: Clefable|87/100\n|-activate|p1a: Goodra|move: Attract|[of] p2a: Clefable\n|cant|p1a: Goodra|Attract\n|\n|upkeep\n|turn|15\n|\n|t:|1776345613\n|move|p2a: Clefable|Cosmic Power|p2a: Clefable\n|-boost|p2a: Clefable|def|1\n|-boost|p2a: Clefable|spd|1\n|-activate|p1a: Goodra|move: Attract|[of] p2a: Clefable\n|move|p1a: Goodra|Iron Head|p2a: Clefable\n|-supereffective|p2a: Clefable|1\n|-damage|p2a: Clefable|66/100\n|\n|upkeep\n|turn|16\n|\n|t:|1776345621\n|move|p2a: Clefable|Moonlight|p2a: Clefable\n|-heal|p2a: Clefable|100/100\n|-activate|p1a: Goodra|move: Attract|[of] p2a: Clefable\n|move|p1a: Goodra|Iron Head|p2a: Clefable\n|-supereffective|p2a: Clefable|1\n|-damage|p2a: Clefable|82/100\n|\n|upkeep\n|turn|17\n|\n|t:|1776345630\n|move|p2a: Clefable|Cosmic Power|p2a: Clefable\n|-boost|p2a: Clefable|def|1\n|-boost|p2a: Clefable|spd|0\n|-activate|p1a: Goodra|move: Attract|[of] p2a: Clefable\n|move|p1a: Goodra|Iron Head|p2a: Clefable\n|-supereffective|p2a: Clefable|1\n|-damage|p2a: Clefable|63/100\n|\n|upkeep\n|turn|18\n|\n|t:|1776345651\n|move|p2a: Clefable|Stored Power|p1a: Goodra\n|-resisted|p1a: Goodra|1\n|-damage|p1a: Goodra|51/100\n|-activate|p1a: Goodra|move: Attract|[of] p2a: Clefable\n|cant|p1a: Goodra|Attract\n|\n|-heal|p1a: Goodra|57/100|[from] item: Leftovers\n|upkeep\n|turn|19\n|\n|t:|1776345663\n|move|p2a: Clefable|Moonlight|p2a: Clefable\n|-heal|p2a: Clefable|100/100\n|-activate|p1a: Goodra|move: Attract|[of] p2a: Clefable\n|cant|p1a: Goodra|Attract\n|\n|-heal|p1a: Goodra|63/100|[from] item: Leftovers\n|upkeep\n|turn|20\n|\n|t:|1776345675\n|-activate|p1a: Goodra|move: Attract|[of] p2a: Clefable\n|cant|p1a: Goodra|Attract\n|move|p2a: Clefable|Stored Power|p1a: Goodra\n|-resisted|p1a: Goodra|1\n|-damage|p1a: Goodra|11/100\n|\n|-heal|p1a: Goodra|17/100|[from] item: Leftovers\n|upkeep\n|turn|21\n|\n|t:|1776345687\n|-activate|p1a: Goodra|move: Attract|[of] p2a: Clefable\n|cant|p1a: Goodra|Attract\n|move|p2a: Clefable|Stored Power|p1a: Goodra\n|-resisted|p1a: Goodra|1\n|-damage|p1a: Goodra|0 fnt\n|faint|p1a: Goodra\n|\n|upkeep\n|\n|t:|1776345702\n|switch|p1a: Starmie|Starmie, L50|100/100\n|turn|22\n|\n|t:|1776345705\n|detailschange|p1a: Starmie|Starmie-Mega, L50\n|-mega|p1a: Starmie|Starmie|Starminite\n|move|p2a: Clefable|Stored Power|p1a: Starmie\n|-resisted|p1a: Starmie|1\n|-damage|p1a: Starmie|3/100\n|move|p1a: Starmie|Liquidation|p2a: Clefable\n|-damage|p2a: Clefable|85/100\n|\n|upkeep\n|turn|23\n|\n|t:|1776345718\n|move|p2a: Clefable|Moonblast|p1a: Starmie\n|-damage|p1a: Starmie|0 fnt\n|faint|p1a: Starmie\n|\n|win|BBBkty\n|raw|89goblin's rating: 1034 &rarr; <strong>1021</strong><br />(-13 for losing)\n|raw|BBBkty's rating: 1074 &rarr; <strong>1100</strong><br />(+26 for winning)\n",
  "uploadtime": 1776345721,
  "views": 7,
  "formatid": "gen9championsbssregma",
  "rating": 1021,
  "private": 0,
  "password": null
}