{
  "id": "gen9championsbssregma-2587538330",
  "format": "[Gen 9 Champions] BSS Reg M-A",
  "players": [
    "Lord Queefus",
    "alswnsjsid"
  ],
  "log": "|j|\u2606Lord Queefus\n|j|\u2606alswnsjsid\n|t:|1776540415\n|gametype|singles\n|player|p1|Lord Queefus|swimmer-gen4dp|1163\n|player|p2|alswnsjsid|caitlin|1258\n|gen|9\n|tier|[Gen 9 Champions] BSS Reg M-A\n|rated|\n|rule|Species Clause: Limit one of each Pok\u00e9mon\n|rule|Item Clause: Limit 1 of each item\n|clearpoke\n|poke|p1|Beedrill, L50, F|\n|poke|p1|Rotom-Wash, L50|\n|poke|p1|Dragapult, L50, F|\n|poke|p1|Meowscarada, L50, M|\n|poke|p1|Lopunny, L50, M|\n|poke|p1|Volcarona, L50, F|\n|poke|p2|Greninja, L50, F, shiny|\n|poke|p2|Charizard, L50, M, shiny|\n|poke|p2|Mimikyu, L50, F, shiny|\n|poke|p2|Hippowdon, L50, M, shiny|\n|poke|p2|Corviknight, L50, M, shiny|\n|poke|p2|Lucario, L50, F, shiny|\n|teampreview|3\n|j| huhyuhyuhyuh\n|inactive|Battle timer is ON: inactive players will automatically lose when time's up. (requested by alswnsjsid)\n|\n|t:|1776540513\n|teamsize|p1|3\n|teamsize|p2|3\n|start\n|switch|p1a: Rotom|Rotom-Wash, L50|100/100\n|switch|p2a: Hippowdon|Hippowdon, L50, M, shiny|100/100\n|-weather|Sandstorm|[from] ability: Sand Stream|[of] p2a: Hippowdon\n|turn|1\n|\n|t:|1776540529\n|move|p1a: Rotom|Hydro Pump|p2a: Hippowdon\n|-supereffective|p2a: Hippowdon|1\n|-damage|p2a: Hippowdon|16/100\n|-enditem|p2a: Hippowdon|Sitrus Berry|[eat]\n|-heal|p2a: Hippowdon|40/100|[from] item: Sitrus Berry\n|move|p2a: Hippowdon|Stealth Rock|p1a: Rotom\n|-sidestart|p1: Lord Queefus|move: Stealth Rock\n|\n|-weather|Sandstorm|[upkeep]\n|-damage|p1a: Rotom|95/100|[from] Sandstorm\n|-heal|p1a: Rotom|100/100|[from] item: Leftovers\n|upkeep\n|turn|2\n|\n|t:|1776540542\n|switch|p2a: Lucario|Lucario, L50, F, shiny|100/100\n|move|p1a: Rotom|Hydro Pump|p2a: Lucario\n|-damage|p2a: Lucario|24/100\n|\n|-weather|Sandstorm|[upkeep]\n|-damage|p1a: Rotom|95/100|[from] Sandstorm\n|-heal|p1a: Rotom|100/100|[from] item: Leftovers\n|upkeep\n|turn|3\n|\n|t:|1776540556\n|detailschange|p2a: Lucario|Lucario-Mega, L50, F, shiny\n|-mega|p2a: Lucario|Lucario|Lucarionite\n|move|p2a: Lucario|Close Combat|p1a: Rotom\n|-damage|p1a: Rotom|0 fnt\n|-unboost|p2a: Lucario|def|1\n|-unboost|p2a: Lucario|spd|1\n|faint|p1a: Rotom\n|\n|-weather|Sandstorm|[upkeep]\n|upkeep\n|inactive|Lord Queefus has 30 seconds left.\n|\n|t:|1776540583\n|switch|p1a: Lopunny|Lopunny, L50, M|100/100\n|-damage|p1a: Lopunny|88/100|[from] Stealth Rock\n|turn|4\n|inactive|alswnsjsid has 30 seconds left.\n|\n|t:|1776540613\n|detailschange|p1a: Lopunny|Lopunny-Mega, L50, M\n|-mega|p1a: Lopunny|Lopunny|Lopunnite\n|move|p2a: Lucario|Extreme Speed|p1a: Lopunny\n|-damage|p1a: Lopunny|48/100\n|move|p1a: Lopunny|Drain Punch|p2a: Lucario\n|-supereffective|p2a: Lucario|1\n|-damage|p2a: Lucario|0 fnt\n|-heal|p1a: Lopunny|61/100|[from] drain|[of] p2a: Lucario\n|faint|p2a: Lucario\n|\n|-weather|Sandstorm|[upkeep]\n|-damage|p1a: Lopunny|55/100|[from] Sandstorm\n|upkeep\n|\n|t:|1776540627\n|switch|p2a: Mimikyu|Mimikyu, L50, F, shiny|100/100\n|turn|5\n|\n|t:|1776540635\n|move|p1a: Lopunny|Cotton Guard|p1a: Lopunny\n|-boost|p1a: Lopunny|def|3\n|move|p2a: Mimikyu|Play Rough|p1a: Lopunny\n|-supereffective|p1a: Lopunny|1\n|-damage|p1a: Lopunny|11/100\n|\n|-weather|none\n|upkeep\n|turn|6\n|\n|t:|1776540646\n|move|p1a: Lopunny|Drain Punch|p2a: Mimikyu\n|-activate|p2a: Mimikyu|ability: Disguise\n|-damage|p2a: Mimikyu|100/100\n|detailschange|p2a: Mimikyu|Mimikyu-Busted, L50, F, shiny\n|-damage|p2a: Mimikyu|89/100|[from] pokemon: Mimikyu-Busted\n|move|p2a: Mimikyu|Play Rough|p1a: Lopunny|[miss]\n|-miss|p2a: Mimikyu|p1a: Lopunny\n|\n|upkeep\n|turn|7\n|-message|alswnsjsid forfeited.\n|\n|win|Lord Queefus\n|raw|Lord Queefus's rating: 1163 &rarr; <strong>1195</strong><br />(+32 for winning)\n|raw|alswnsjsid's rating: 1258 &rarr; <strong>1226</strong><br />(-32 for losing)\n|l|\u2606alswnsjsid\n|player|p2|\n|l| huhyuhyuhyuh\n",
  "uploadtime": 1776540790,
  "views": 2,
  "formatid": "gen9championsbssregma",
  "rating": 1195,
  "private": 0,
  "password": null
}