{
  "id": "gen9championsbssregma-2586990800",
  "format": "[Gen 9 Champions] BSS Reg M-A",
  "players": [
    "LOL.XD.9",
    "ruriripoke"
  ],
  "log": "|j|\u2606LOL.XD.9\n|j|\u2606ruriripoke\n|t:|1776478909\n|gametype|singles\n|player|p1|LOL.XD.9|red|1241\n|player|p2|ruriripoke|101|1162\n|gen|9\n|tier|[Gen 9 Champions] BSS Reg M-A\n|rated|\n|rule|Species Clause: Limit one of each Pok\u00e9mon\n|rule|Item Clause: Limit 1 of each item\n|clearpoke\n|poke|p1|Corviknight, L50, M|\n|poke|p1|Garchomp, L50, M|\n|poke|p1|Hawlucha, L50, M|\n|poke|p1|Sylveon, L50, F|\n|poke|p1|Greninja-*, L50, M|\n|poke|p1|Blastoise, L50, M|\n|poke|p2|Hippowdon, L50, F|\n|poke|p2|Mimikyu, L50, M|\n|poke|p2|Lopunny, L50, F|\n|poke|p2|Charizard, L50, F|\n|poke|p2|Rotom-Wash, L50|\n|poke|p2|Corviknight, L50, M|\n|teampreview|3\n|inactive|Battle timer is ON: inactive players will automatically lose when time's up. (requested by ruriripoke)\n|inactive|ruriripoke has 60 seconds left.\n|\n|t:|1776478947\n|teamsize|p1|3\n|teamsize|p2|3\n|start\n|switch|p1a: Sylveon|Sylveon, L50, F|100/100\n|switch|p2a: Rotom|Rotom-Wash, L50|100/100\n|turn|1\n|\n|t:|1776478953\n|move|p2a: Rotom|Volt Switch|p1a: Sylveon\n|-damage|p1a: Sylveon|77/100\n|\n|t:|1776478956\n|switch|p2a: Corviknight|Corviknight, L50, M|100/100|[from] Volt Switch\n|-ability|p2a: Corviknight|Pressure\n|move|p1a: Sylveon|Hyper Voice|p2a: Corviknight\n|-resisted|p2a: Corviknight|1\n|-damage|p2a: Corviknight|77/100\n|\n|upkeep\n|turn|2\n|\n|t:|1776478964\n|switch|p1a: Greninja|Greninja, L50, M|100/100\n|move|p2a: Corviknight|U-turn|p1a: Greninja\n|-supereffective|p1a: Greninja|1\n|-damage|p1a: Greninja|52/100\n|\n|t:|1776478970\n|switch|p2a: Rotom|Rotom-Wash, L50|100/100|[from] U-turn\n|\n|upkeep\n|turn|3\n|\n|t:|1776478977\n|move|p1a: Greninja|Sludge Wave|p2a: Rotom\n|-start|p1a: Greninja|typechange|Poison|[from] ability: Protean\n|-damage|p2a: Rotom|35/100\n|move|p2a: Rotom|Discharge|p1a: Greninja\n|-damage|p1a: Greninja|0 fnt\n|faint|p1a: Greninja\n|\n|upkeep\n|\n|t:|1776478990\n|switch|p1a: Sylveon|Sylveon, L50, F|77/100\n|turn|4\n|\n|t:|1776478993\n|move|p2a: Rotom|Volt Switch|p1a: Sylveon\n|-damage|p1a: Sylveon|51/100\n|\n|t:|1776478995\n|switch|p2a: Corviknight|Corviknight, L50, M|77/100|[from] Volt Switch\n|-ability|p2a: Corviknight|Pressure\n|move|p1a: Sylveon|Hyper Voice|p2a: Corviknight\n|-resisted|p2a: Corviknight|1\n|-damage|p2a: Corviknight|55/100\n|\n|upkeep\n|turn|5\n|\n|t:|1776479003\n|move|p2a: Corviknight|Roost|p2a: Corviknight\n|-heal|p2a: Corviknight|100/100\n|-singleturn|p2a: Corviknight|move: Roost\n|move|p1a: Sylveon|Mystical Fire|p2a: Corviknight\n|-supereffective|p2a: Corviknight|1\n|-damage|p2a: Corviknight|65/100\n|-unboost|p2a: Corviknight|spa|1\n|\n|upkeep\n|turn|6\n|\n|t:|1776479011\n|move|p2a: Corviknight|Iron Head|p1a: Sylveon\n|-supereffective|p1a: Sylveon|1\n|-damage|p1a: Sylveon|0 fnt\n|faint|p1a: Sylveon\n|\n|upkeep\n|\n|t:|1776479015\n|switch|p1a: Hawlucha|Hawlucha, L50, M|100/100\n|turn|7\n|\n|t:|1776479019\n|detailschange|p1a: Hawlucha|Hawlucha-Mega, L50, M\n|-mega|p1a: Hawlucha|Hawlucha|Hawluchanite\n|move|p1a: Hawlucha|Cross Chop|p2a: Corviknight\n|-damage|p2a: Corviknight|15/100\n|-enditem|p2a: Corviknight|Sitrus Berry|[eat]\n|-heal|p2a: Corviknight|40/100|[from] item: Sitrus Berry\n|move|p2a: Corviknight|U-turn|p1a: Hawlucha\n|-resisted|p1a: Hawlucha|2\n|-damage|p1a: Hawlucha|96/100\n|\n|t:|1776479028\n|switch|p2a: Rotom|Rotom-Wash, L50|35/100|[from] U-turn\n|\n|upkeep\n|turn|8\n|\n|t:|1776479033\n|move|p1a: Hawlucha|Cross Chop|p2a: Rotom\n|-damage|p2a: Rotom|0 fnt\n|faint|p2a: Rotom\n|\n|upkeep\n|\n|t:|1776479037\n|switch|p2a: Charizard|Charizard, L50, F|100/100\n|turn|9\n|\n|t:|1776479043\n|detailschange|p2a: Charizard|Charizard-Mega-X, L50, F\n|-mega|p2a: Charizard|Charizard|Charizardite X\n|move|p1a: Hawlucha|Stone Edge|p2a: Charizard\n|-supereffective|p2a: Charizard|1\n|-damage|p2a: Charizard|14/100\n|move|p2a: Charizard|Outrage|p1a: Hawlucha\n|-damage|p1a: Hawlucha|2/100\n|\n|upkeep\n|turn|10\n|\n|t:|1776479051\n|move|p1a: Hawlucha|Dual Wingbeat|p2a: Charizard\n|-damage|p2a: Charizard|0 fnt\n|faint|p2a: Charizard\n|-hitcount|p2: Charizard|1\n|\n|upkeep\n|\n|t:|1776479053\n|switch|p2a: Corviknight|Corviknight, L50, M|40/100\n|-ability|p2a: Corviknight|Pressure\n|turn|11\n|\n|t:|1776479059\n|move|p1a: Hawlucha|Cross Chop|p2a: Corviknight\n|-damage|p2a: Corviknight|0 fnt\n|faint|p2a: Corviknight\n|\n|win|LOL.XD.9\n|raw|LOL.XD.9's rating: 1241 &rarr; <strong>1260</strong><br />(+19 for winning)\n|raw|ruriripoke's rating: 1162 &rarr; <strong>1143</strong><br />(-19 for losing)\n|l|\u2606ruriripoke\n|player|p2|\n",
  "uploadtime": 1776479070,
  "views": 13,
  "formatid": "gen9championsbssregma",
  "rating": 1143,
  "private": 0,
  "password": null
}