{
  "id": "gen9championsbssregma-2585379388",
  "format": "[Gen 9 Champions] BSS Reg M-A",
  "players": [
    "WhatATwat2",
    "BBBBbkty"
  ],
  "log": "|j|\u2606WhatATwat2\n|j|\u2606BBBBbkty\n|t:|1776342855\n|gametype|singles\n|player|p1|WhatATwat2|102|1040\n|player|p2|BBBBbkty|101|1059\n|gen|9\n|tier|[Gen 9 Champions] BSS Reg M-A\n|rated|\n|rule|Species Clause: Limit one of each Pok\u00e9mon\n|rule|Item Clause: Limit 1 of each item\n|clearpoke\n|poke|p1|Basculegion, L50, M|\n|poke|p1|Glimmora, L50, M|\n|poke|p1|Excadrill, L50, M|\n|poke|p1|Kingambit, L50, F|\n|poke|p1|Gengar, L50, F|\n|poke|p1|Clefable, L50, F|\n|poke|p2|Dragapult, L50, M|\n|poke|p2|Alakazam, L50, F|\n|poke|p2|Azumarill, L50, F|\n|poke|p2|Aerodactyl, L50, F|\n|poke|p2|Floette-Eternal, L50, F|\n|poke|p2|Abomasnow, L50, M|\n|teampreview|3\n|inactive|Battle timer is ON: inactive players will automatically lose when time's up. (requested by BBBBbkty)\n|\n|t:|1776342874\n|teamsize|p1|3\n|teamsize|p2|3\n|start\n|switch|p1a: Glimmora|Glimmora, L50, M|100/100\n|switch|p2a: Dragapult|Dragapult, L50, M, shiny|100/100\n|turn|1\n|\n|t:|1776342892\n|move|p2a: Dragapult|Dragon Dance|p2a: Dragapult\n|-boost|p2a: Dragapult|atk|1\n|-boost|p2a: Dragapult|spe|1\n|move|p1a: Glimmora|Mud Shot|p2a: Dragapult\n|-damage|p2a: Dragapult|76/100\n|-unboost|p2a: Dragapult|spe|1\n|\n|upkeep\n|turn|2\n|\n|t:|1776342905\n|move|p2a: Dragapult|Dragon Dance|p2a: Dragapult\n|-boost|p2a: Dragapult|atk|1\n|-boost|p2a: Dragapult|spe|1\n|move|p1a: Glimmora|Mud Shot|p2a: Dragapult\n|-damage|p2a: Dragapult|48/100\n|-unboost|p2a: Dragapult|spe|1\n|\n|upkeep\n|turn|3\n|\n|t:|1776342917\n|move|p2a: Dragapult|Dragon Darts|p1a: Glimmora\n|-damage|p1a: Glimmora|40/100\n|-activate|p1a: Glimmora|ability: Toxic Debris\n|-sidestart|p2: BBBBbkty|move: Toxic Spikes\n|-anim|p2a: Dragapult|Dragon Darts|p1a: Glimmora\n|-damage|p1a: Glimmora|0 fnt\n|-activate|p1a: Glimmora|ability: Toxic Debris\n|-sidestart|p2: BBBBbkty|move: Toxic Spikes\n|faint|p1a: Glimmora\n|\n|upkeep\n|\n|t:|1776342922\n|switch|p1a: Gengar|Gengar, L50, F|100/100\n|turn|4\n|\n|t:|1776342926\n|detailschange|p1a: Gengar|Gengar-Mega, L50, F\n|-mega|p1a: Gengar|Gengar|Gengarite\n|move|p2a: Dragapult|Phantom Force||[still]\n|-prepare|p2a: Dragapult|Phantom Force\n|move|p1a: Gengar|Shadow Ball|p2a: Dragapult|[miss]\n|-miss|p1a: Gengar|p2a: Dragapult\n|\n|upkeep\n|turn|5\n|\n|t:|1776342934\n|move|p2a: Dragapult|Phantom Force|p1a: Gengar|[from] lockedmove\n|-supereffective|p1a: Gengar|1\n|-damage|p1a: Gengar|0 fnt\n|faint|p1a: Gengar\n|\n|upkeep\n|\n|t:|1776342936\n|switch|p1a: Basculegion|Basculegion, L50, M|100/100\n|turn|6\n|\n|t:|1776342941\n|move|p1a: Basculegion|Last Respects|p2a: Dragapult\n|-supereffective|p2a: Dragapult|1\n|-damage|p2a: Dragapult|0 fnt\n|faint|p2a: Dragapult\n|\n|upkeep\n|\n|t:|1776342948\n|switch|p2a: Alakazam|Alakazam, L50, F, shiny|100/100\n|-status|p2a: Alakazam|tox\n|turn|7\n|\n|t:|1776342952\n|detailschange|p2a: Alakazam|Alakazam-Mega, L50, F, shiny\n|-mega|p2a: Alakazam|Alakazam|Alakazite\n|-ability|p2a: Alakazam|Adaptability|Trace|[from] ability: Trace|[of] p1a: Basculegion\n|move|p2a: Alakazam|Shadow Ball|p1a: Basculegion\n|-supereffective|p1a: Basculegion|1\n|-damage|p1a: Basculegion|24/100\n|-unboost|p1a: Basculegion|spd|1\n|move|p1a: Basculegion|Last Respects|p2a: Alakazam\n|-supereffective|p2a: Alakazam|1\n|-damage|p2a: Alakazam|0 fnt\n|faint|p2a: Alakazam\n|\n|upkeep\n|\n|t:|1776342960\n|switch|p2a: Azumarill|Azumarill, L50, F|100/100\n|-status|p2a: Azumarill|tox\n|turn|8\n|\n|t:|1776342971\n|move|p1a: Basculegion|Last Respects|p2a: Azumarill\n|-damage|p2a: Azumarill|14/100 tox\n|move|p2a: Azumarill|Play Rough|p1a: Basculegion|[miss]\n|-miss|p2a: Azumarill|p1a: Basculegion\n|\n|-damage|p2a: Azumarill|8/100 tox|[from] psn\n|upkeep\n|turn|9\n|\n|t:|1776342974\n|move|p2a: Azumarill|Aqua Jet|p1a: Basculegion\n|-resisted|p1a: Basculegion|1\n|-damage|p1a: Basculegion|14/100\n|move|p1a: Basculegion|Last Respects|p2a: Azumarill\n|-damage|p2a: Azumarill|0 fnt\n|faint|p2a: Azumarill\n|\n|win|WhatATwat2\n|raw|WhatATwat2's rating: 1040 &rarr; <strong>1076</strong><br />(+36 for winning)\n|raw|BBBBbkty's rating: 1059 &rarr; <strong>1039</strong><br />(-20 for losing)\n|l|\u2606WhatATwat2\n|player|p1|\n",
  "uploadtime": 1776342980,
  "views": 10,
  "formatid": "gen9championsbssregma",
  "rating": 1039,
  "private": 0,
  "password": null
}