{
  "id": "gen9championsbssregma-2587079716",
  "format": "[Gen 9 Champions] BSS Reg M-A",
  "players": [
    "Apex Vanquisher",
    "Koko497"
  ],
  "log": "|j|\u2606Apex Vanquisher\n|j|\u2606Koko497\n|t:|1776490596\n|gametype|singles\n|player|p1|Apex Vanquisher|red|\n|player|p2|Koko497|ghetsis-gen5bw|\n|gen|9\n|tier|[Gen 9 Champions] BSS Reg M-A\n|rule|Species Clause: Limit one of each Pok\u00e9mon\n|rule|Item Clause: Limit 1 of each item\n|clearpoke\n|poke|p1|Alakazam, L50, F, shiny|\n|poke|p1|Basculegion, L50, M, shiny|\n|poke|p1|Hydrapple, L50, M, shiny|\n|poke|p1|Lopunny, L50, F|\n|poke|p1|Gardevoir, L50, F|\n|poke|p1|Venusaur, L50, M|\n|poke|p2|Basculegion, L50, M, shiny|\n|poke|p2|Archaludon, L50, F|\n|poke|p2|Meganium, L50, M|\n|poke|p2|Pelipper, L50, M|\n|poke|p2|Hatterene, L50, F, shiny|\n|poke|p2|Sneasler, L50, F|\n|teampreview|3\n|inactive|Battle timer is ON: inactive players will automatically lose when time's up. (requested by Apex Vanquisher)\n|c|\u2606Apex Vanquisher|\u96e8\uff1f\n|c|\u2606Apex Vanquisher|\u597d\n|inactive|Apex Vanquisher has 60 seconds left.\n|inactive|Koko497 has 60 seconds left.\n|inactive|Apex Vanquisher has 30 seconds left.\n|inactive|Koko497 has 30 seconds left.\n|inactive|Apex Vanquisher has 20 seconds left.\n|inactive|Apex Vanquisher has 15 seconds left.\n|c|\u2606Koko497|63\u5417\uff1f\n|inactive|Apex Vanquisher has 10 seconds left.\n|\n|t:|1776490679\n|teamsize|p1|3\n|teamsize|p2|3\n|start\n|switch|p1a: Alakazam|Alakazam, L50, F, shiny|100/100\n|switch|p2a: Basculegion|Basculegion, L50, M, shiny|100/100\n|turn|1\n|c|\u2606Apex Vanquisher|\u5bf9\n|inactiveoff|Battle timer is now OFF.\n|\n|t:|1776490695\n|detailschange|p1a: Alakazam|Alakazam-Mega, L50, F, shiny\n|-mega|p1a: Alakazam|Alakazam|Alakazite\n|-ability|p1a: Alakazam|Adaptability|Trace|[from] ability: Trace|[of] p2a: Basculegion\n|move|p1a: Alakazam|Shadow Ball|p2a: Basculegion\n|-supereffective|p2a: Basculegion|1\n|-damage|p2a: Basculegion|12/100\n|move|p2a: Basculegion|Phantom Force||[still]\n|-prepare|p2a: Basculegion|Phantom Force\n|\n|upkeep\n|turn|2\n|c|\u2606Apex Vanquisher|\uff1f\n|\n|t:|1776490708\n|switch|p1a: Hydrapple|Hydrapple, L50, M, shiny|100/100\n|move|p2a: Basculegion|Phantom Force|p1a: Hydrapple|[from] lockedmove\n|-damage|p1a: Hydrapple|55/100\n|\n|-heal|p1a: Hydrapple|61/100|[from] item: Leftovers\n|upkeep\n|turn|3\n|\n|t:|1776490721\n|switch|p2a: Archaludon|Archaludon, L50, F|100/100\n|move|p1a: Hydrapple|Giga Drain|p2a: Archaludon\n|-resisted|p2a: Archaludon|2\n|-damage|p2a: Archaludon|91/100\n|-heal|p1a: Hydrapple|66/100|[from] drain|[of] p2a: Archaludon\n|-ability|p2a: Archaludon|Stamina|boost\n|-boost|p2a: Archaludon|def|1\n|\n|-heal|p2a: Archaludon|97/100|[from] item: Leftovers\n|-heal|p1a: Hydrapple|72/100|[from] item: Leftovers\n|upkeep\n|turn|4\n|\n|t:|1776490739\n|move|p2a: Archaludon|Stealth Rock|p1a: Hydrapple\n|-sidestart|p1: Apex Vanquisher|move: Stealth Rock\n|move|p1a: Hydrapple|Fickle Beam|p2a: Archaludon\n|-damage|p2a: Archaludon|56/100\n|-ability|p2a: Archaludon|Stamina|boost\n|-boost|p2a: Archaludon|def|1\n|\n|-heal|p2a: Archaludon|62/100|[from] item: Leftovers\n|-heal|p1a: Hydrapple|78/100|[from] item: Leftovers\n|upkeep\n|turn|5\n|\n|t:|1776490759\n|move|p2a: Archaludon|Electro Shot||[still]\n|-prepare|p2a: Archaludon|Electro Shot\n|-boost|p2a: Archaludon|spa|1\n|move|p1a: Hydrapple|Fickle Beam|p2a: Archaludon\n|-damage|p2a: Archaludon|18/100\n|-ability|p2a: Archaludon|Stamina|boost\n|-boost|p2a: Archaludon|def|1\n|\n|-heal|p2a: Archaludon|24/100|[from] item: Leftovers\n|-heal|p1a: Hydrapple|84/100|[from] item: Leftovers\n|upkeep\n|turn|6\n|c|\u2606Apex Vanquisher|\u8089\n|\n|t:|1776490770\n|move|p2a: Archaludon|Electro Shot|p1a: Hydrapple|[from] lockedmove\n|-resisted|p1a: Hydrapple|2\n|-damage|p1a: Hydrapple|69/100\n|move|p1a: Hydrapple|Fickle Beam|p2a: Archaludon\n|-damage|p2a: Archaludon|0 fnt\n|faint|p2a: Archaludon\n|\n|-heal|p1a: Hydrapple|75/100|[from] item: Leftovers\n|upkeep\n|c|\u2606Apex Vanquisher|\uff1f\n|\n|t:|1776490781\n|switch|p2a: Meganium|Meganium, L50, M|100/100\n|turn|7\n|\n|t:|1776490789\n|detailschange|p2a: Meganium|Meganium-Mega, L50, M\n|-mega|p2a: Meganium|Meganium|Meganiumite\n|move|p2a: Meganium|Dazzling Gleam|p1a: Hydrapple\n|-supereffective|p1a: Hydrapple|1\n|-damage|p1a: Hydrapple|0 fnt\n|faint|p1a: Hydrapple\n|\n|upkeep\n|\n|t:|1776490799\n|switch|p1a: Alakazam|Alakazam-Mega, L50, F, shiny|100/100\n|-damage|p1a: Alakazam|88/100|[from] Stealth Rock\n|-ability|p1a: Alakazam|Mega Sol|Trace|[from] ability: Trace|[of] p2a: Meganium\n|turn|8\n|\n|t:|1776490812\n|move|p1a: Alakazam|Psyshock|p2a: Meganium\n|-crit|p2a: Meganium\n|-damage|p2a: Meganium|22/100\n|move|p2a: Meganium|Solar Beam||[still]\n|-prepare|p2a: Meganium|Solar Beam\n|-activate|p2a: Meganium|ability: Mega Sol\n|-anim|p2a: Meganium|Solar Beam|p1a: Alakazam\n|-damage|p1a: Alakazam|7/100\n|\n|upkeep\n|turn|9\n|c|\u2606Apex Vanquisher|\uff1f\n|c|\u2606Apex Vanquisher|6\n|c|\u2606Koko497|\u4e0d\u662f\uff1f\n|\n|t:|1776490834\n|move|p1a: Alakazam|Shadow Ball|p2a: Meganium\n|-damage|p2a: Meganium|0 fnt\n|faint|p2a: Meganium\n|\n|upkeep\n|\n|t:|1776490839\n|switch|p2a: Basculegion|Basculegion, L50, M, shiny|12/100\n|turn|10\n|c|\u2606Apex Vanquisher|666\n|\n|t:|1776490848\n|move|p2a: Basculegion|Aqua Jet|p1a: Alakazam\n|-damage|p1a: Alakazam|0 fnt\n|faint|p1a: Alakazam\n|\n|upkeep\n|\n|t:|1776490854\n|switch|p1a: Basculegion|Basculegion, L50, M, shiny|100/100\n|-damage|p1a: Basculegion|88/100|[from] Stealth Rock\n|turn|11\n|\n|t:|1776490859\n|move|p2a: Basculegion|Aqua Jet|p1a: Basculegion\n|-resisted|p1a: Basculegion|1\n|-damage|p1a: Basculegion|72/100\n|move|p1a: Basculegion|Aqua Jet|p2a: Basculegion\n|-resisted|p2a: Basculegion|1\n|-crit|p2a: Basculegion\n|-damage|p2a: Basculegion|0 fnt\n|faint|p2a: Basculegion\n|\n|win|Apex Vanquisher\n|c|\u2606Koko497|\u6ca1\u62db\u4e86\n|c|\u2606Apex Vanquisher|\u65b0\u7ec4\u7684\n|c|\u2606Apex Vanquisher|\u4e71\u914d\u7684\n|c|\u2606Apex Vanquisher|\u8c22\u8c22\u54c8\n|c|\u2606Koko497|\u53ef\u4ee5\u7684\u53ef\u4ee5\u7684\n|c|\u2606Apex Vanquisher|\u8c22\u8c22\u8001\u5e08\n|c|\u2606Koko497|\u6211\u4e0d\u662f\n|c|\u2606Koko497|\u8fc7\u5956\u4e86\n|c|\u2606Apex Vanquisher|OK\n|c|\u2606Koko497|\u770b\u8d77\u6765\u8fd8\u662f\u8981\u518d\u6539\u4e00\u4e0b\n|c|\u2606Koko497|\u4f60\u9b3c\u9c7c\u662f\u56f4\u5dfe\u7684\u561b\n|c|\u2606Apex Vanquisher|\u4e0d\u662f\n|c|\u2606Apex Vanquisher|\u6c34\u6ef4\u9002\u5e94\u529b\n",
  "uploadtime": 1776490885,
  "views": 5,
  "formatid": "gen9championsbssregma",
  "rating": null,
  "private": 0,
  "password": null
}