{
  "id": "gen9championsbssregma-2585845128",
  "format": "[Gen 9 Champions] BSS Reg M-A",
  "players": [
    "MyNameBe3",
    "winter86"
  ],
  "log": "|j|\u2606MyNameBe3\n|j|\u2606winter86\n|t:|1776375004\n|gametype|singles\n|player|p1|MyNameBe3|plasmagrunt|\n|player|p2|winter86|gambler|\n|gen|9\n|tier|[Gen 9 Champions] BSS Reg M-A\n|rule|Species Clause: Limit one of each Pok\u00e9mon\n|rule|Item Clause: Limit 1 of each item\n|clearpoke\n|poke|p1|Sneasler, L50, M|\n|poke|p1|Kingambit, L50, F|\n|poke|p1|Basculegion, L50, M|\n|poke|p1|Aerodactyl, L50, F|\n|poke|p1|Dragapult, L50, M|\n|poke|p1|Ninetales-Alola, L50, M|\n|poke|p2|Absol, L50, M|\n|poke|p2|Gengar, L50, F|\n|poke|p2|Arcanine-Hisui, L50, F|\n|poke|p2|Hawlucha, L50, F|\n|poke|p2|Armarouge, L50, M|\n|poke|p2|Runerigus, L50, M|\n|teampreview|3\n|\n|t:|1776375016\n|teamsize|p1|3\n|teamsize|p2|3\n|start\n|switch|p1a: Lottery|Sneasler, L50, M|100/100\n|switch|p2a: Mold Eater|Arcanine-Hisui, L50, F, shiny|100/100\n|turn|1\n|\n|t:|1776375030\n|switch|p2a: Mold Man|Gengar, L50, F, shiny|100/100\n|move|p1a: Lottery|Fake Out|p2a: Mold Man\n|-immune|p2a: Mold Man\n|\n|upkeep\n|turn|2\n|\n|t:|1776375039\n|switch|p2a: Takemi|Absol, L50, M|100/100\n|move|p1a: Lottery|Dire Claw|p2a: Takemi\n|-damage|p2a: Takemi|14/100\n|\n|upkeep\n|turn|3\n|\n|t:|1776375053\n|move|p1a: Lottery|Close Combat|p2a: Takemi\n|-supereffective|p2a: Takemi|1\n|-damage|p2a: Takemi|0 fnt\n|-unboost|p1a: Lottery|def|1\n|-unboost|p1a: Lottery|spd|1\n|faint|p2a: Takemi\n|-enditem|p1a: Lottery|White Herb\n|-clearnegativeboost|p1a: Lottery|[silent]\n|\n|upkeep\n|\n|t:|1776375056\n|switch|p2a: Mold Man|Gengar, L50, F, shiny|100/100\n|turn|4\n|\n|t:|1776375071\n|move|p1a: Lottery|Dire Claw|p2a: Mold Man\n|-resisted|p2a: Mold Man|2\n|-damage|p2a: Mold Man|79/100\n|move|p2a: Mold Man|Nasty Plot|p2a: Mold Man\n|-boost|p2a: Mold Man|spa|2\n|\n|upkeep\n|turn|5\n|\n|t:|1776375082\n|detailschange|p2a: Mold Man|Gengar-Mega, L50, F, shiny\n|-mega|p2a: Mold Man|Gengar|Gengarite\n|move|p1a: Lottery|Dire Claw|p2a: Mold Man\n|-resisted|p2a: Mold Man|2\n|-damage|p2a: Mold Man|60/100\n|move|p2a: Mold Man|Hex|p1a: Lottery\n|-damage|p1a: Lottery|0 fnt\n|faint|p1a: Lottery\n|\n|upkeep\n|\n|t:|1776375097\n|switch|p1a: The Real Plane|Aerodactyl, L50, F|100/100\n|-ability|p1a: The Real Plane|Unnerve\n|turn|6\n|\n|t:|1776375109\n|detailschange|p1a: The Real Plane|Aerodactyl-Mega, L50, F\n|-mega|p1a: The Real Plane|Aerodactyl|Aerodactylite\n|move|p1a: The Real Plane|Dual Wingbeat|p2a: Mold Man\n|-damage|p2a: Mold Man|14/100\n|-damage|p2a: Mold Man|0 fnt\n|faint|p2a: Mold Man\n|-hitcount|p2: Mold Man|2\n|\n|upkeep\n|\n|t:|1776375118\n|switch|p2a: Mold Eater|Arcanine-Hisui, L50, F, shiny|100/100\n|turn|7\n|-activate|p2a: Mold Eater|item: Quick Claw\n|\n|t:|1776375129\n|move|p2a: Mold Eater|Head Smash|p1a: The Real Plane\n|-supereffective|p1a: The Real Plane|1\n|-damage|p1a: The Real Plane|0 fnt\n|faint|p1a: The Real Plane\n|\n|upkeep\n|\n|t:|1776375134\n|switch|p1a: I SHOOT CHILDREN|Dragapult, L50, M|100/100\n|turn|8\n|-activate|p2a: Mold Eater|item: Quick Claw\n|\n|t:|1776375144\n|move|p2a: Mold Eater|Head Smash|p1a: I SHOOT CHILDREN|[miss]\n|-miss|p2a: Mold Eater|p1a: I SHOOT CHILDREN\n|move|p1a: I SHOOT CHILDREN|Dragon Dance|p1a: I SHOOT CHILDREN\n|-boost|p1a: I SHOOT CHILDREN|atk|1\n|-boost|p1a: I SHOOT CHILDREN|spe|1\n|\n|upkeep\n|turn|9\n|-activate|p2a: Mold Eater|item: Quick Claw\n|\n|t:|1776375151\n|move|p2a: Mold Eater|Head Smash|p1a: I SHOOT CHILDREN|[miss]\n|-miss|p2a: Mold Eater|p1a: I SHOOT CHILDREN\n|move|p1a: I SHOOT CHILDREN|Dragon Darts|p2a: Mold Eater\n|-damage|p2a: Mold Eater|52/100\n|-anim|p1a: I SHOOT CHILDREN|Dragon Darts|p2a: Mold Eater\n|-damage|p2a: Mold Eater|0 fnt\n|faint|p2a: Mold Eater\n|\n|win|MyNameBe3\n",
  "uploadtime": 1776375160,
  "views": 17,
  "formatid": "gen9championsbssregma",
  "rating": null,
  "private": 0,
  "password": null
}