{
  "id": "gen9championsbssregma-2587083820",
  "format": "[Gen 9 Champions] BSS Reg M-A",
  "players": [
    "DGENERAT",
    "karbain"
  ],
  "log": "|j|\u2606DGENERAT\n|j|\u2606karbain\n|t:|1776491135\n|gametype|singles\n|player|p1|DGENERAT|guzma|1276\n|player|p2|karbain|102|1450\n|gen|9\n|tier|[Gen 9 Champions] BSS Reg M-A\n|rated|\n|rule|Species Clause: Limit one of each Pok\u00e9mon\n|rule|Item Clause: Limit 1 of each item\n|clearpoke\n|poke|p1|Glimmora, L50, M|\n|poke|p1|Primarina, L50, M|\n|poke|p1|Hippowdon, L50, F|\n|poke|p1|Corviknight, L50, F|\n|poke|p1|Garchomp, L50, M|\n|poke|p1|Volcarona, L50, M|\n|poke|p2|Gengar, L50, F|\n|poke|p2|Mimikyu, L50, M|\n|poke|p2|Lopunny, L50, F|\n|poke|p2|Arcanine-Hisui, L50, F|\n|poke|p2|Sinistcha, L50|\n|poke|p2|Mamoswine, L50, M|\n|teampreview|3\n|inactive|Battle timer is ON: inactive players will automatically lose when time's up. (requested by DGENERAT)\n|inactive|DGENERAT has 60 seconds left.\n|\n|t:|1776491185\n|teamsize|p1|3\n|teamsize|p2|3\n|start\n|switch|p1a: Primarina|Primarina, L50, M|100/100\n|switch|p2a: Mamoswine|Mamoswine, L50, M|100/100\n|turn|1\n|\n|t:|1776491190\n|move|p2a: Mamoswine|Earthquake|p1a: Primarina\n|-damage|p1a: Primarina|55/100\n|move|p1a: Primarina|Psychic Noise|p2a: Mamoswine\n|-supereffective|p2a: Mamoswine|1\n|-damage|p2a: Mamoswine|4/100\n|-start|p2a: Mamoswine|move: Heal Block\n|\n|upkeep\n|turn|2\n|\n|t:|1776491198\n|switch|p2a: Sinistcha|Sinistcha, L50|100/100\n|move|p1a: Primarina|Moonblast|p2a: Sinistcha\n|-damage|p2a: Sinistcha|52/100\n|\n|-heal|p2a: Sinistcha|59/100|[from] item: Leftovers\n|upkeep\n|turn|3\n|\n|t:|1776491205\n|switch|p1a: Corviknight|Corviknight, L50, F|100/100\n|-ability|p1a: Corviknight|Pressure\n|move|p2a: Sinistcha|Matcha Gotcha|p1a: Corviknight\n|-resisted|p1a: Corviknight|2\n|-damage|p1a: Corviknight|93/100\n|-heal|p2a: Sinistcha|63/100|[from] drain|[of] p1a: Corviknight\n|\n|-heal|p2a: Sinistcha|69/100|[from] item: Leftovers\n|-heal|p1a: Corviknight|99/100|[from] item: Leftovers\n|upkeep\n|turn|4\n|\n|t:|1776491216\n|move|p2a: Sinistcha|Strength Sap|p1a: Corviknight\n|-unboost|p1a: Corviknight|atk|1\n|-heal|p2a: Sinistcha|100/100\n|move|p1a: Corviknight|U-turn|p2a: Sinistcha\n|-crit|p2a: Sinistcha\n|-damage|p2a: Sinistcha|84/100\n|\n|t:|1776491219\n|switch|p1a: Glimmora|Glimmora, L50, M|100/100|[from] U-turn\n|\n|-heal|p2a: Sinistcha|90/100|[from] item: Leftovers\n|upkeep\n|turn|5\n|\n|t:|1776491227\n|switch|p2a: Gengar|Gengar, L50, F|100/100\n|detailschange|p1a: Glimmora|Glimmora-Mega, L50, M\n|-mega|p1a: Glimmora|Glimmora|Glimmoranite\n|move|p1a: Glimmora|Sludge Wave|p2a: Gengar\n|-resisted|p2a: Gengar|2\n|-damage|p2a: Gengar|77/100\n|-start|p1a: Glimmora|Disable|Sludge Wave|[from] ability: Cursed Body|[of] p2a: Gengar\n|\n|upkeep\n|turn|6\n|\n|t:|1776491237\n|detailschange|p2a: Gengar|Gengar-Mega, L50, F\n|-mega|p2a: Gengar|Gengar|Gengarite\n|move|p2a: Gengar|Substitute|p2a: Gengar\n|-start|p2a: Gengar|Substitute\n|-damage|p2a: Gengar|53/100\n|move|p1a: Glimmora|Earth Power|p2a: Gengar\n|-supereffective|p2a: Gengar|1\n|-end|p2a: Gengar|Substitute\n|\n|upkeep\n|turn|7\n|\n|t:|1776491250\n|move|p2a: Gengar|Shadow Ball|p1a: Glimmora\n|-damage|p1a: Glimmora|48/100\n|move|p1a: Glimmora|Power Gem|p2a: Gengar\n|-damage|p2a: Gengar|0 fnt\n|faint|p2a: Gengar\n|\n|upkeep\n|\n|t:|1776491258\n|switch|p2a: Mamoswine|Mamoswine, L50, M|4/100\n|turn|8\n|\n|t:|1776491261\n|switch|p1a: Corviknight|Corviknight, L50, F|99/100\n|-ability|p1a: Corviknight|Pressure\n|move|p2a: Mamoswine|Ice Shard|p1a: Corviknight\n|-damage|p1a: Corviknight|85/100\n|\n|-heal|p1a: Corviknight|91/100|[from] item: Leftovers\n|upkeep\n|turn|9\n|\n|t:|1776491271\n|move|p2a: Mamoswine|Endeavor|p1a: Corviknight\n|-damage|p1a: Corviknight|4/100\n|move|p1a: Corviknight|U-turn|p2a: Mamoswine\n|-damage|p2a: Mamoswine|0 fnt\n|faint|p2a: Mamoswine\n|\n|t:|1776491275\n|switch|p1a: Glimmora|Glimmora-Mega, L50, M|48/100|[from] U-turn\n|\n|upkeep\n|\n|t:|1776491279\n|switch|p2a: Sinistcha|Sinistcha, L50|90/100\n|turn|10\n|\n|t:|1776491285\n|move|p1a: Glimmora|Sludge Wave|p2a: Sinistcha\n|-damage|p2a: Sinistcha|0 fnt\n|faint|p2a: Sinistcha\n|\n|win|DGENERAT\n|raw|DGENERAT's rating: 1276 &rarr; <strong>1313</strong><br />(+37 for winning)\n|raw|karbain's rating: 1450 &rarr; <strong>1421</strong><br />(-29 for losing)\n|l|\u2606karbain\n|player|p2|\n",
  "uploadtime": 1776491335,
  "views": 9,
  "formatid": "gen9championsbssregma",
  "rating": 1313,
  "private": 0,
  "password": null
}