{
  "id": "gen9championsbssregma-2585310802",
  "format": "[Gen 9 Champions] BSS Reg M-A",
  "players": [
    "PlatinumPassport",
    "Oshawottpoke"
  ],
  "log": "|j|\u2606PlatinumPassport\n|j|\u2606Oshawottpoke\n|t:|1776336486\n|gametype|singles\n|player|p1|PlatinumPassport|170|1415\n|player|p2|Oshawottpoke|265|1464\n|gen|9\n|tier|[Gen 9 Champions] BSS Reg M-A\n|rated|\n|rule|Species Clause: Limit one of each Pok\u00e9mon\n|rule|Item Clause: Limit 1 of each item\n|clearpoke\n|poke|p1|Mamoswine, L50, M|\n|poke|p1|Dragonite, L50, M|\n|poke|p1|Volcarona, L50, F|\n|poke|p1|Gengar, L50, F|\n|poke|p1|Meowscarada, L50, M|\n|poke|p1|Azumarill, L50, F|\n|poke|p2|Floette-Eternal, L50, F|\n|poke|p2|Aegislash, L50, M|\n|poke|p2|Garchomp, L50, M|\n|poke|p2|Vaporeon, L50, M|\n|poke|p2|Dragonite, L50, M|\n|poke|p2|Kingambit, L50, M|\n|teampreview|3\n|inactive|Battle timer is ON: inactive players will automatically lose when time's up. (requested by PlatinumPassport)\n|l|\u2606PlatinumPassport\n|inactive|PlatinumPassport disconnected and has a minute to reconnect!\n|player|p1|\n|inactive|Oshawottpoke has 60 seconds left.\n|j|\u2606PlatinumPassport\n|inactive|PlatinumPassport reconnected.\n|player|p1|PlatinumPassport|170|\n|j| p74\n|inactive|Oshawottpoke has 30 seconds left.\n|inactive|Oshawottpoke has 20 seconds left.\n|\n|t:|1776336609\n|teamsize|p1|3\n|teamsize|p2|3\n|start\n|switch|p1a: Gengar|Gengar, L50, F, shiny|100/100\n|switch|p2a: Aegislash|Aegislash, L50, M|100/100\n|turn|1\n|\n|t:|1776336623\n|detailschange|p1a: Gengar|Gengar-Mega, L50, F, shiny\n|-mega|p1a: Gengar|Gengar|Gengarite\n|move|p1a: Gengar|Shadow Ball|p2a: Aegislash\n|-supereffective|p2a: Aegislash|1\n|-damage|p2a: Aegislash|12/100\n|-formechange|p2a: Aegislash|Aegislash-Blade|\n|move|p2a: Aegislash|Poltergeist|p1a: Gengar\n|-activate|p1a: Gengar|move: Poltergeist|Gengarite\n|-supereffective|p1a: Gengar|1\n|-damage|p1a: Gengar|0 fnt\n|faint|p1a: Gengar\n|\n|upkeep\n|\n|t:|1776336628\n|switch|p1a: Azumarill|Azumarill, L50, F, shiny|100/100\n|turn|2\n|\n|t:|1776336637\n|switch|p2a: Vaporeon|Vaporeon, L50, M|100/100\n|move|p1a: Azumarill|Aqua Jet|p2a: Vaporeon\n|-immune|p2a: Vaporeon|[from] ability: Water Absorb\n|\n|upkeep\n|turn|3\n|\n|t:|1776336644\n|move|p2a: Vaporeon|Yawn|p1a: Azumarill\n|-start|p1a: Azumarill|move: Yawn|[of] p2a: Vaporeon\n|move|p1a: Azumarill|Belly Drum|p1a: Azumarill\n|-damage|p1a: Azumarill|50/100\n|-setboost|p1a: Azumarill|atk|6|[from] move: Belly Drum\n|-enditem|p1a: Azumarill|Sitrus Berry|[eat]\n|-heal|p1a: Azumarill|75/100|[from] item: Sitrus Berry\n|\n|upkeep\n|turn|4\n|\n|t:|1776336656\n|move|p2a: Vaporeon|Flip Turn|p1a: Azumarill\n|-resisted|p1a: Azumarill|1\n|-damage|p1a: Azumarill|68/100\n|j| Condamnation\n|\n|t:|1776336669\n|switch|p2a: Aegislash|Aegislash, L50, M|12/100|[from] Flip Turn\n|move|p1a: Azumarill|Play Rough|p2a: Aegislash\n|-resisted|p2a: Aegislash|1\n|-damage|p2a: Aegislash|0 fnt\n|faint|p2a: Aegislash\n|\n|-end|p1a: Azumarill|move: Yawn|[silent]\n|-status|p1a: Azumarill|slp\n|upkeep\n|\n|t:|1776336672\n|switch|p2a: Garchomp|Garchomp, L50, M|100/100\n|turn|5\n|\n|t:|1776336685\n|cant|p1a: Azumarill|slp\n|move|p2a: Garchomp|Earthquake|p1a: Azumarill\n|-damage|p1a: Azumarill|16/100 slp\n|\n|upkeep\n|turn|6\n|\n|t:|1776336691\n|cant|p1a: Azumarill|slp\n|move|p2a: Garchomp|Earthquake|p1a: Azumarill\n|-damage|p1a: Azumarill|0 fnt\n|faint|p1a: Azumarill\n|\n|upkeep\n|\n|t:|1776336693\n|switch|p1a: Mamoswine|Mamoswine, L50, M, shiny|100/100\n|turn|7\n|\n|t:|1776336710\n|move|p1a: Mamoswine|Ice Shard|p2a: Garchomp\n|-supereffective|p2a: Garchomp|2\n|-damage|p2a: Garchomp|13/100\n|move|p2a: Garchomp|Earthquake|p1a: Mamoswine\n|-damage|p1a: Mamoswine|41/100\n|\n|upkeep\n|turn|8\n|\n|t:|1776336727\n|move|p1a: Mamoswine|Ice Shard|p2a: Garchomp\n|-supereffective|p2a: Garchomp|2\n|-damage|p2a: Garchomp|0 fnt\n|faint|p2a: Garchomp\n|\n|upkeep\n|\n|t:|1776336728\n|switch|p2a: Vaporeon|Vaporeon, L50, M|100/100\n|turn|9\n|\n|t:|1776336735\n|move|p1a: Mamoswine|Earthquake|p2a: Vaporeon\n|-damage|p2a: Vaporeon|57/100\n|move|p2a: Vaporeon|Flip Turn|p1a: Mamoswine\n|-supereffective|p1a: Mamoswine|1\n|-enditem|p1a: Mamoswine|Passho Berry|[eat]\n|-enditem|p1a: Mamoswine|Passho Berry|[weaken]\n|-damage|p1a: Mamoswine|23/100\n|\n|-heal|p2a: Vaporeon|63/100|[from] item: Leftovers\n|upkeep\n|turn|10\n|\n|t:|1776336739\n|move|p1a: Mamoswine|Earthquake|p2a: Vaporeon\n|-damage|p2a: Vaporeon|17/100\n|move|p2a: Vaporeon|Flip Turn|p1a: Mamoswine\n|-supereffective|p1a: Mamoswine|1\n|-damage|p1a: Mamoswine|0 fnt\n|faint|p1a: Mamoswine\n|\n|win|Oshawottpoke\n|raw|PlatinumPassport's rating: 1415 &rarr; <strong>1398</strong><br />(-17 for losing)\n|raw|Oshawottpoke's rating: 1464 &rarr; <strong>1481</strong><br />(+17 for winning)\n|l|\u2606PlatinumPassport\n|player|p1|\n|l| Condamnation\n|l|\u2606Oshawottpoke\n|player|p2|\n",
  "uploadtime": 1776336806,
  "views": 28,
  "formatid": "gen9championsbssregma",
  "rating": 1398,
  "private": 0,
  "password": null
}