{
  "id": "gen9championsbssregma-2585669969",
  "format": "[Gen 9 Champions] BSS Reg M-A",
  "players": [
    "digodbc",
    "wounddia"
  ],
  "log": "|j|\u2606digodbc\n|j|\u2606wounddia\n|t:|1776362533\n|gametype|singles\n|player|p1|digodbc|unknownf|1307\n|player|p2|wounddia|elesa|1432\n|gen|9\n|tier|[Gen 9 Champions] BSS Reg M-A\n|rated|\n|rule|Species Clause: Limit one of each Pok\u00e9mon\n|rule|Item Clause: Limit 1 of each item\n|clearpoke\n|poke|p1|Starmie, L50|\n|poke|p1|Chandelure, L50, F|\n|poke|p1|Garchomp, L50, F|\n|poke|p1|Hatterene, L50, F|\n|poke|p1|Meowscarada, L50, F|\n|poke|p1|Goodra-Hisui, L50, M|\n|poke|p2|Charizard, L50, M|\n|poke|p2|Garchomp, L50, M|\n|poke|p2|Quaquaval, L50, M|\n|poke|p2|Archaludon, L50, M|\n|poke|p2|Greninja-*, L50, M|\n|poke|p2|Dragonite, L50, F|\n|teampreview|3\n|\n|t:|1776362590\n|teamsize|p1|3\n|teamsize|p2|3\n|start\n|switch|p1a: Garchomp|Garchomp, L50, F|100/100\n|switch|p2a: Quaquaval|Quaquaval, L50, M|100/100\n|turn|1\n|inactive|Battle timer is ON: inactive players will automatically lose when time's up. (requested by wounddia)\n|\n|t:|1776362603\n|move|p1a: Garchomp|Earthquake|p2a: Quaquaval\n|-damage|p2a: Quaquaval|30/100\n|move|p2a: Quaquaval|Aqua Step|p1a: Garchomp\n|-damage|p1a: Garchomp|53/100\n|-boost|p2a: Quaquaval|spe|1\n|-damage|p2a: Quaquaval|18/100|[from] ability: Rough Skin|[of] p1a: Garchomp\n|\n|upkeep\n|turn|2\n|inactive|wounddia has 30 seconds left.\n|inactive|wounddia has 20 seconds left.\n|\n|t:|1776362639\n|move|p2a: Quaquaval|Close Combat|p1a: Garchomp\n|-damage|p1a: Garchomp|0 fnt\n|-unboost|p2a: Quaquaval|def|1\n|-unboost|p2a: Quaquaval|spd|1\n|-damage|p2a: Quaquaval|5/100|[from] ability: Rough Skin|[of] p1a: Garchomp\n|faint|p1a: Garchomp\n|-ability|p2a: Quaquaval|Moxie|boost\n|-boost|p2a: Quaquaval|atk|1\n|\n|upkeep\n|\n|t:|1776362652\n|switch|p1a: Meowscarada|Meowscarada, L50, F|100/100\n|turn|3\n|\n|t:|1776362661\n|move|p2a: Quaquaval|Triple Axel|p1a: Meowscarada\n|-supereffective|p1a: Meowscarada|1\n|-damage|p1a: Meowscarada|66/100\n|-hitcount|p1a: Meowscarada|1\n|move|p1a: Meowscarada|Flower Trick|p2a: Quaquaval\n|-start|p1a: Meowscarada|typechange|Grass|[from] ability: Protean\n|-supereffective|p2a: Quaquaval|1\n|-crit|p2a: Quaquaval\n|-damage|p2a: Quaquaval|0 fnt\n|faint|p2a: Quaquaval\n|\n|upkeep\n|\n|t:|1776362673\n|switch|p2a: Charizard|Charizard, L50, M|100/100\n|turn|4\n|j| The Educated Fool\n|\n|t:|1776362679\n|switch|p1a: Chandelure|Chandelure, L50, F|100/100\n|detailschange|p2a: Charizard|Charizard-Mega-X, L50, M\n|-mega|p2a: Charizard|Charizard|Charizardite X\n|move|p2a: Charizard|Flame Charge|p1a: Chandelure\n|-start|p1a: Chandelure|ability: Flash Fire\n|\n|upkeep\n|turn|5\n|\n|t:|1776362700\n|switch|p2a: Dragonite|Dragonite, L50, F|100/100\n|detailschange|p1a: Chandelure|Chandelure-Mega, L50, F\n|-mega|p1a: Chandelure|Chandelure|Chandelurite\n|-end|p1a: Chandelure|ability: Flash Fire|[silent]\n|move|p1a: Chandelure|Flame Charge|p2a: Dragonite\n|-resisted|p2a: Dragonite|1\n|-damage|p2a: Dragonite|97/100\n|-boost|p1a: Chandelure|spe|1\n|\n|upkeep\n|turn|6\n|\n|t:|1776362713\n|move|p1a: Chandelure|Shadow Ball|p2a: Dragonite\n|-crit|p2a: Dragonite\n|-damage|p2a: Dragonite|11/100\n|move|p2a: Dragonite|Dragon Dance|p2a: Dragonite\n|-boost|p2a: Dragonite|atk|1\n|-boost|p2a: Dragonite|spe|1\n|\n|upkeep\n|turn|7\n|\n|t:|1776362722\n|move|p1a: Chandelure|Shadow Ball|p2a: Dragonite\n|-damage|p2a: Dragonite|0 fnt\n|faint|p2a: Dragonite\n|\n|upkeep\n|\n|t:|1776362727\n|switch|p2a: Charizard|Charizard-Mega-X, L50, M|100/100\n|turn|8\n|\n|t:|1776362731\n|move|p1a: Chandelure|Shadow Ball|p2a: Charizard\n|-damage|p2a: Charizard|35/100\n|-unboost|p2a: Charizard|spd|1\n|move|p2a: Charizard|Flame Charge|p1a: Chandelure\n|-resisted|p1a: Chandelure|1\n|-damage|p1a: Chandelure|80/100\n|-boost|p2a: Charizard|spe|1\n|\n|upkeep\n|turn|9\n|\n|t:|1776362740\n|move|p2a: Charizard|Outrage|p1a: Chandelure\n|-damage|p1a: Chandelure|0 fnt\n|faint|p1a: Chandelure\n|\n|upkeep\n|\n|t:|1776362745\n|switch|p1a: Meowscarada|Meowscarada, L50, F|66/100\n|turn|10\n|\n|t:|1776362749\n|move|p2a: Charizard|Outrage|p1a: Meowscarada|[from] lockedmove\n|-damage|p1a: Meowscarada|0 fnt\n|faint|p1a: Meowscarada\n|-start|p2a: Charizard|confusion|[fatigue]\n|\n|win|wounddia\n|raw|digodbc's rating: 1307 &rarr; <strong>1294</strong><br />(-13 for losing)\n|raw|wounddia's rating: 1432 &rarr; <strong>1445</strong><br />(+13 for winning)\n|l|\u2606digodbc\n|player|p1|\n|l|\u2606wounddia\n|player|p2|\n",
  "uploadtime": 1776362753,
  "views": 8,
  "formatid": "gen9championsbssregma",
  "rating": 1294,
  "private": 0,
  "password": null
}