{
  "id": "gen9championsbssregma-2584389768",
  "format": "[Gen 9 Champions] BSS Reg M-A",
  "players": [
    "EkCantDrawLol",
    "stupidgoose"
  ],
  "log": "|j|\u203dEkCantDrawLol\n|j|\u2606stupidgoose\n|t:|1776257271\n|gametype|singles\n|player|p1|EkCantDrawLol|skierf|1106\n|player|p2|stupidgoose|birdkeeper-gen4dp|1121\n|gen|9\n|tier|[Gen 9 Champions] BSS Reg M-A\n|rated|\n|rule|Species Clause: Limit one of each Pok\u00e9mon\n|rule|Item Clause: Limit 1 of each item\n|clearpoke\n|poke|p1|Garchomp, L50, M|\n|poke|p1|Rotom-Frost, L50|\n|poke|p1|Gengar, L50, F|\n|poke|p1|Lucario, L50, F|\n|poke|p1|Charizard, L50, M|\n|poke|p1|Primarina, L50, M|\n|poke|p2|Golurk, L50|\n|poke|p2|Volcarona, L50, F|\n|poke|p2|Sableye, L50, F|\n|poke|p2|Corviknight, L50, M|\n|poke|p2|Polteageist, L50|\n|poke|p2|Talonflame, L50, F|\n|teampreview|3\n|\n|t:|1776257327\n|teamsize|p1|3\n|teamsize|p2|3\n|start\n|switch|p1a: Primarina|Primarina, L50, M|100/100\n|switch|p2a: Volcarona|Volcarona, L50, F|100/100\n|turn|1\n|-activate|p1a: Primarina|item: Quick Claw\n|\n|t:|1776257335\n|move|p1a: Primarina|Hyper Voice|p2a: Volcarona\n|-supereffective|p2a: Volcarona|1\n|-damage|p2a: Volcarona|15/100\n|move|p2a: Volcarona|Quiver Dance|p2a: Volcarona\n|-boost|p2a: Volcarona|spa|1\n|-boost|p2a: Volcarona|spd|1\n|-boost|p2a: Volcarona|spe|1\n|\n|-heal|p2a: Volcarona|21/100|[from] item: Leftovers\n|upkeep\n|turn|2\n|\n|t:|1776257340\n|move|p2a: Volcarona|Morning Sun|p2a: Volcarona\n|-heal|p2a: Volcarona|71/100\n|move|p1a: Primarina|Hyper Voice|p2a: Volcarona\n|-supereffective|p2a: Volcarona|1\n|-damage|p2a: Volcarona|11/100\n|\n|-heal|p2a: Volcarona|17/100|[from] item: Leftovers\n|upkeep\n|turn|3\n|\n|t:|1776257343\n|move|p2a: Volcarona|Morning Sun|p2a: Volcarona\n|-heal|p2a: Volcarona|67/100\n|move|p1a: Primarina|Hyper Voice|p2a: Volcarona\n|-supereffective|p2a: Volcarona|1\n|-damage|p2a: Volcarona|8/100\n|\n|-heal|p2a: Volcarona|14/100|[from] item: Leftovers\n|upkeep\n|turn|4\n|-activate|p1a: Primarina|item: Quick Claw\n|\n|t:|1776257346\n|move|p1a: Primarina|Psychic Noise|p2a: Volcarona\n|-supereffective|p2a: Volcarona|1\n|-damage|p2a: Volcarona|0 fnt\n|faint|p2a: Volcarona\n|\n|upkeep\n|\n|t:|1776257351\n|switch|p2a: Sableye|Sableye, L50, F|100/100\n|turn|5\n|\n|t:|1776257354\n|move|p2a: Sableye|Calm Mind|p2a: Sableye\n|-boost|p2a: Sableye|spa|1\n|-boost|p2a: Sableye|spd|1\n|move|p1a: Primarina|Hyper Voice|p2a: Sableye\n|-damage|p2a: Sableye|45/100\n|\n|upkeep\n|turn|6\n|\n|t:|1776257358\n|move|p2a: Sableye|Recover|p2a: Sableye\n|-heal|p2a: Sableye|95/100\n|move|p1a: Primarina|Encore|p2a: Sableye\n|-start|p2a: Sableye|Encore\n|\n|upkeep\n|turn|7\n|\n|t:|1776257363\n|switch|p1a: Gengar|Gengar, L50, F|100/100\n|switch|p2a: Talonflame|Talonflame, L50, F|100/100\n|\n|upkeep\n|turn|8\n|\n|t:|1776257370\n|detailschange|p1a: Gengar|Gengar-Mega, L50, F\n|-mega|p1a: Gengar|Gengar|Gengarite\n|move|p1a: Gengar|Thunder Wave|p2a: Talonflame\n|-status|p2a: Talonflame|par\n|move|p2a: Talonflame|Bulk Up|p2a: Talonflame\n|-boost|p2a: Talonflame|atk|1\n|-boost|p2a: Talonflame|def|1\n|\n|upkeep\n|turn|9\n|\n|t:|1776257382\n|move|p1a: Gengar|Hex|p2a: Talonflame\n|-damage|p2a: Talonflame|0 fnt\n|faint|p2a: Talonflame\n|\n|upkeep\n|\n|t:|1776257384\n|switch|p2a: Sableye|Sableye, L50, F|95/100\n|turn|10\n|\n|t:|1776257387\n|move|p2a: Sableye|Calm Mind|p2a: Sableye\n|-boost|p2a: Sableye|spa|1\n|-boost|p2a: Sableye|spd|1\n|move|p1a: Gengar|Substitute|p1a: Gengar\n|-start|p1a: Gengar|Substitute\n|-damage|p1a: Gengar|76/100\n|\n|upkeep\n|turn|11\n|\n|t:|1776257395\n|move|p2a: Sableye|Calm Mind|p2a: Sableye\n|-boost|p2a: Sableye|spa|1\n|-boost|p2a: Sableye|spd|1\n|move|p1a: Gengar|Thunder Wave|p2a: Sableye\n|-status|p2a: Sableye|par\n|\n|upkeep\n|turn|12\n|inactive|Battle timer is ON: inactive players will automatically lose when time's up. (requested by EkCantDrawLol)\n|\n|t:|1776257399\n|move|p2a: Sableye|Calm Mind|p2a: Sableye\n|-boost|p2a: Sableye|spa|1\n|-boost|p2a: Sableye|spd|1\n|move|p1a: Gengar|Hex|p2a: Sableye\n|-damage|p2a: Sableye|46/100 par\n|\n|upkeep\n|turn|13\n|l|\u203dEkCantDrawLol\n|inactive|EkCantDrawLol disconnected and has a minute to reconnect!\n|player|p1|\n|j|\u203dEkCantDrawLol\n|inactive|EkCantDrawLol reconnected and has 50 seconds left.\n|player|p1|EkCantDrawLol|skierf|\n|n|\u203dEkCantDrawLol|ekcantdrawlol\n|\n|t:|1776257410\n|move|p2a: Sableye|Recover|p2a: Sableye\n|-heal|p2a: Sableye|96/100 par\n|move|p1a: Gengar|Hex|p2a: Sableye\n|-damage|p2a: Sableye|39/100 par\n|\n|upkeep\n|turn|14\n|\n|t:|1776257414\n|move|p2a: Sableye|Calm Mind|p2a: Sableye\n|-boost|p2a: Sableye|spa|1\n|-boost|p2a: Sableye|spd|1\n|move|p1a: Gengar|Hex|p2a: Sableye\n|-damage|p2a: Sableye|0 fnt\n|faint|p2a: Sableye\n|\n|win|EkCantDrawLol\n|raw|EkCantDrawLol's rating: 1106 &rarr; <strong>1132</strong><br />(+26 for winning)\n|raw|stupidgoose's rating: 1121 &rarr; <strong>1095</strong><br />(-26 for losing)\n|l|\u2606stupidgoose\n|player|p2|\n",
  "uploadtime": 1776257416,
  "views": 3,
  "formatid": "gen9championsbssregma",
  "rating": 1095,
  "private": 0,
  "password": null
}