{
  "id": "gen9championsbssregma-2588866841",
  "format": "[Gen 9 Champions] BSS Reg M-A",
  "players": [
    "cheap109",
    "seiyokumazinX"
  ],
  "log": "|j|\u2606cheap109\n|j|\u2606seiyokumazinX\n|t:|1776680324\n|gametype|singles\n|player|p1|cheap109|101|1373\n|player|p2|seiyokumazinX|pokemaniac|1455\n|gen|9\n|tier|[Gen 9 Champions] BSS Reg M-A\n|rated|\n|rule|Species Clause: Limit one of each Pok\u00e9mon\n|rule|Item Clause: Limit 1 of each item\n|clearpoke\n|poke|p1|Kangaskhan, L50, F|\n|poke|p1|Dragonite, L50, F|\n|poke|p1|Hippowdon, L50, F|\n|poke|p1|Kingambit, L50, M|\n|poke|p1|Greninja, L50, M|\n|poke|p1|Volcarona, L50, F|\n|poke|p2|Tyranitar, L50, M|\n|poke|p2|Ditto, L50|\n|poke|p2|Scovillain, L50, M, shiny|\n|poke|p2|Corviknight, L50, F|\n|poke|p2|Bellibolt, L50, M|\n|poke|p2|Palafin, L50, M, shiny|\n|teampreview|3\n|\n|t:|1776680368\n|teamsize|p1|3\n|teamsize|p2|3\n|start\n|switch|p1a: Kangaskhan|Kangaskhan, L50, F|100/100\n|switch|p2a: Scovillain|Scovillain, L50, M, shiny|100/100\n|turn|1\n|\n|t:|1776680375\n|detailschange|p1a: Kangaskhan|Kangaskhan-Mega, L50, F\n|-mega|p1a: Kangaskhan|Kangaskhan|Kangaskhanite\n|detailschange|p2a: Scovillain|Scovillain-Mega, L50, M, shiny\n|-mega|p2a: Scovillain|Scovillain|Scovillainite\n|move|p1a: Kangaskhan|Double-Edge|p2a: Scovillain\n|-damage|p2a: Scovillain|51/100\n|-status|p1a: Kangaskhan|brn|[from] ability: Spicy Spray|[of] p2a: Scovillain\n|-damage|p2a: Scovillain|45/100\n|-hitcount|p2a: Scovillain|2\n|-damage|p1a: Kangaskhan|83/100 brn|[from] Recoil\n|move|p2a: Scovillain|Leech Seed|p1a: Kangaskhan\n|-start|p1a: Kangaskhan|move: Leech Seed\n|\n|-damage|p1a: Kangaskhan|71/100 brn|[from] Leech Seed|[of] p2a: Scovillain\n|-heal|p2a: Scovillain|58/100|[silent]\n|-damage|p1a: Kangaskhan|65/100 brn|[from] brn\n|upkeep\n|turn|2\n|\n|t:|1776680394\n|switch|p1a: Hippowdon|Hippowdon, L50, F|100/100\n|-weather|Sandstorm|[from] ability: Sand Stream|[of] p1a: Hippowdon\n|move|p2a: Scovillain|Leech Seed|p1a: Hippowdon\n|-start|p1a: Hippowdon|move: Leech Seed\n|\n|-weather|Sandstorm|[upkeep]\n|-damage|p2a: Scovillain|52/100|[from] Sandstorm\n|-damage|p1a: Hippowdon|88/100|[from] Leech Seed|[of] p2a: Scovillain\n|-heal|p2a: Scovillain|67/100|[silent]\n|upkeep\n|turn|3\n|\n|t:|1776680404\n|move|p2a: Scovillain|Leaf Storm|p1a: Hippowdon\n|-supereffective|p1a: Hippowdon|1\n|-damage|p1a: Hippowdon|0 fnt\n|-unboost|p2a: Scovillain|spa|2\n|faint|p1a: Hippowdon\n|\n|-weather|Sandstorm|[upkeep]\n|-damage|p2a: Scovillain|62/100|[from] Sandstorm\n|upkeep\n|\n|t:|1776680410\n|switch|p1a: Kangaskhan|Kangaskhan-Mega, L50, F|65/100 brn\n|turn|4\n|\n|t:|1776680415\n|move|p1a: Kangaskhan|Fake Out|p2a: Scovillain\n|-damage|p2a: Scovillain|53/100\n|-damage|p2a: Scovillain|51/100\n|-hitcount|p2a: Scovillain|2\n|cant|p2a: Scovillain|flinch\n|\n|-weather|Sandstorm|[upkeep]\n|-damage|p1a: Kangaskhan|59/100 brn|[from] Sandstorm\n|-damage|p2a: Scovillain|45/100|[from] Sandstorm\n|-damage|p1a: Kangaskhan|53/100 brn|[from] brn\n|upkeep\n|turn|5\n|\n|t:|1776680426\n|move|p1a: Kangaskhan|Double-Edge|p2a: Scovillain\n|-damage|p2a: Scovillain|22/100\n|-damage|p2a: Scovillain|17/100\n|-hitcount|p2a: Scovillain|2\n|-damage|p1a: Kangaskhan|44/100 brn|[from] Recoil\n|move|p2a: Scovillain|Leech Seed|p1a: Kangaskhan\n|-start|p1a: Kangaskhan|move: Leech Seed\n|\n|-weather|Sandstorm|[upkeep]\n|-damage|p1a: Kangaskhan|38/100 brn|[from] Sandstorm\n|-damage|p2a: Scovillain|11/100|[from] Sandstorm\n|-damage|p1a: Kangaskhan|26/100 brn|[from] Leech Seed|[of] p2a: Scovillain\n|-heal|p2a: Scovillain|24/100|[silent]\n|-damage|p1a: Kangaskhan|20/100 brn|[from] brn\n|upkeep\n|turn|6\n|\n|t:|1776680441\n|switch|p2a: Palafin|Palafin, L50, M, shiny|100/100\n|move|p1a: Kangaskhan|Double-Edge|p2a: Palafin\n|-damage|p2a: Palafin|68/100\n|-damage|p2a: Palafin|60/100\n|-hitcount|p2a: Palafin|2\n|-damage|p1a: Kangaskhan|5/100 brn|[from] Recoil\n|\n|-weather|none\n|-damage|p1a: Kangaskhan|0 fnt|[from] Leech Seed|[of] p2a: Palafin\n|-heal|p2a: Palafin|64/100|[silent]\n|faint|p1a: Kangaskhan\n|upkeep\n|\n|t:|1776680444\n|switch|p1a: Kingambit|Kingambit, L50, M|100/100\n|-activate|p1a: Kingambit|ability: Supreme Overlord\n|-start|p1a: Kingambit|fallen2|[silent]\n|turn|7\n|\n|t:|1776680457\n|detailschange|p2a: Palafin|Palafin-Hero, L50, M, shiny\n|switch|p2a: Scovillain|Scovillain-Mega, L50, M, shiny|24/100\n|move|p1a: Kingambit|Swords Dance|p1a: Kingambit\n|-boost|p1a: Kingambit|atk|2\n|\n|upkeep\n|turn|8\n|\n|t:|1776680473\n|move|p1a: Kingambit|Swords Dance|p1a: Kingambit\n|-boost|p1a: Kingambit|atk|2\n|move|p2a: Scovillain|Burning Jealousy|p1a: Kingambit\n|-supereffective|p1a: Kingambit|1\n|-damage|p1a: Kingambit|33/100\n|-status|p1a: Kingambit|brn\n|\n|-damage|p1a: Kingambit|26/100 brn|[from] brn\n|upkeep\n|turn|9\n|\n|t:|1776680483\n|move|p1a: Kingambit|Sucker Punch|p2a: Scovillain\n|-damage|p2a: Scovillain|0 fnt\n|faint|p2a: Scovillain\n|\n|-damage|p1a: Kingambit|20/100 brn|[from] brn\n|upkeep\n|\n|t:|1776680489\n|switch|p2a: Palafin|Palafin-Hero, L50, M, shiny|64/100\n|-activate|p2a: Palafin|ability: Zero to Hero\n|turn|10\n|-message|cheap109 forfeited.\n|\n|win|seiyokumazinX\n|raw|cheap109's rating: 1373 &rarr; <strong>1358</strong><br />(-15 for losing)\n|raw|seiyokumazinX's rating: 1455 &rarr; <strong>1470</strong><br />(+15 for winning)\n|l|\u2606cheap109\n|player|p1|\n|l|\u2606seiyokumazinX\n|player|p2|\n",
  "uploadtime": 1776680498,
  "views": 0,
  "formatid": "gen9championsbssregma",
  "rating": 1358,
  "private": 0,
  "password": null
}