{
  "id": "gen9championsbssregma-2584010541",
  "format": "[Gen 9 Champions] BSS Reg M-A",
  "players": [
    "PokegirlMaroon",
    "NeonMonke"
  ],
  "log": "|j|\u2606PokegirlMaroon\n|j|\u203dNeonMonke\n|t:|1776216517\n|gametype|singles\n|player|p1|PokegirlMaroon|psychicf-gen4|1156\n|player|p2|NeonMonke|zinzolin|1042\n|gen|9\n|tier|[Gen 9 Champions] BSS Reg M-A\n|rated|\n|rule|Species Clause: Limit one of each Pok\u00e9mon\n|rule|Item Clause: Limit 1 of each item\n|clearpoke\n|poke|p1|Machamp, L50, F|\n|poke|p1|Aggron, L50, F|\n|poke|p1|Hydreigon, L50, F|\n|poke|p1|Hatterene, L50, F|\n|poke|p1|Basculegion, L50, M|\n|poke|p1|Incineroar, L50, M|\n|poke|p2|Araquanid, L50, F|\n|poke|p2|Chimecho, L50, F|\n|poke|p2|Emolga, L50, F|\n|poke|p2|Arcanine-Hisui, L50, M|\n|poke|p2|Sinistcha, L50|\n|poke|p2|Furfrou, L50, M|\n|teampreview|3\n|inactive|Battle timer is ON: inactive players will automatically lose when time's up. (requested by PokegirlMaroon)\n|inactive|NeonMonke has 60 seconds left.\n|inactive|NeonMonke has 30 seconds left.\n|inactive|NeonMonke has 20 seconds left.\n|inactive|NeonMonke has 15 seconds left.\n|inactive|NeonMonke has 10 seconds left.\n|inactive|NeonMonke has 5 seconds left.\n|\n|t:|1776216710\n|teamsize|p1|3\n|teamsize|p2|3\n|start\n|switch|p1a: Machamp|Machamp, L50, F|100/100\n|switch|p2a: Furfrou|Furfrou, L50, M, shiny|100/100\n|turn|1\n|\n|t:|1776216721\n|move|p2a: Furfrou|Cotton Guard|p2a: Furfrou\n|-boost|p2a: Furfrou|def|3\n|move|p1a: Machamp|Knock Off|p2a: Furfrou\n|-damage|p2a: Furfrou|86/100\n|-enditem|p2a: Furfrou|Chesto Berry|[from] move: Knock Off|[of] p1a: Machamp\n|\n|upkeep\n|turn|2\n|inactive|NeonMonke has 30 seconds left.\n|inactive|NeonMonke has 20 seconds left.\n|inactive|NeonMonke has 15 seconds left.\n|\n|t:|1776216762\n|move|p2a: Furfrou|Psychic Fangs|p1a: Machamp\n|-supereffective|p1a: Machamp|1\n|-damage|p1a: Machamp|53/100\n|move|p1a: Machamp|Dynamic Punch|p2a: Furfrou\n|-supereffective|p2a: Furfrou|1\n|-damage|p2a: Furfrou|43/100\n|-start|p2a: Furfrou|confusion\n|\n|upkeep\n|turn|3\n|\n|t:|1776216773\n|-activate|p2a: Furfrou|confusion\n|move|p2a: Furfrou|Cotton Guard|p2a: Furfrou\n|-boost|p2a: Furfrou|def|3\n|move|p1a: Machamp|Dynamic Punch|p2a: Furfrou\n|-supereffective|p2a: Furfrou|1\n|-damage|p2a: Furfrou|15/100\n|\n|upkeep\n|turn|4\n|\n|t:|1776216781\n|-activate|p2a: Furfrou|confusion\n|move|p2a: Furfrou|Rest|p2a: Furfrou\n|-status|p2a: Furfrou|slp|[from] move: Rest\n|-heal|p2a: Furfrou|100/100 slp|[silent]\n|move|p1a: Machamp|Dynamic Punch|p2a: Furfrou\n|-supereffective|p2a: Furfrou|1\n|-damage|p2a: Furfrou|74/100 slp\n|\n|upkeep\n|turn|5\n|\n|t:|1776216785\n|cant|p2a: Furfrou|slp\n|move|p1a: Machamp|Dynamic Punch|p2a: Furfrou\n|-supereffective|p2a: Furfrou|1\n|-damage|p2a: Furfrou|50/100 slp\n|\n|upkeep\n|turn|6\n|\n|t:|1776216790\n|cant|p2a: Furfrou|slp\n|move|p1a: Machamp|Dynamic Punch|p2a: Furfrou\n|-supereffective|p2a: Furfrou|1\n|-damage|p2a: Furfrou|23/100 slp\n|\n|upkeep\n|turn|7\n|\n|t:|1776216793\n|switch|p1a: Hatterene|Hatterene, L50, F|100/100\n|-curestatus|p2a: Furfrou|slp|[msg]\n|-activate|p2a: Furfrou|confusion\n|-damage|p2a: Furfrou|18/100|[from] confusion\n|\n|upkeep\n|turn|8\n|\n|t:|1776216800\n|-activate|p2a: Furfrou|confusion\n|-damage|p2a: Furfrou|13/100|[from] confusion\n|move|p1a: Hatterene|Psychic Noise|p2a: Furfrou\n|-damage|p2a: Furfrou|0 fnt\n|faint|p2a: Furfrou\n|\n|upkeep\n|\n|t:|1776216804\n|switch|p2a: Sinistcha|Sinistcha, L50|100/100\n|turn|9\n|\n|t:|1776216806\n|move|p2a: Sinistcha|Shadow Ball|p1a: Hatterene\n|-supereffective|p1a: Hatterene|1\n|-damage|p1a: Hatterene|40/100\n|move|p1a: Hatterene|Trick Room|p1a: Hatterene\n|-fieldstart|move: Trick Room|[of] p1a: Hatterene\n|\n|upkeep\n|turn|10\n|\n|t:|1776216824\n|move|p1a: Hatterene|Misty Explosion|p2a: Sinistcha\n|-damage|p2a: Sinistcha|58/100\n|faint|p1a: Hatterene\n|move|p2a: Sinistcha|Shadow Ball|p1: Hatterene|[notarget]\n|-fail|p2a: Sinistcha\n|\n|-heal|p2a: Sinistcha|64/100|[from] item: Leftovers\n|upkeep\n|\n|t:|1776216826\n|switch|p1a: Machamp|Machamp, L50, F|53/100\n|turn|11\n|\n|t:|1776216844\n|move|p1a: Machamp|Knock Off|p2a: Sinistcha\n|-supereffective|p2a: Sinistcha|1\n|-damage|p2a: Sinistcha|0 fnt\n|-enditem|p2a: Sinistcha|Leftovers|[from] move: Knock Off|[of] p1a: Machamp\n|faint|p2a: Sinistcha\n|\n|upkeep\n|\n|t:|1776216846\n|switch|p2a: Chimecho|Chimecho, L50, F|100/100\n|turn|12\n|\n|t:|1776216849\n|detailschange|p2a: Chimecho|Chimecho-Mega, L50, F\n|-mega|p2a: Chimecho|Chimecho|Chimechite\n|move|p1a: Machamp|Dynamic Punch|p2a: Chimecho\n|-damage|p2a: Chimecho|42/100\n|-start|p2a: Chimecho|confusion\n|-activate|p2a: Chimecho|confusion\n|-damage|p2a: Chimecho|37/100|[from] confusion\n|\n|upkeep\n|turn|13\n|\n|t:|1776216857\n|move|p1a: Machamp|Dynamic Punch|p2a: Chimecho\n|-damage|p2a: Chimecho|0 fnt\n|faint|p2a: Chimecho\n|\n|win|PokegirlMaroon\n|raw|PokegirlMaroon's rating: 1156 &rarr; <strong>1173</strong><br />(+17 for winning)\n|raw|NeonMonke's rating: 1042 &rarr; <strong>1031</strong><br />(-11 for losing)\n|l|\u203dNeonMonke\n|player|p2|\n",
  "uploadtime": 1776216863,
  "views": 5,
  "formatid": "gen9championsbssregma",
  "rating": 1031,
  "private": 0,
  "password": null
}