{
  "id": "gen9championsbssregma-2587185744",
  "format": "[Gen 9 Champions] BSS Reg M-A",
  "players": [
    "jwyzxcvbnm",
    "dyuros"
  ],
  "log": "|j|\u2606jwyzxcvbnm\n|j|\u2606dyuros\n|t:|1776505931\n|gametype|singles\n|player|p1|jwyzxcvbnm|102|1423\n|player|p2|dyuros|1|1266\n|gen|9\n|tier|[Gen 9 Champions] BSS Reg M-A\n|rated|\n|rule|Species Clause: Limit one of each Pok\u00e9mon\n|rule|Item Clause: Limit 1 of each item\n|clearpoke\n|poke|p1|Sneasler, L50, M, shiny|\n|poke|p1|Polteageist, L50, shiny|\n|poke|p1|Archaludon, L50, M, shiny|\n|poke|p1|Armarouge, L50, M, shiny|\n|poke|p1|Gyarados, L50, M|\n|poke|p1|Meowscarada, L50, M, shiny|\n|poke|p2|Slowking, L50, F|\n|poke|p2|Feraligatr, L50, F|\n|poke|p2|Mimikyu, L50, M|\n|poke|p2|Glimmora, L50, M|\n|poke|p2|Torkoal, L50, M|\n|poke|p2|Hatterene, L50, F|\n|teampreview|3\n|inactive|Battle timer is ON: inactive players will automatically lose when time's up. (requested by jwyzxcvbnm)\n|\n|t:|1776505948\n|teamsize|p1|3\n|teamsize|p2|3\n|start\n|switch|p1a: Armarouge|Armarouge, L50, M, shiny|100/100\n|switch|p2a: Slowking|Slowking, L50, F|100/100\n|turn|1\n|inactive|dyuros has 30 seconds left.\n|\n|t:|1776505982\n|switch|p1a: Polteageist|Polteageist, L50, shiny|100/100\n|move|p2a: Slowking|Trick Room|p2a: Slowking\n|-fieldstart|move: Trick Room|[of] p2a: Slowking\n|\n|upkeep\n|turn|2\n|\n|t:|1776505993\n|move|p2a: Slowking|Future Sight|p1a: Polteageist\n|-start|p2a: Slowking|move: Future Sight\n|move|p1a: Polteageist|Shadow Ball|p2a: Slowking\n|-supereffective|p2a: Slowking|1\n|-damage|p2a: Slowking|52/100\n|\n|upkeep\n|turn|3\n|\n|t:|1776506003\n|switch|p2a: Mimikyu|Mimikyu, L50, M|100/100\n|move|p1a: Polteageist|Shadow Ball|p2a: Mimikyu\n|-activate|p2a: Mimikyu|ability: Disguise\n|-damage|p2a: Mimikyu|100/100\n|detailschange|p2a: Mimikyu|Mimikyu-Busted, L50, M\n|-damage|p2a: Mimikyu|88/100|[from] pokemon: Mimikyu-Busted\n|\n|upkeep\n|turn|4\n|\n|t:|1776506012\n|move|p2a: Mimikyu|Shadow Sneak|p1a: Polteageist\n|-supereffective|p1a: Polteageist|1\n|-damage|p1a: Polteageist|50/100\n|move|p1a: Polteageist|Shadow Ball|p2a: Mimikyu\n|-supereffective|p2a: Mimikyu|1\n|-damage|p2a: Mimikyu|0 fnt\n|faint|p2a: Mimikyu\n|\n|-end|p1a: Polteageist|move: Future Sight\n|-damage|p1a: Polteageist|12/100\n|upkeep\n|\n|t:|1776506015\n|switch|p2a: Feraligatr|Feraligatr, L50, F|100/100\n|turn|5\n|\n|t:|1776506025\n|move|p2a: Feraligatr|Aqua Jet|p1a: Polteageist\n|-damage|p1a: Polteageist|0 fnt\n|-start|p2a: Feraligatr|Disable|Aqua Jet|[from] ability: Cursed Body|[of] p1a: Polteageist\n|faint|p1a: Polteageist\n|\n|-fieldend|move: Trick Room\n|upkeep\n|\n|t:|1776506028\n|switch|p1a: Gyarados|Gyarados, L50, M|100/100\n|-ability|p1a: Gyarados|Intimidate|boost\n|-unboost|p2a: Feraligatr|atk|1\n|turn|6\n|\n|t:|1776506032\n|switch|p2a: Slowking|Slowking, L50, F|52/100\n|move|p1a: Gyarados|Dragon Dance|p1a: Gyarados\n|-boost|p1a: Gyarados|atk|1\n|-boost|p1a: Gyarados|spe|1\n|\n|upkeep\n|turn|7\n|\n|t:|1776506036\n|detailschange|p1a: Gyarados|Gyarados-Mega, L50, M\n|-mega|p1a: Gyarados|Gyarados|Gyaradosite\n|-ability|p1a: Gyarados|Mold Breaker\n|move|p1a: Gyarados|Crunch|p2a: Slowking\n|-supereffective|p2a: Slowking|1\n|-crit|p2a: Slowking\n|-damage|p2a: Slowking|0 fnt\n|faint|p2a: Slowking\n|\n|upkeep\n|\n|t:|1776506041\n|switch|p2a: Feraligatr|Feraligatr, L50, F|100/100\n|turn|8\n|\n|t:|1776506044\n|detailschange|p2a: Feraligatr|Feraligatr-Mega, L50, F\n|-mega|p2a: Feraligatr|Feraligatr|Feraligite\n|move|p1a: Gyarados|Crunch|p2a: Feraligatr\n|-damage|p2a: Feraligatr|41/100\n|move|p2a: Feraligatr|Double-Edge|p1a: Gyarados\n|-damage|p1a: Gyarados|32/100\n|-damage|p2a: Feraligatr|17/100|[from] Recoil\n|\n|upkeep\n|turn|9\n|j| p74\n|\n|t:|1776506050\n|move|p2a: Feraligatr|Aqua Jet|p1a: Gyarados\n|-resisted|p1a: Gyarados|1\n|-damage|p1a: Gyarados|22/100\n|move|p1a: Gyarados|Crunch|p2a: Feraligatr\n|-damage|p2a: Feraligatr|0 fnt\n|faint|p2a: Feraligatr\n|\n|win|jwyzxcvbnm\n|raw|jwyzxcvbnm's rating: 1423 &rarr; <strong>1435</strong><br />(+12 for winning)\n|raw|dyuros's rating: 1266 &rarr; <strong>1252</strong><br />(-14 for losing)\n|l|\u2606dyuros\n|player|p2|\n|l|\u2606jwyzxcvbnm\n|player|p1|\n",
  "uploadtime": 1776506147,
  "views": 13,
  "formatid": "gen9championsbssregma",
  "rating": 1252,
  "private": 0,
  "password": null
}