{
  "id": "gen9championsbssregma-2583943110",
  "format": "[Gen 9 Champions] BSS Reg M-A",
  "players": [
    "egjp",
    "misakamikoto 9982"
  ],
  "log": "|j|\u2606egjp\n|j|\u2606misakamikoto 9982\n|t:|1776210414\n|gametype|singles\n|player|p1|egjp|266|1349\n|player|p2|misakamikoto 9982|dawn|1328\n|gen|9\n|tier|[Gen 9 Champions] BSS Reg M-A\n|rated|\n|rule|Species Clause: Limit one of each Pok\u00e9mon\n|rule|Item Clause: Limit 1 of each item\n|clearpoke\n|poke|p1|Garchomp, L50, M|\n|poke|p1|Gengar, L50, M|\n|poke|p1|Hydreigon, L50, F|\n|poke|p1|Toxapex, L50, F|\n|poke|p1|Corviknight, L50, F|\n|poke|p1|Diggersby, L50, M|\n|poke|p2|Pelipper, L50, M|\n|poke|p2|Garchomp, L50, M|\n|poke|p2|Basculegion, L50, M|\n|poke|p2|Meganium, L50, F|\n|poke|p2|Sneasler, L50, F|\n|poke|p2|Skeledirge, L50, F|\n|teampreview|3\n|inactive|Battle timer is ON: inactive players will automatically lose when time's up. (requested by misakamikoto 9982)\n|inactive|egjp has 60 seconds left.\n|inactive|misakamikoto 9982 has 60 seconds left.\n|j| p74\n|\n|t:|1776210468\n|teamsize|p1|3\n|teamsize|p2|3\n|start\n|switch|p1a: Gengar|Gengar, L50, M|100/100\n|switch|p2a: Garchomp|Garchomp, L50, M|100/100\n|turn|1\n|\n|t:|1776210474\n|detailschange|p1a: Gengar|Gengar-Mega, L50, M\n|-mega|p1a: Gengar|Gengar|Gengarite\n|move|p1a: Gengar|Protect|p1a: Gengar\n|-singleturn|p1a: Gengar|Protect\n|move|p2a: Garchomp|Earthquake|p1a: Gengar\n|-activate|p1a: Gengar|move: Protect\n|\n|upkeep\n|turn|2\n|\n|t:|1776210484\n|switch|p1a: Hydreigon|Hydreigon, L50, F|100/100\n|move|p2a: Garchomp|Earthquake|p1a: Hydreigon\n|-immune|p1a: Hydreigon|[from] ability: Levitate\n|\n|upkeep\n|turn|3\n|\n|t:|1776210491\n|switch|p2a: Meganium|Meganium, L50, F, shiny|100/100\n|move|p1a: Hydreigon|Draco Meteor|p2a: Meganium\n|-damage|p2a: Meganium|19/100\n|-unboost|p1a: Hydreigon|spa|2\n|\n|upkeep\n|turn|4\n|\n|t:|1776210509\n|switch|p1a: Gengar|Gengar-Mega, L50, M|100/100\n|detailschange|p2a: Meganium|Meganium-Mega, L50, F, shiny\n|-mega|p2a: Meganium|Meganium|Meganiumite\n|move|p2a: Meganium|Weather Ball|p1a: Gengar\n|-damage|p1a: Gengar|36/100\n|\n|upkeep\n|turn|5\n|\n|t:|1776210513\n|move|p1a: Gengar|Sludge Wave|p2a: Meganium\n|-supereffective|p2a: Meganium|2\n|-damage|p2a: Meganium|0 fnt\n|faint|p2a: Meganium\n|\n|upkeep\n|j| Togekiss2000\n|\n|t:|1776210516\n|switch|p2a: Basculegion|Basculegion, L50, M, shiny|100/100\n|turn|6\n|\n|t:|1776210525\n|move|p1a: Gengar|Protect|p1a: Gengar\n|-singleturn|p1a: Gengar|Protect\n|move|p2a: Basculegion|Flip Turn|p1a: Gengar\n|-activate|p1a: Gengar|move: Protect\n|\n|upkeep\n|turn|7\n|\n|t:|1776210534\n|switch|p1a: Toxapex|Toxapex, L50, F|100/100\n|move|p2a: Basculegion|Flip Turn|p1a: Toxapex\n|-resisted|p1a: Toxapex|1\n|-damage|p1a: Toxapex|86/100\n|\n|t:|1776210536\n|switch|p2a: Garchomp|Garchomp, L50, M|100/100|[from] Flip Turn\n|\n|upkeep\n|turn|8\n|\n|t:|1776210545\n|move|p2a: Garchomp|Stealth Rock|p1a: Toxapex\n|-sidestart|p1: egjp|move: Stealth Rock\n|move|p1a: Toxapex|Recover|p1a: Toxapex\n|-heal|p1a: Toxapex|100/100\n|\n|upkeep\n|turn|9\n|\n|t:|1776210553\n|move|p2a: Garchomp|Earthquake|p1a: Toxapex\n|-supereffective|p1a: Toxapex|1\n|-damage|p1a: Toxapex|15/100\n|move|p1a: Toxapex|Toxic|p2a: Garchomp\n|-status|p2a: Garchomp|tox\n|\n|-damage|p2a: Garchomp|94/100 tox|[from] psn\n|upkeep\n|turn|10\n|\n|t:|1776210563\n|move|p2a: Garchomp|Dragon Claw|p1a: Toxapex\n|-damage|p1a: Toxapex|0 fnt\n|faint|p1a: Toxapex\n|\n|-damage|p2a: Garchomp|82/100 tox|[from] psn\n|upkeep\n|\n|t:|1776210571\n|switch|p1a: Gengar|Gengar-Mega, L50, M|36/100\n|-damage|p1a: Gengar|24/100|[from] Stealth Rock\n|turn|11\n|\n|t:|1776210579\n|move|p1a: Gengar|Shadow Ball|p2a: Garchomp\n|-damage|p2a: Garchomp|25/100 tox\n|move|p2a: Garchomp|Earthquake|p1a: Gengar\n|-supereffective|p1a: Gengar|1\n|-damage|p1a: Gengar|0 fnt\n|faint|p1a: Gengar\n|\n|-damage|p2a: Garchomp|7/100 tox|[from] psn\n|upkeep\n|\n|t:|1776210582\n|switch|p1a: Hydreigon|Hydreigon, L50, F|100/100\n|-damage|p1a: Hydreigon|89/100|[from] Stealth Rock\n|turn|12\n|\n|t:|1776210583\n|move|p1a: Hydreigon|Dark Pulse|p2a: Garchomp\n|-damage|p2a: Garchomp|0 fnt\n|faint|p2a: Garchomp\n|\n|upkeep\n|\n|t:|1776210585\n|switch|p2a: Basculegion|Basculegion, L50, M, shiny|100/100\n|turn|13\n|\n|t:|1776210587\n|move|p1a: Hydreigon|Dark Pulse|p2a: Basculegion\n|-supereffective|p2a: Basculegion|1\n|-damage|p2a: Basculegion|3/100\n|cant|p2a: Basculegion|flinch\n|\n|upkeep\n|turn|14\n|\n|t:|1776210590\n|move|p1a: Hydreigon|Dark Pulse|p2a: Basculegion\n|-supereffective|p2a: Basculegion|1\n|-damage|p2a: Basculegion|0 fnt\n|faint|p2a: Basculegion\n|\n|win|egjp\n|raw|egjp's rating: 1349 &rarr; <strong>1368</strong><br />(+19 for winning)\n|raw|misakamikoto 9982's rating: 1328 &rarr; <strong>1309</strong><br />(-19 for losing)\n",
  "uploadtime": 1776210591,
  "views": 1,
  "formatid": "gen9championsbssregma",
  "rating": 1309,
  "private": 0,
  "password": null
}