{
  "id": "gen9championsbssregma-2582947317",
  "format": "[Gen 9 Champions] BSS Reg M-A",
  "players": [
    "perdicionn",
    "judocado"
  ],
  "log": "|j|\u2606perdicionn\n|j|\u2606judocado\n|t:|1776127492\n|gametype|singles\n|player|p1|perdicionn|crasherwake|1082\n|player|p2|judocado|veteran|1074\n|gen|9\n|tier|[Gen 9 Champions] BSS Reg M-A\n|rated|\n|rule|Species Clause: Limit one of each Pok\u00e9mon\n|rule|Item Clause: Limit 1 of each item\n|clearpoke\n|poke|p1|Aegislash, L50, F|\n|poke|p1|Kingambit, L50, F|\n|poke|p1|Volcarona, L50, M|\n|poke|p1|Gyarados, L50, F|\n|poke|p1|Starmie, L50|\n|poke|p1|Manectric, L50, M|\n|poke|p2|Mimikyu, L50, F|\n|poke|p2|Hatterene, L50, F|\n|poke|p2|Conkeldurr, L50, F|\n|poke|p2|Snorlax, L50, M|\n|poke|p2|Camerupt, L50, F|\n|poke|p2|Golurk, L50|\n|teampreview|3\n|\n|t:|1776127520\n|teamsize|p1|3\n|teamsize|p2|3\n|start\n|switch|p1a: Gyarados|Gyarados, L50, F|100/100\n|switch|p2a: Mimikyu|Mimikyu, L50, F|100/100\n|-ability|p1a: Gyarados|Intimidate|boost\n|-unboost|p2a: Mimikyu|atk|1\n|turn|1\n|\n|t:|1776127525\n|move|p1a: Gyarados|Waterfall|p2a: Mimikyu\n|-activate|p2a: Mimikyu|ability: Disguise\n|-damage|p2a: Mimikyu|100/100\n|detailschange|p2a: Mimikyu|Mimikyu-Busted, L50, F\n|-damage|p2a: Mimikyu|88/100|[from] pokemon: Mimikyu-Busted\n|move|p2a: Mimikyu|Trick Room|p2a: Mimikyu\n|-fieldstart|move: Trick Room|[of] p2a: Mimikyu\n|\n|upkeep\n|turn|2\n|\n|t:|1776127539\n|move|p2a: Mimikyu|Play Rough|p1a: Gyarados\n|-damage|p1a: Gyarados|69/100\n|-unboost|p1a: Gyarados|atk|1\n|move|p1a: Gyarados|Waterfall|p2a: Mimikyu\n|-damage|p2a: Mimikyu|50/100\n|\n|upkeep\n|turn|3\n|\n|t:|1776127556\n|switch|p2a: Snorlax|Snorlax, L50, M|100/100\n|switch|p1a: Aegislash|Aegislash, L50, F|100/100\n|\n|upkeep\n|turn|4\n|\n|t:|1776127565\n|switch|p1a: Gyarados|Gyarados, L50, F|69/100\n|-ability|p1a: Gyarados|Intimidate|boost\n|-unboost|p2a: Snorlax|atk|1\n|move|p2a: Snorlax|Belly Drum|p2a: Snorlax\n|-damage|p2a: Snorlax|51/100\n|-setboost|p2a: Snorlax|atk|6|[from] move: Belly Drum\n|\n|upkeep\n|turn|5\n|\n|t:|1776127576\n|switch|p1a: Aegislash|Aegislash, L50, F|100/100\n|move|p2a: Snorlax|Body Slam|p1a: Aegislash\n|-immune|p1a: Aegislash\n|\n|-fieldend|move: Trick Room\n|upkeep\n|turn|6\n|\n|t:|1776127581\n|move|p1a: Aegislash|King's Shield|p1a: Aegislash\n|-singleturn|p1a: Aegislash|Protect\n|move|p2a: Snorlax|Earthquake|p1a: Aegislash\n|-activate|p1a: Aegislash|move: Protect\n|\n|upkeep\n|turn|7\n|\n|t:|1776127587\n|-formechange|p1a: Aegislash|Aegislash-Blade|\n|move|p1a: Aegislash|Flash Cannon|p2a: Snorlax\n|-damage|p2a: Snorlax|18/100\n|-enditem|p2a: Snorlax|Sitrus Berry|[eat]\n|-heal|p2a: Snorlax|42/100|[from] item: Sitrus Berry\n|move|p2a: Snorlax|Body Slam|p1a: Aegislash\n|-immune|p1a: Aegislash\n|\n|upkeep\n|turn|8\n|\n|t:|1776127597\n|switch|p1a: Gyarados|Gyarados, L50, F|69/100\n|-ability|p1a: Gyarados|Intimidate|boost\n|-unboost|p2a: Snorlax|atk|1\n|move|p2a: Snorlax|Earthquake|p1a: Gyarados\n|-immune|p1a: Gyarados\n|\n|upkeep\n|turn|9\n|\n|t:|1776127603\n|move|p1a: Gyarados|Waterfall|p2a: Snorlax\n|-damage|p2a: Snorlax|7/100\n|move|p2a: Snorlax|Body Slam|p1a: Gyarados\n|-damage|p1a: Gyarados|0 fnt\n|faint|p1a: Gyarados\n|\n|upkeep\n|\n|t:|1776127608\n|switch|p1a: Starmie|Starmie, L50|100/100\n|turn|10\n|\n|t:|1776127615\n|detailschange|p1a: Starmie|Starmie-Mega, L50\n|-mega|p1a: Starmie|Starmie|Starminite\n|move|p1a: Starmie|Liquidation|p2a: Snorlax\n|-damage|p2a: Snorlax|0 fnt\n|faint|p2a: Snorlax\n|\n|upkeep\n|\n|t:|1776127627\n|switch|p2a: Golurk|Golurk, L50|100/100\n|turn|11\n|\n|t:|1776127632\n|detailschange|p2a: Golurk|Golurk-Mega, L50\n|-mega|p2a: Golurk|Golurk|Golurkite\n|move|p1a: Starmie|Liquidation|p2a: Golurk\n|-supereffective|p2a: Golurk|1\n|-crit|p2a: Golurk\n|-damage|p2a: Golurk|0 fnt\n|faint|p2a: Golurk\n|\n|upkeep\n|-message|judocado forfeited.\n|\n|win|perdicionn\n|raw|perdicionn's rating: 1082 &rarr; <strong>1109</strong><br />(+27 for winning)\n|raw|judocado's rating: 1074 &rarr; <strong>1053</strong><br />(-21 for losing)\n|l|\u2606judocado\n|player|p2|\n",
  "uploadtime": 1776127640,
  "views": 7,
  "formatid": "gen9championsbssregma",
  "rating": 1053,
  "private": 0,
  "password": null
}