{
  "id": "gen9championsbssregma-2582598270",
  "format": "[Gen 9 Champions] BSS Reg M-A",
  "players": [
    "Invlid",
    "KyungHeeUniversity"
  ],
  "log": "|j|\u2606Invlid\n|j|\u2606KyungHeeUniversity\n|t:|1776101750\n|gametype|singles\n|player|p1|Invlid|266|1240\n|player|p2|KyungHeeUniversity|101|1384\n|gen|9\n|tier|[Gen 9 Champions] BSS Reg M-A\n|rated|\n|rule|Species Clause: Limit one of each Pok\u00e9mon\n|rule|Item Clause: Limit 1 of each item\n|clearpoke\n|poke|p1|Mimikyu, L50, F|\n|poke|p1|Corviknight, L50, M|\n|poke|p1|Dragapult, L50, F|\n|poke|p1|Garchomp, L50, F|\n|poke|p1|Meowscarada, L50, F|\n|poke|p1|Charizard, L50, F|\n|poke|p2|Garchomp, L50, M|\n|poke|p2|Medicham, L50, M|\n|poke|p2|Banette, L50, M|\n|poke|p2|Rotom-Wash, L50|\n|poke|p2|Mimikyu, L50, M|\n|poke|p2|Ditto, L50|\n|teampreview|3\n|\n|t:|1776101823\n|teamsize|p1|3\n|teamsize|p2|3\n|start\n|switch|p1a: Meowscarada|Meowscarada, L50, F|100/100\n|switch|p2a: Ditto|Ditto, L50|100/100\n|-transform|p2a: Ditto|p1a: Meowscarada|[from] ability: Imposter\n|turn|1\n|j| vcxcxv\n|\n|t:|1776101834\n|move|p1a: Meowscarada|U-turn|p2a: Ditto\n|-start|p1a: Meowscarada|typechange|Bug|[from] ability: Protean\n|-supereffective|p2a: Ditto|2\n|-enditem|p2a: Ditto|Focus Sash\n|-damage|p2a: Ditto|1/100\n|l| vcxcxv\n|\n|t:|1776101841\n|switch|p1a: Corviknight|Corviknight, L50, M|100/100|[from] U-turn\n|-ability|p1a: Corviknight|Unnerve\n|move|p2a: Ditto|U-turn|p1a: Corviknight\n|-start|p2a: Ditto|typechange|Bug|[from] ability: Protean\n|-resisted|p1a: Corviknight|2\n|-damage|p1a: Corviknight|96/100\n|\n|t:|1776101845\n|switch|p2a: Banette|Banette, L50, M|100/100|[from] U-turn\n|-item|p1a: Corviknight|Sitrus Berry|[from] ability: Frisk|[of] p2a: Banette\n|\n|upkeep\n|turn|2\n|\n|t:|1776101854\n|detailschange|p2a: Banette|Banette-Mega, L50, M\n|-mega|p2a: Banette|Banette|Banettite\n|move|p2a: Banette|Poltergeist|p1a: Corviknight|[miss]\n|-miss|p2a: Banette|p1a: Corviknight\n|move|p1a: Corviknight|Iron Defense|p1a: Corviknight\n|-boost|p1a: Corviknight|def|2\n|\n|upkeep\n|turn|3\n|\n|t:|1776101865\n|move|p2a: Banette|Encore|p1a: Corviknight\n|-start|p1a: Corviknight|Encore\n|move|p1a: Corviknight|Iron Defense|p1a: Corviknight\n|-boost|p1a: Corviknight|def|2\n|\n|upkeep\n|turn|4\n|\n|t:|1776101872\n|switch|p1a: Meowscarada|Meowscarada, L50, F|100/100\n|move|p2a: Banette|Poltergeist|p1a: Meowscarada\n|-activate|p1a: Meowscarada|move: Poltergeist|Choice Scarf\n|-resisted|p1a: Meowscarada|1\n|-damage|p1a: Meowscarada|42/100\n|\n|upkeep\n|turn|5\n|\n|t:|1776101879\n|move|p1a: Meowscarada|Knock Off|p2a: Banette\n|-start|p1a: Meowscarada|typechange|Dark|[from] ability: Protean\n|-supereffective|p2a: Banette|1\n|-damage|p2a: Banette|23/100\n|move|p2a: Banette|Poltergeist|p1a: Meowscarada\n|-activate|p1a: Meowscarada|move: Poltergeist|Choice Scarf\n|-resisted|p1a: Meowscarada|1\n|-damage|p1a: Meowscarada|0 fnt\n|faint|p1a: Meowscarada\n|\n|upkeep\n|\n|t:|1776101888\n|switch|p1a: Mimikyu|Mimikyu, L50, F|100/100\n|turn|6\n|\n|t:|1776101900\n|switch|p2a: Ditto|Ditto, L50|1/100\n|-transform|p2a: Ditto|p1a: Mimikyu|[from] ability: Imposter\n|move|p1a: Mimikyu|Shadow Sneak|p2a: Ditto\n|-supereffective|p2a: Ditto|1\n|-damage|p2a: Ditto|0 fnt\n|faint|p2a: Ditto\n|\n|upkeep\n|\n|t:|1776101912\n|switch|p2a: Mimikyu|Mimikyu, L50, M|100/100\n|turn|7\n|inactive|Battle timer is ON: inactive players will automatically lose when time's up. (requested by Invlid)\n|\n|t:|1776101938\n|switch|p1a: Corviknight|Corviknight, L50, M|96/100\n|-ability|p1a: Corviknight|Unnerve\n|switch|p2a: Banette|Banette-Mega, L50, M|23/100\n|\n|upkeep\n|turn|8\n|\n|t:|1776101945\n|move|p2a: Banette|Poltergeist|p1a: Corviknight|[miss]\n|-miss|p2a: Banette|p1a: Corviknight\n|move|p1a: Corviknight|Iron Head|p2a: Banette\n|-damage|p2a: Banette|0 fnt\n|faint|p2a: Banette\n|\n|upkeep\n|-message|KyungHeeUniversity forfeited.\n|\n|win|Invlid\n|raw|Invlid's rating: 1240 &rarr; <strong>1275</strong><br />(+35 for winning)\n|raw|KyungHeeUniversity's rating: 1384 &rarr; <strong>1356</strong><br />(-28 for losing)\n|l|\u2606KyungHeeUniversity\n|player|p2|\n",
  "uploadtime": 1776101977,
  "views": 6,
  "formatid": "gen9championsbssregma",
  "rating": 1275,
  "private": 0,
  "password": null
}