{
  "id": "gen9championsbssregma-2583125631",
  "format": "[Gen 9 Champions] BSS Reg M-A",
  "players": [
    "JigglePhysics69",
    "Hinya"
  ],
  "log": "|j|\u2606JigglePhysics69\n|j|\u2606Hinya\n|t:|1776145073\n|gametype|singles\n|player|p1|JigglePhysics69|swimmerf-gen4|1033\n|player|p2|Hinya|arezu|1071\n|gen|9\n|tier|[Gen 9 Champions] BSS Reg M-A\n|rated|\n|rule|Species Clause: Limit one of each Pok\u00e9mon\n|rule|Item Clause: Limit 1 of each item\n|clearpoke\n|poke|p1|Beedrill, L50, F|\n|poke|p1|Rotom-Wash, L50|\n|poke|p1|Lucario, L50, M|\n|poke|p1|Dragapult, L50, M|\n|poke|p1|Garchomp, L50, M|\n|poke|p1|Kingambit, L50, M|\n|poke|p2|Garchomp, L50, M|\n|poke|p2|Banette, L50, M|\n|poke|p2|Meowscarada, L50, M|\n|poke|p2|Floette-Eternal, L50, F|\n|poke|p2|Aegislash, L50, M|\n|poke|p2|Archaludon, L50, M|\n|teampreview|3\n|inactive|Battle timer is ON: inactive players will automatically lose when time's up. (requested by Hinya)\n|\n|t:|1776145101\n|teamsize|p1|3\n|teamsize|p2|3\n|start\n|switch|p1a: Dragapult|Dragapult, L50, M|100/100\n|switch|p2a: \ud55c\uce74\ub9ac\uc544\uc2a4|Garchomp, L50, M|100/100\n|turn|1\n|inactive|JigglePhysics69 has 30 seconds left.\n|\n|t:|1776145128\n|move|p1a: Dragapult|Dragon Darts|p2a: \ud55c\uce74\ub9ac\uc544\uc2a4\n|-supereffective|p2a: \ud55c\uce74\ub9ac\uc544\uc2a4|1\n|-damage|p2a: \ud55c\uce74\ub9ac\uc544\uc2a4|39/100\n|-anim|p1a: Dragapult|Dragon Darts|p2a: \ud55c\uce74\ub9ac\uc544\uc2a4\n|-supereffective|p2a: \ud55c\uce74\ub9ac\uc544\uc2a4|1\n|-damage|p2a: \ud55c\uce74\ub9ac\uc544\uc2a4|0 fnt\n|faint|p2a: \ud55c\uce74\ub9ac\uc544\uc2a4\n|\n|upkeep\n|\n|t:|1776145133\n|switch|p2a: \ub9c8\uc2a4\uce74\ub098|Meowscarada, L50, M|100/100\n|turn|2\n|\n|t:|1776145155\n|move|p2a: \ub9c8\uc2a4\uce74\ub098|Knock Off|p1a: Dragapult\n|-start|p2a: \ub9c8\uc2a4\uce74\ub098|typechange|Dark|[from] ability: Protean\n|-supereffective|p1a: Dragapult|1\n|-damage|p1a: Dragapult|0 fnt\n|-enditem|p1a: Dragapult|Dragon Fang|[from] move: Knock Off|[of] p2a: \ub9c8\uc2a4\uce74\ub098\n|faint|p1a: Dragapult\n|\n|upkeep\n|\n|t:|1776145160\n|switch|p1a: Lucario|Lucario, L50, M|100/100\n|turn|3\n|\n|t:|1776145167\n|switch|p2a: \ub2e4\ud06c\ud3ab|Banette, L50, M|100/100\n|detailschange|p1a: Lucario|Lucario-Mega, L50, M\n|-mega|p1a: Lucario|Lucario|Lucarionite\n|move|p1a: Lucario|Nasty Plot|p1a: Lucario\n|-boost|p1a: Lucario|spa|2\n|\n|upkeep\n|turn|4\n|\n|t:|1776145172\n|detailschange|p2a: \ub2e4\ud06c\ud3ab|Banette-Mega, L50, M\n|-mega|p2a: \ub2e4\ud06c\ud3ab|Banette|Banettite\n|move|p2a: \ub2e4\ud06c\ud3ab|Destiny Bond|p2a: \ub2e4\ud06c\ud3ab\n|-singlemove|p2a: \ub2e4\ud06c\ud3ab|Destiny Bond\n|move|p1a: Lucario|Flash Cannon|p2a: \ub2e4\ud06c\ud3ab\n|-damage|p2a: \ub2e4\ud06c\ud3ab|0 fnt\n|faint|p2a: \ub2e4\ud06c\ud3ab\n|-activate|p2a: \ub2e4\ud06c\ud3ab|move: Destiny Bond\n|faint|p1a: Lucario\n|\n|upkeep\n|\n|t:|1776145178\n|switch|p1a: Kingambit|Kingambit, L50, M|100/100\n|switch|p2a: \ub9c8\uc2a4\uce74\ub098|Meowscarada, L50, M|100/100\n|-activate|p1a: Kingambit|ability: Supreme Overlord\n|-start|p1a: Kingambit|fallen2|[silent]\n|turn|5\n|\n|t:|1776145196\n|move|p2a: \ub9c8\uc2a4\uce74\ub098|Low Kick|p1a: Kingambit\n|-start|p2a: \ub9c8\uc2a4\uce74\ub098|typechange|Fighting|[from] ability: Protean\n|-supereffective|p1a: Kingambit|2\n|-damage|p1a: Kingambit|0 fnt\n|faint|p1a: Kingambit\n|-end|p1a: Kingambit|fallen2|[silent]\n|\n|win|Hinya\n|raw|JigglePhysics69's rating: 1033 &rarr; <strong>1020</strong><br />(-13 for losing)\n|raw|Hinya's rating: 1071 &rarr; <strong>1097</strong><br />(+26 for winning)\n|l|\u2606JigglePhysics69\n|player|p1|\n",
  "uploadtime": 1776145206,
  "views": 4,
  "formatid": "gen9championsbssregma",
  "rating": 1020,
  "private": 0,
  "password": null
}