{
  "id": "gen9championsbssregma-2583313149",
  "format": "[Gen 9 Champions] BSS Reg M-A",
  "players": [
    "kyotoyoko",
    "chanmin"
  ],
  "log": "|j|\u2606kyotoyoko\n|j|\u2606chanmin\n|t:|1776165927\n|gametype|singles\n|player|p1|kyotoyoko|caitlin|1295\n|player|p2|chanmin|170|1332\n|gen|9\n|tier|[Gen 9 Champions] BSS Reg M-A\n|rated|\n|rule|Species Clause: Limit one of each Pok\u00e9mon\n|rule|Item Clause: Limit 1 of each item\n|clearpoke\n|poke|p1|Hippowdon, L50, F|\n|poke|p1|Charizard, L50, F|\n|poke|p1|Corviknight, L50, F|\n|poke|p1|Primarina, L50, F|\n|poke|p1|Gengar, L50, F|\n|poke|p1|Mimikyu, L50, F|\n|poke|p2|Tinkaton, L50, F|\n|poke|p2|Starmie, L50|\n|poke|p2|Corviknight, L50, M|\n|poke|p2|Volcarona, L50, M|\n|poke|p2|Rotom-Wash, L50|\n|poke|p2|Kangaskhan, L50, F|\n|teampreview|3\n|\n|t:|1776165967\n|teamsize|p1|3\n|teamsize|p2|3\n|start\n|switch|p1a: Gengar|Gengar, L50, F, shiny|100/100\n|switch|p2a: Tinkaton|Tinkaton, L50, F|100/100\n|-ability|p2a: Tinkaton|Mold Breaker\n|turn|1\n|inactive|Battle timer is ON: inactive players will automatically lose when time's up. (requested by kyotoyoko)\n|\n|t:|1776165979\n|detailschange|p1a: Gengar|Gengar-Mega, L50, F, shiny\n|-mega|p1a: Gengar|Gengar|Gengarite\n|move|p1a: Gengar|Shadow Ball|p2a: Tinkaton\n|-crit|p2a: Tinkaton\n|-damage|p2a: Tinkaton|18/100\n|move|p2a: Tinkaton|Thunder Wave|p1a: Gengar\n|-status|p1a: Gengar|par\n|\n|upkeep\n|turn|2\n|\n|t:|1776166000\n|move|p2a: Tinkaton|Gigaton Hammer|p1a: Gengar\n|-damage|p1a: Gengar|9/100 par\n|move|p1a: Gengar|Shadow Ball|p2a: Tinkaton\n|-damage|p2a: Tinkaton|0 fnt\n|faint|p2a: Tinkaton\n|\n|upkeep\n|\n|t:|1776166008\n|switch|p2a: Kangaskhan|Kangaskhan, L50, F|100/100\n|turn|3\n|j| p74\n|\n|t:|1776166015\n|detailschange|p2a: Kangaskhan|Kangaskhan-Mega, L50, F\n|-mega|p2a: Kangaskhan|Kangaskhan|Kangaskhanite\n|move|p2a: Kangaskhan|Fire Punch|p1a: Gengar\n|-damage|p1a: Gengar|0 fnt\n|faint|p1a: Gengar\n|-hitcount|p1: Gengar|1\n|\n|upkeep\n|\n|t:|1776166020\n|switch|p1a: Hippowdon|Hippowdon, L50, F|100/100\n|-weather|Sandstorm|[from] ability: Sand Stream|[of] p1a: Hippowdon\n|turn|4\n|\n|t:|1776166035\n|switch|p2a: Volcarona|Volcarona, L50, M|100/100\n|move|p1a: Hippowdon|Yawn|p2a: Volcarona\n|-start|p2a: Volcarona|move: Yawn|[of] p1a: Hippowdon\n|\n|-weather|Sandstorm|[upkeep]\n|-damage|p2a: Volcarona|94/100|[from] Sandstorm\n|upkeep\n|turn|5\n|\n|t:|1776166043\n|move|p2a: Volcarona|Overheat|p1a: Hippowdon\n|-damage|p1a: Hippowdon|42/100\n|-unboost|p2a: Volcarona|spa|2\n|-enditem|p1a: Hippowdon|Sitrus Berry|[eat]\n|-heal|p1a: Hippowdon|67/100|[from] item: Sitrus Berry\n|move|p1a: Hippowdon|Stealth Rock|p2a: Volcarona\n|-sidestart|p2: chanmin|move: Stealth Rock\n|\n|-weather|Sandstorm|[upkeep]\n|-damage|p2a: Volcarona|88/100|[from] Sandstorm\n|-end|p2a: Volcarona|move: Yawn|[silent]\n|-status|p2a: Volcarona|slp\n|upkeep\n|turn|6\n|\n|t:|1776166059\n|cant|p2a: Volcarona|slp\n|move|p1a: Hippowdon|Earthquake|p2a: Volcarona\n|-damage|p2a: Volcarona|24/100 slp\n|\n|-weather|Sandstorm|[upkeep]\n|-damage|p2a: Volcarona|18/100 slp|[from] Sandstorm\n|upkeep\n|turn|7\n|\n|t:|1776166078\n|-curestatus|p2a: Volcarona|slp|[msg]\n|move|p2a: Volcarona|Overheat|p1a: Hippowdon\n|-damage|p1a: Hippowdon|38/100\n|-unboost|p2a: Volcarona|spa|2\n|move|p1a: Hippowdon|Slack Off|p1a: Hippowdon\n|-heal|p1a: Hippowdon|88/100\n|\n|-weather|Sandstorm|[upkeep]\n|-damage|p2a: Volcarona|12/100|[from] Sandstorm\n|upkeep\n|turn|8\n|\n|t:|1776166093\n|move|p2a: Volcarona|Overheat|p1a: Hippowdon\n|-damage|p1a: Hippowdon|66/100\n|-unboost|p2a: Volcarona|spa|2\n|move|p1a: Hippowdon|Slack Off|p1a: Hippowdon\n|-heal|p1a: Hippowdon|100/100\n|\n|-weather|none\n|upkeep\n|turn|9\n|\n|t:|1776166101\n|move|p2a: Volcarona|Overheat|p1a: Hippowdon\n|-damage|p1a: Hippowdon|85/100\n|move|p1a: Hippowdon|Earthquake|p2a: Volcarona\n|-damage|p2a: Volcarona|0 fnt\n|faint|p2a: Volcarona\n|\n|upkeep\n|\n|t:|1776166109\n|switch|p2a: Kangaskhan|Kangaskhan-Mega, L50, F|100/100\n|-damage|p2a: Kangaskhan|88/100|[from] Stealth Rock\n|turn|10\n|\n|t:|1776166113\n|move|p2a: Kangaskhan|Fake Out|p1a: Hippowdon\n|-damage|p1a: Hippowdon|70/100\n|-damage|p1a: Hippowdon|68/100\n|-hitcount|p1a: Hippowdon|2\n|cant|p1a: Hippowdon|flinch\n|\n|upkeep\n|turn|11\n|\n|t:|1776166120\n|move|p2a: Kangaskhan|Double-Edge|p1a: Hippowdon\n|-damage|p1a: Hippowdon|26/100\n|-damage|p1a: Hippowdon|17/100\n|-hitcount|p1a: Hippowdon|2\n|-damage|p2a: Kangaskhan|72/100|[from] Recoil\n|move|p1a: Hippowdon|Yawn|p2a: Kangaskhan\n|-start|p2a: Kangaskhan|move: Yawn|[of] p1a: Hippowdon\n|\n|upkeep\n|turn|12\n|\n|t:|1776166134\n|switch|p1a: Mimikyu|Mimikyu, L50, F, shiny|100/100\n|move|p2a: Kangaskhan|Fire Punch|p1a: Mimikyu\n|-activate|p1a: Mimikyu|ability: Disguise\n|-damage|p1a: Mimikyu|100/100\n|detailschange|p1a: Mimikyu|Mimikyu-Busted, L50, F, shiny\n|-damage|p1a: Mimikyu|88/100|[from] pokemon: Mimikyu-Busted\n|-damage|p1a: Mimikyu|77/100\n|-hitcount|p1a: Mimikyu|2\n|\n|-end|p2a: Kangaskhan|move: Yawn|[silent]\n|-status|p2a: Kangaskhan|slp\n|upkeep\n|turn|13\n|\n|t:|1776166147\n|move|p1a: Mimikyu|Curse|p2a: Kangaskhan\n|-start|p2a: Kangaskhan|Curse|[of] p1a: Mimikyu\n|-damage|p1a: Mimikyu|27/100\n|cant|p2a: Kangaskhan|slp\n|\n|-damage|p2a: Kangaskhan|47/100 slp|[from] Curse\n|upkeep\n|turn|14\n|\n|t:|1776166158\n|switch|p1a: Hippowdon|Hippowdon, L50, F|17/100\n|-weather|Sandstorm|[from] ability: Sand Stream|[of] p1a: Hippowdon\n|cant|p2a: Kangaskhan|slp\n|\n|-weather|Sandstorm|[upkeep]\n|-damage|p2a: Kangaskhan|41/100 slp|[from] Sandstorm\n|-damage|p2a: Kangaskhan|16/100 slp|[from] Curse\n|upkeep\n|turn|15\n|\n|t:|1776166174\n|-curestatus|p2a: Kangaskhan|slp|[msg]\n|move|p2a: Kangaskhan|Fire Punch|p1a: Hippowdon\n|-damage|p1a: Hippowdon|0 fnt\n|faint|p1a: Hippowdon\n|-hitcount|p1: Hippowdon|1\n|\n|-weather|Sandstorm|[upkeep]\n|-damage|p2a: Kangaskhan|11/100|[from] Sandstorm\n|-damage|p2a: Kangaskhan|0 fnt|[from] Curse\n|faint|p2a: Kangaskhan\n|\n|win|kyotoyoko\n|raw|kyotoyoko's rating: 1295 &rarr; <strong>1323</strong><br />(+28 for winning)\n|raw|chanmin's rating: 1332 &rarr; <strong>1310</strong><br />(-22 for losing)\n|l|\u2606chanmin\n|player|p2|\n|l|\u2606kyotoyoko\n|player|p1|\n",
  "uploadtime": 1776166202,
  "views": 6,
  "formatid": "gen9championsbssregma",
  "rating": 1310,
  "private": 0,
  "password": null
}