{
  "id": "gen9championsbssregma-2588038763",
  "format": "[Gen 9 Champions] BSS Reg M-A",
  "players": [
    "kevinaigrette",
    "adfsdfsdfsdaf"
  ],
  "log": "|j|\u2606kevinaigrette\n|j|\u2606adfsdfsdfsdaf\n|t:|1776596545\n|gametype|singles\n|player|p1|kevinaigrette|roxie|1133\n|player|p2|adfsdfsdfsdaf|2|1089\n|gen|9\n|tier|[Gen 9 Champions] BSS Reg M-A\n|rated|\n|rule|Species Clause: Limit one of each Pok\u00e9mon\n|rule|Item Clause: Limit 1 of each item\n|clearpoke\n|poke|p1|Dragonite, L50, F|\n|poke|p1|Heracross, L50, M|\n|poke|p1|Kingambit, L50, M|\n|poke|p1|Dragapult, L50, F|\n|poke|p1|Hatterene, L50, F|\n|poke|p1|Crabominable, L50, M|\n|poke|p2|Feraligatr, L50, M|\n|poke|p2|Aegislash, L50, M|\n|poke|p2|Garchomp, L50, M|\n|poke|p2|Rotom-Heat, L50|\n|poke|p2|Venusaur, L50, F|\n|poke|p2|Clefable, L50, F|\n|teampreview|3\n|inactive|Battle timer is ON: inactive players will automatically lose when time's up. (requested by kevinaigrette)\n|\n|t:|1776596573\n|teamsize|p1|3\n|teamsize|p2|3\n|start\n|switch|p1a: Dragapult|Dragapult, L50, F|100/100\n|switch|p2a: Aegislash|Aegislash, L50, M|100/100\n|turn|1\n|\n|t:|1776596595\n|move|p1a: Dragapult|U-turn|p2a: Aegislash\n|-resisted|p2a: Aegislash|2\n|-damage|p2a: Aegislash|96/100\n|\n|t:|1776596597\n|switch|p1a: Kingambit|Kingambit, L50, M|100/100|[from] U-turn\n|-formechange|p2a: Aegislash|Aegislash-Blade|\n|move|p2a: Aegislash|Shadow Ball|p1a: Kingambit\n|-resisted|p1a: Kingambit|1\n|-crit|p1a: Kingambit\n|-damage|p1a: Kingambit|68/100\n|\n|-heal|p2a: Aegislash|100/100|[from] item: Leftovers\n|-heal|p1a: Kingambit|73/100|[from] item: Leftovers\n|upkeep\n|turn|2\n|\n|t:|1776596607\n|-end|p1a: Kingambit|fallenundefined|[silent]\n|switch|p1a: Dragapult|Dragapult, L50, F|100/100\n|move|p2a: Aegislash|Close Combat|p1a: Dragapult\n|-immune|p1a: Dragapult\n|\n|upkeep\n|turn|3\n|\n|t:|1776596613\n|-formechange|p2a: Aegislash|Aegislash|\n|move|p2a: Aegislash|King's Shield|p2a: Aegislash\n|-singleturn|p2a: Aegislash|Protect\n|move|p1a: Dragapult|Phantom Force||[still]\n|-prepare|p1a: Dragapult|Phantom Force\n|\n|upkeep\n|turn|4\n|\n|t:|1776596622\n|move|p1a: Dragapult|Phantom Force|p2a: Aegislash|[from] lockedmove\n|-supereffective|p2a: Aegislash|1\n|-damage|p2a: Aegislash|24/100\n|-formechange|p2a: Aegislash|Aegislash-Blade|\n|move|p2a: Aegislash|Shadow Ball|p1a: Dragapult\n|-supereffective|p1a: Dragapult|1\n|-damage|p1a: Dragapult|0 fnt\n|faint|p1a: Dragapult\n|\n|-heal|p2a: Aegislash|30/100|[from] item: Leftovers\n|upkeep\n|\n|t:|1776596627\n|switch|p1a: Kingambit|Kingambit, L50, M|73/100\n|-activate|p1a: Kingambit|ability: Supreme Overlord\n|-start|p1a: Kingambit|fallen1|[silent]\n|turn|5\n|\n|t:|1776596633\n|move|p1a: Kingambit|Sucker Punch|p2a: Aegislash\n|-supereffective|p2a: Aegislash|1\n|-damage|p2a: Aegislash|0 fnt\n|faint|p2a: Aegislash\n|\n|-heal|p1a: Kingambit|79/100|[from] item: Leftovers\n|upkeep\n|\n|t:|1776596636\n|switch|p2a: Garchomp|Garchomp, L50, M|100/100\n|turn|6\n|\n|t:|1776596639\n|-end|p1a: Kingambit|fallen1|[silent]\n|switch|p1a: Hatterene|Hatterene, L50, F|100/100\n|move|p2a: Garchomp|Earthquake|p1a: Hatterene\n|-damage|p1a: Hatterene|46/100\n|\n|upkeep\n|turn|7\n|\n|t:|1776596646\n|move|p2a: Garchomp|Earthquake|p1a: Hatterene\n|-damage|p1a: Hatterene|0 fnt\n|faint|p1a: Hatterene\n|\n|upkeep\n|\n|t:|1776596648\n|switch|p1a: Kingambit|Kingambit, L50, M|79/100\n|-activate|p1a: Kingambit|ability: Supreme Overlord\n|-start|p1a: Kingambit|fallen2|[silent]\n|turn|8\n|\n|t:|1776596652\n|move|p2a: Garchomp|Earthquake|p1a: Kingambit\n|-supereffective|p1a: Kingambit|1\n|-damage|p1a: Kingambit|4/100\n|move|p1a: Kingambit|Swords Dance|p1a: Kingambit\n|-boost|p1a: Kingambit|atk|2\n|\n|-heal|p1a: Kingambit|10/100|[from] item: Leftovers\n|upkeep\n|turn|9\n|\n|t:|1776596656\n|move|p1a: Kingambit|Sucker Punch|p2a: Garchomp\n|-damage|p2a: Garchomp|5/100\n|-damage|p1a: Kingambit|0 fnt|[from] ability: Rough Skin|[of] p2a: Garchomp\n|faint|p1a: Kingambit\n|-end|p1a: Kingambit|fallen2|[silent]\n|\n|win|adfsdfsdfsdaf\n|raw|kevinaigrette's rating: 1133 &rarr; <strong>1105</strong><br />(-28 for losing)\n|raw|adfsdfsdfsdaf's rating: 1089 &rarr; <strong>1119</strong><br />(+30 for winning)\n",
  "uploadtime": 1776596659,
  "views": 7,
  "formatid": "gen9championsbssregma",
  "rating": 1105,
  "private": 0,
  "password": null
}