{
  "id": "gen9championsbssregma-2584974288",
  "format": "[Gen 9 Champions] BSS Reg M-A",
  "players": [
    "MeicoN",
    "TheJSquidYT"
  ],
  "log": "|j|\u2606MeicoN\n|j|\u2606TheJSquidYT\n|t:|1776299665\n|gametype|singles\n|player|p1|MeicoN|102|1196\n|player|p2|TheJSquidYT|miku-ghost|1176\n|gen|9\n|tier|[Gen 9 Champions] BSS Reg M-A\n|rated|\n|rule|Species Clause: Limit one of each Pok\u00e9mon\n|rule|Item Clause: Limit 1 of each item\n|clearpoke\n|poke|p1|Gengar, L50, F|\n|poke|p1|Charizard, L50, F|\n|poke|p1|Hippowdon, L50, F|\n|poke|p1|Primarina, L50, F|\n|poke|p1|Hydreigon, L50, F|\n|poke|p1|Kingambit, L50, M|\n|poke|p2|Pelipper, L50, M|\n|poke|p2|Basculegion, L50, M|\n|poke|p2|Incineroar, L50, M|\n|poke|p2|Aggron, L50, M|\n|poke|p2|Charizard, L50, M|\n|poke|p2|Venusaur, L50, M|\n|teampreview|3\n|inactive|Battle timer is ON: inactive players will automatically lose when time's up. (requested by TheJSquidYT)\n|\n|t:|1776299685\n|teamsize|p1|3\n|teamsize|p2|3\n|start\n|switch|p1a: Hydreigon|Hydreigon, L50, F|100/100\n|switch|p2a: PEPE|Pelipper, L50, M, shiny|100/100\n|-weather|RainDance|[from] ability: Drizzle|[of] p2a: PEPE\n|turn|1\n|\n|t:|1776299709\n|move|p1a: Hydreigon|Dark Pulse|p2a: PEPE\n|-damage|p2a: PEPE|57/100\n|move|p2a: PEPE|Tailwind|p2a: PEPE\n|-sidestart|p2: TheJSquidYT|move: Tailwind\n|\n|-weather|RainDance|[upkeep]\n|upkeep\n|turn|2\n|inactive|TheJSquidYT has 30 seconds left.\n|inactive|TheJSquidYT has 20 seconds left.\n|inactive|TheJSquidYT has 15 seconds left.\n|\n|t:|1776299751\n|switch|p1a: Hippowdon|Hippowdon, L50, F|100/100\n|-weather|Sandstorm|[from] ability: Sand Stream|[of] p1a: Hippowdon\n|move|p2a: PEPE|Hurricane|p1a: Hippowdon\n|-damage|p1a: Hippowdon|60/100\n|\n|-weather|Sandstorm|[upkeep]\n|-damage|p2a: PEPE|51/100|[from] Sandstorm\n|upkeep\n|turn|3\n|\n|t:|1776299767\n|move|p2a: PEPE|Hydro Pump|p1a: Hippowdon\n|-supereffective|p1a: Hippowdon|1\n|-damage|p1a: Hippowdon|0 fnt\n|faint|p1a: Hippowdon\n|\n|-weather|Sandstorm|[upkeep]\n|-damage|p2a: PEPE|45/100|[from] Sandstorm\n|upkeep\n|\n|t:|1776299781\n|switch|p1a: Hydreigon|Hydreigon, L50, F|100/100\n|turn|4\n|\n|t:|1776299791\n|switch|p2a: IC|Incineroar, L50, M, shiny|100/100\n|-ability|p2a: IC|Intimidate|boost\n|-unboost|p1a: Hydreigon|atk|1\n|move|p1a: Hydreigon|Dark Pulse|p2a: IC\n|-resisted|p2a: IC|1\n|-damage|p2a: IC|74/100\n|\n|-weather|Sandstorm|[upkeep]\n|-damage|p1a: Hydreigon|95/100|[from] Sandstorm\n|-damage|p2a: IC|68/100|[from] Sandstorm\n|-sideend|p2: TheJSquidYT|move: Tailwind\n|upkeep\n|turn|5\n|j| p74\n|\n|t:|1776299807\n|move|p2a: IC|Fake Out|p1a: Hydreigon\n|-damage|p1a: Hydreigon|77/100\n|cant|p1a: Hydreigon|flinch\n|\n|-weather|Sandstorm|[upkeep]\n|-damage|p1a: Hydreigon|72/100|[from] Sandstorm\n|-damage|p2a: IC|62/100|[from] Sandstorm\n|upkeep\n|turn|6\n|\n|t:|1776299822\n|move|p1a: Hydreigon|Dark Pulse|p2a: IC\n|-resisted|p2a: IC|1\n|-damage|p2a: IC|37/100\n|cant|p2a: IC|flinch\n|\n|-weather|none\n|upkeep\n|turn|7\n|\n|t:|1776299830\n|move|p1a: Hydreigon|Dark Pulse|p2a: IC\n|-resisted|p2a: IC|1\n|-damage|p2a: IC|13/100\n|move|p2a: IC|Drain Punch|p1a: Hydreigon\n|-supereffective|p1a: Hydreigon|1\n|-damage|p1a: Hydreigon|15/100\n|-heal|p2a: IC|42/100|[from] drain|[of] p1a: Hydreigon\n|\n|upkeep\n|turn|8\n|\n|t:|1776299839\n|move|p1a: Hydreigon|Dark Pulse|p2a: IC\n|-resisted|p2a: IC|1\n|-damage|p2a: IC|15/100\n|move|p2a: IC|Drain Punch|p1a: Hydreigon\n|-supereffective|p1a: Hydreigon|1\n|-damage|p1a: Hydreigon|0 fnt\n|-heal|p2a: IC|22/100|[from] drain|[of] p1a: Hydreigon\n|faint|p1a: Hydreigon\n|\n|upkeep\n|\n|t:|1776299849\n|switch|p1a: Kingambit|Kingambit, L50, M|100/100\n|-activate|p1a: Kingambit|ability: Supreme Overlord\n|-start|p1a: Kingambit|fallen2|[silent]\n|turn|9\n|\n|t:|1776299854\n|move|p2a: IC|Drain Punch|p1a: Kingambit\n|-supereffective|p1a: Kingambit|2\n|-damage|p1a: Kingambit|21/100\n|-heal|p2a: IC|70/100|[from] drain|[of] p1a: Kingambit\n|move|p1a: Kingambit|Swords Dance|p1a: Kingambit\n|-boost|p1a: Kingambit|atk|2\n|\n|upkeep\n|turn|10\n|\n|t:|1776299862\n|move|p1a: Kingambit|Sucker Punch|p2a: IC\n|-resisted|p2a: IC|1\n|-damage|p2a: IC|0 fnt\n|faint|p2a: IC\n|\n|upkeep\n|\n|t:|1776299866\n|switch|p2a: PEPE|Pelipper, L50, M, shiny|45/100\n|-weather|RainDance|[from] ability: Drizzle|[of] p2a: PEPE\n|turn|11\n|\n|t:|1776299874\n|move|p1a: Kingambit|Sucker Punch|p2a: PEPE\n|-damage|p2a: PEPE|0 fnt\n|faint|p2a: PEPE\n|\n|-weather|RainDance|[upkeep]\n|upkeep\n|\n|t:|1776299875\n|switch|p2a: BA|Basculegion, L50, M, shiny|100/100\n|turn|12\n|\n|t:|1776299882\n|move|p2a: BA|Aqua Jet|p1a: Kingambit\n|-damage|p1a: Kingambit|0 fnt\n|faint|p1a: Kingambit\n|-end|p1a: Kingambit|fallen2|[silent]\n|\n|win|TheJSquidYT\n|raw|MeicoN's rating: 1196 &rarr; <strong>1170</strong><br />(-26 for losing)\n|raw|TheJSquidYT's rating: 1176 &rarr; <strong>1202</strong><br />(+26 for winning)\n|c|\u2606TheJSquidYT|Gg\n|l|\u2606TheJSquidYT\n|player|p2|\n",
  "uploadtime": 1776299898,
  "views": 7,
  "formatid": "gen9championsbssregma",
  "rating": 1170,
  "private": 0,
  "password": null
}