{
  "id": "gen9championsbssregma-2584980350",
  "format": "[Gen 9 Champions] BSS Reg M-A",
  "players": [
    "Porygon 32",
    "jaseam"
  ],
  "log": "|j|\u2606Porygon 32\n|j|\u2606jaseam\n|t:|1776300235\n|gametype|singles\n|player|p1|Porygon 32|gambler|1208\n|player|p2|jaseam|169|1267\n|gen|9\n|tier|[Gen 9 Champions] BSS Reg M-A\n|rated|\n|rule|Species Clause: Limit one of each Pok\u00e9mon\n|rule|Item Clause: Limit 1 of each item\n|clearpoke\n|poke|p1|Venusaur, L50, F|\n|poke|p1|Aegislash, L50, F|\n|poke|p1|Tauros-Paldea-Blaze, L50, M|\n|poke|p1|Primarina, L50, M|\n|poke|p1|Tyranitar, L50, M|\n|poke|p1|Excadrill, L50, M|\n|poke|p2|Meowscarada, L50, F|\n|poke|p2|Starmie, L50|\n|poke|p2|Charizard, L50, M|\n|poke|p2|Garchomp, L50, M|\n|poke|p2|Primarina, L50, F|\n|poke|p2|Aegislash, L50, M|\n|teampreview|3\n|inactive|Battle timer is ON: inactive players will automatically lose when time's up. (requested by jaseam)\n|j| p74\n|\n|t:|1776300292\n|teamsize|p1|3\n|teamsize|p2|3\n|start\n|switch|p1a: Tauros|Tauros-Paldea-Blaze, L50, M|100/100\n|switch|p2a: Garchomp|Garchomp, L50, M|100/100\n|-ability|p1a: Tauros|Intimidate|boost\n|-unboost|p2a: Garchomp|atk|1\n|turn|1\n|\n|t:|1776300300\n|move|p2a: Garchomp|Stealth Rock|p1a: Tauros\n|-sidestart|p1: Porygon 32|move: Stealth Rock\n|move|p1a: Tauros|Will-O-Wisp|p2a: Garchomp\n|-status|p2a: Garchomp|brn\n|\n|-damage|p2a: Garchomp|95/100 brn|[from] brn\n|upkeep\n|turn|2\n|\n|t:|1776300305\n|move|p2a: Garchomp|Earthquake|p1a: Tauros\n|-supereffective|p1a: Tauros|1\n|-damage|p1a: Tauros|76/100\n|move|p1a: Tauros|Earthquake|p2a: Garchomp\n|-damage|p2a: Garchomp|71/100 brn\n|\n|-damage|p2a: Garchomp|65/100 brn|[from] brn\n|upkeep\n|turn|3\n|\n|t:|1776300316\n|move|p2a: Garchomp|Earthquake|p1a: Tauros\n|-supereffective|p1a: Tauros|1\n|-damage|p1a: Tauros|52/100\n|move|p1a: Tauros|Earthquake|p2a: Garchomp\n|-damage|p2a: Garchomp|42/100 brn\n|\n|-damage|p2a: Garchomp|36/100 brn|[from] brn\n|upkeep\n|turn|4\n|\n|t:|1776300319\n|switch|p1a: Venusaur|Venusaur, L50, F|100/100\n|-damage|p1a: Venusaur|88/100|[from] Stealth Rock\n|move|p2a: Garchomp|Earthquake|p1a: Venusaur\n|-damage|p1a: Venusaur|71/100\n|\n|-damage|p2a: Garchomp|30/100 brn|[from] brn\n|upkeep\n|turn|5\n|\n|t:|1776300331\n|switch|p2a: Meowscarada|Meowscarada, L50, F|100/100\n|detailschange|p1a: Venusaur|Venusaur-Mega, L50, F\n|-mega|p1a: Venusaur|Venusaur|Venusaurite\n|move|p1a: Venusaur|Giga Drain|p2a: Meowscarada\n|-resisted|p2a: Meowscarada|1\n|-damage|p2a: Meowscarada|69/100\n|-heal|p1a: Venusaur|83/100|[from] drain|[of] p2a: Meowscarada\n|\n|upkeep\n|turn|6\n|\n|t:|1776300337\n|move|p2a: Meowscarada|U-turn|p1a: Venusaur\n|-start|p2a: Meowscarada|typechange|Bug|[from] ability: Protean\n|-damage|p1a: Venusaur|59/100\n|\n|t:|1776300341\n|switch|p2a: Starmie|Starmie, L50|100/100|[from] U-turn\n|move|p1a: Venusaur|Sludge Bomb|p2a: Starmie\n|-damage|p2a: Starmie|23/100\n|\n|upkeep\n|turn|7\n|\n|t:|1776300347\n|switch|p1a: Tauros|Tauros-Paldea-Blaze, L50, M|52/100\n|-damage|p1a: Tauros|40/100|[from] Stealth Rock\n|-ability|p1a: Tauros|Intimidate|boost\n|-unboost|p2a: Starmie|atk|1\n|detailschange|p2a: Starmie|Starmie-Mega, L50\n|-mega|p2a: Starmie|Starmie|Starminite\n|move|p2a: Starmie|Zen Headbutt|p1a: Tauros\n|-supereffective|p1a: Tauros|1\n|-damage|p1a: Tauros|0 fnt\n|faint|p1a: Tauros\n|\n|upkeep\n|\n|t:|1776300357\n|switch|p1a: Aegislash|Aegislash, L50, F|100/100\n|-damage|p1a: Aegislash|94/100|[from] Stealth Rock\n|turn|8\n|\n|t:|1776300366\n|switch|p2a: Garchomp|Garchomp, L50, M|30/100 brn\n|-formechange|p1a: Aegislash|Aegislash-Blade|\n|move|p1a: Aegislash|Poltergeist|p2a: Garchomp\n|-activate|p2a: Garchomp|move: Poltergeist|Focus Sash\n|-damage|p2a: Garchomp|0 fnt\n|faint|p2a: Garchomp\n|\n|upkeep\n|\n|t:|1776300369\n|switch|p2a: Meowscarada|Meowscarada, L50, F|69/100\n|turn|9\n|\n|t:|1776300371\n|-formechange|p1a: Aegislash|Aegislash|\n|move|p1a: Aegislash|King's Shield|p1a: Aegislash\n|-singleturn|p1a: Aegislash|Protect\n|move|p2a: Meowscarada|Knock Off|p1a: Aegislash\n|-start|p2a: Meowscarada|typechange|Dark|[from] ability: Protean\n|-activate|p1a: Aegislash|move: Protect\n|-unboost|p2a: Meowscarada|atk|1\n|\n|upkeep\n|turn|10\n|\n|t:|1776300381\n|move|p2a: Meowscarada|Knock Off|p1a: Aegislash\n|-supereffective|p1a: Aegislash|1\n|-enditem|p1a: Aegislash|Colbur Berry|[eat]\n|-enditem|p1a: Aegislash|Colbur Berry|[weaken]\n|-damage|p1a: Aegislash|70/100\n|-formechange|p1a: Aegislash|Aegislash-Blade|\n|move|p1a: Aegislash|Poltergeist|p2a: Meowscarada\n|-activate|p2a: Meowscarada|move: Poltergeist|Choice Scarf\n|-resisted|p2a: Meowscarada|1\n|-damage|p2a: Meowscarada|16/100\n|\n|upkeep\n|turn|11\n|\n|t:|1776300402\n|move|p1a: Aegislash|Shadow Sneak|p2a: Meowscarada\n|-resisted|p2a: Meowscarada|1\n|-damage|p2a: Meowscarada|0 fnt\n|faint|p2a: Meowscarada\n|\n|upkeep\n|\n|t:|1776300404\n|switch|p2a: Starmie|Starmie-Mega, L50|23/100\n|turn|12\n|\n|t:|1776300408\n|move|p2a: Starmie|Aqua Jet|p1a: Aegislash\n|-damage|p1a: Aegislash|0 fnt\n|faint|p1a: Aegislash\n|\n|upkeep\n|\n|t:|1776300410\n|switch|p1a: Venusaur|Venusaur-Mega, L50, F|59/100\n|-damage|p1a: Venusaur|46/100|[from] Stealth Rock\n|turn|13\n|\n|t:|1776300412\n|move|p2a: Starmie|Zen Headbutt|p1a: Venusaur\n|-supereffective|p1a: Venusaur|1\n|-damage|p1a: Venusaur|0 fnt\n|faint|p1a: Venusaur\n|\n|win|jaseam\n|raw|Porygon 32's rating: 1208 &rarr; <strong>1187</strong><br />(-21 for losing)\n|raw|jaseam's rating: 1267 &rarr; <strong>1288</strong><br />(+21 for winning)\n|l|\u2606Porygon 32\n|player|p1|\n|l|\u2606jaseam\n|player|p2|\n",
  "uploadtime": 1776300953,
  "views": 8,
  "formatid": "gen9championsbssregma",
  "rating": 1187,
  "private": 0,
  "password": null
}