{
  "id": "gen9championsbssregma-2582127003",
  "format": "[Gen 9 Champions] BSS Reg M-A",
  "players": [
    "MarcyWitch",
    "Ineedaonetype"
  ],
  "log": "|j|\u2606MarcyWitch\n|j|\u2606Ineedaonetype\n|t:|1776061438\n|gametype|singles\n|player|p1|MarcyWitch|shauntal|1175\n|player|p2|Ineedaonetype|1|1173\n|gen|9\n|tier|[Gen 9 Champions] BSS Reg M-A\n|rated|\n|rule|Species Clause: Limit one of each Pok\u00e9mon\n|rule|Item Clause: Limit 1 of each item\n|clearpoke\n|poke|p1|Dragapult, L50, M|\n|poke|p1|Scizor, L50, F|\n|poke|p1|Delphox, L50, F|\n|poke|p1|Umbreon, L50, M|\n|poke|p1|Floette-Eternal, L50, F|\n|poke|p1|Hydreigon, L50, F|\n|poke|p2|Espathra, L50, M|\n|poke|p2|Corviknight, L50, M|\n|poke|p2|Primarina, L50, F|\n|poke|p2|Charizard, L50, M|\n|poke|p2|Archaludon, L50, F|\n|poke|p2|Sinistcha, L50|\n|teampreview|3\n|inactive|Battle timer is ON: inactive players will automatically lose when time's up. (requested by Ineedaonetype)\n|\n|t:|1776061463\n|teamsize|p1|3\n|teamsize|p2|3\n|start\n|switch|p1a: Dragapult|Dragapult, L50, M|100/100\n|switch|p2a: Espathra|Espathra, L50, M|100/100\n|turn|1\n|\n|t:|1776061477\n|move|p2a: Espathra|Protect|p2a: Espathra\n|-singleturn|p2a: Espathra|Protect\n|move|p1a: Dragapult|Shadow Ball|p2a: Espathra\n|-activate|p2a: Espathra|move: Protect\n|\n|-ability|p2a: Espathra|Speed Boost|boost\n|-boost|p2a: Espathra|spe|1\n|upkeep\n|turn|2\n|\n|t:|1776061482\n|move|p2a: Espathra|Calm Mind|p2a: Espathra\n|-boost|p2a: Espathra|spa|1\n|-boost|p2a: Espathra|spd|1\n|move|p1a: Dragapult|Shadow Ball|p2a: Espathra\n|-supereffective|p2a: Espathra|1\n|-crit|p2a: Espathra\n|-enditem|p2a: Espathra|Focus Sash\n|-damage|p2a: Espathra|1/100\n|\n|-ability|p2a: Espathra|Speed Boost|boost\n|-boost|p2a: Espathra|spe|1\n|upkeep\n|turn|3\n|\n|t:|1776061486\n|move|p2a: Espathra|Protect|p2a: Espathra\n|-singleturn|p2a: Espathra|Protect\n|move|p1a: Dragapult|Dragon Darts|p2a: Espathra\n|-activate|p2a: Espathra|move: Protect\n|\n|-ability|p2a: Espathra|Speed Boost|boost\n|-boost|p2a: Espathra|spe|1\n|upkeep\n|turn|4\n|\n|t:|1776061495\n|move|p2a: Espathra|Baton Pass|p2a: Espathra\n|\n|t:|1776061498\n|switch|p2a: Archaludon|Archaludon, L50, F|100/100|[from] Baton Pass\n|move|p1a: Dragapult|Shadow Ball|p2a: Archaludon\n|-damage|p2a: Archaludon|65/100\n|\n|upkeep\n|turn|5\n|\n|t:|1776061508\n|move|p2a: Archaludon|Draco Meteor|p1a: Dragapult\n|-supereffective|p1a: Dragapult|1\n|-enditem|p1a: Dragapult|Focus Sash\n|-damage|p1a: Dragapult|1/100\n|-unboost|p2a: Archaludon|spa|2\n|-enditem|p2a: Archaludon|White Herb\n|-clearnegativeboost|p2a: Archaludon|[silent]\n|move|p1a: Dragapult|Draco Meteor|p2a: Archaludon\n|-crit|p2a: Archaludon\n|-damage|p2a: Archaludon|0 fnt\n|-unboost|p1a: Dragapult|spa|2\n|faint|p2a: Archaludon\n|\n|upkeep\n|\n|t:|1776061520\n|switch|p2a: Espathra|Espathra, L50, M|1/100\n|turn|6\n|\n|t:|1776061523\n|move|p2a: Espathra|Protect|p2a: Espathra\n|-singleturn|p2a: Espathra|Protect\n|move|p1a: Dragapult|Shadow Ball|p2a: Espathra\n|-activate|p2a: Espathra|move: Protect\n|\n|-ability|p2a: Espathra|Speed Boost|boost\n|-boost|p2a: Espathra|spe|1\n|upkeep\n|turn|7\n|\n|t:|1776061526\n|move|p2a: Espathra|Lumina Crash|p1a: Dragapult\n|-damage|p1a: Dragapult|0 fnt\n|faint|p1a: Dragapult\n|\n|-ability|p2a: Espathra|Speed Boost|boost\n|-boost|p2a: Espathra|spe|1\n|upkeep\n|\n|t:|1776061537\n|switch|p1a: Floette|Floette-Eternal, L50, F|100/100\n|turn|8\n|\n|t:|1776061543\n|detailschange|p1a: Floette|Floette-Mega, L50, F\n|-mega|p1a: Floette|Floette|Floettite\n|-ability|p1a: Floette|Fairy Aura\n|move|p2a: Espathra|Baton Pass|p2a: Espathra\n|\n|t:|1776061545\n|switch|p2a: Charizard|Charizard, L50, M|100/100|[from] Baton Pass\n|move|p1a: Floette|Moonblast|p2a: Charizard\n|-resisted|p2a: Charizard|1\n|-damage|p2a: Charizard|53/100\n|\n|upkeep\n|turn|9\n|\n|t:|1776061552\n|detailschange|p2a: Charizard|Charizard-Mega-Y, L50, M\n|-mega|p2a: Charizard|Charizard|Charizardite Y\n|-weather|SunnyDay|[from] ability: Drought|[of] p2a: Charizard\n|move|p2a: Charizard|Weather Ball|p1a: Floette\n|-damage|p1a: Floette|21/100\n|move|p1a: Floette|Light of Ruin|p2a: Charizard\n|-resisted|p2a: Charizard|1\n|-damage|p2a: Charizard|0 fnt\n|faint|p2a: Charizard\n|-damage|p1a: Floette|0 fnt|[from] Recoil\n|faint|p1a: Floette\n|\n|-weather|SunnyDay|[upkeep]\n|upkeep\n|\n|t:|1776061569\n|switch|p1a: Hydreigon|Hydreigon, L50, F|100/100\n|switch|p2a: Espathra|Espathra, L50, M|1/100\n|turn|10\n|j| p74\n|-message|Ineedaonetype forfeited.\n|\n|win|MarcyWitch\n|raw|MarcyWitch's rating: 1175 &rarr; <strong>1200</strong><br />(+25 for winning)\n|raw|Ineedaonetype's rating: 1173 &rarr; <strong>1148</strong><br />(-25 for losing)\n|l|\u2606Ineedaonetype\n|player|p2|\n|l|\u2606MarcyWitch\n|player|p1|\n",
  "uploadtime": 1776061816,
  "views": 4,
  "formatid": "gen9championsbssregma",
  "rating": 1148,
  "private": 0,
  "password": null
}