{
  "id": "gen9championsbssregma-2584061041",
  "format": "[Gen 9 Champions] BSS Reg M-A",
  "players": [
    "BJZJS",
    "sca1031"
  ],
  "log": "|j|\u2606BJZJS\n|j|\u2606sca1031\n|t:|1776221232\n|gametype|singles\n|player|p1|BJZJS|265|1365\n|player|p2|sca1031|169|1425\n|gen|9\n|tier|[Gen 9 Champions] BSS Reg M-A\n|rated|\n|rule|Species Clause: Limit one of each Pok\u00e9mon\n|rule|Item Clause: Limit 1 of each item\n|clearpoke\n|poke|p1|Lycanroc-Dusk, L50, F|\n|poke|p1|Starmie, L50|\n|poke|p1|Archaludon, L50, M|\n|poke|p1|Delphox, L50, M|\n|poke|p1|Meowscarada, L50, M|\n|poke|p1|Mimikyu, L50, M|\n|poke|p2|Clefable, L50, F|\n|poke|p2|Archaludon, L50, F|\n|poke|p2|Snorlax, L50, M|\n|poke|p2|Gyarados, L50, M|\n|poke|p2|Hippowdon, L50, F|\n|poke|p2|Aegislash, L50, F|\n|teampreview|3\n|\n|t:|1776221267\n|teamsize|p1|3\n|teamsize|p2|3\n|start\n|switch|p1a: Meowscarada|Meowscarada, L50, M|100/100\n|switch|p2a: Hippowdon|Hippowdon, L50, F|100/100\n|-weather|Sandstorm|[from] ability: Sand Stream|[of] p2a: Hippowdon\n|turn|1\n|\n|t:|1776221279\n|switch|p2a: Archaludon|Archaludon, L50, F|100/100\n|move|p1a: Meowscarada|Flower Trick|p2a: Archaludon\n|-start|p1a: Meowscarada|typechange|Grass|[from] ability: Protean\n|-resisted|p2a: Archaludon|2\n|-crit|p2a: Archaludon\n|-damage|p2a: Archaludon|92/100\n|-ability|p2a: Archaludon|Stamina|boost\n|-boost|p2a: Archaludon|def|1\n|\n|-weather|Sandstorm|[upkeep]\n|-damage|p1a: Meowscarada|95/100|[from] Sandstorm\n|upkeep\n|turn|2\n|\n|t:|1776221297\n|switch|p1a: Archaludon|Archaludon, L50, M|100/100\n|move|p2a: Archaludon|Dark Pulse|p1a: Archaludon\n|-damage|p1a: Archaludon|59/100\n|-ability|p1a: Archaludon|Stamina|boost\n|-boost|p1a: Archaludon|def|1\n|\n|-weather|Sandstorm|[upkeep]\n|upkeep\n|turn|3\n|\n|t:|1776221312\n|move|p1a: Archaludon|Aura Sphere|p2a: Archaludon\n|-supereffective|p2a: Archaludon|1\n|-enditem|p2a: Archaludon|Chople Berry|[eat]\n|-enditem|p2a: Archaludon|Chople Berry|[weaken]\n|-damage|p2a: Archaludon|49/100\n|-ability|p2a: Archaludon|Stamina|boost\n|-boost|p2a: Archaludon|def|1\n|move|p2a: Archaludon|Aura Sphere|p1a: Archaludon\n|-supereffective|p1a: Archaludon|1\n|-damage|p1a: Archaludon|0 fnt\n|faint|p1a: Archaludon\n|\n|-weather|Sandstorm|[upkeep]\n|upkeep\n|\n|t:|1776221320\n|switch|p1a: Delphox|Delphox, L50, M|100/100\n|turn|4\n|\n|t:|1776221335\n|switch|p2a: Hippowdon|Hippowdon, L50, F|100/100\n|detailschange|p1a: Delphox|Delphox-Mega, L50, M\n|-mega|p1a: Delphox|Delphox|Delphoxite\n|move|p1a: Delphox|Flamethrower|p2a: Hippowdon\n|-damage|p2a: Hippowdon|61/100\n|\n|-weather|Sandstorm|[upkeep]\n|-damage|p1a: Delphox|95/100|[from] Sandstorm\n|upkeep\n|turn|5\n|\n|t:|1776221345\n|move|p1a: Delphox|Flamethrower|p2a: Hippowdon\n|-damage|p2a: Hippowdon|20/100\n|-enditem|p2a: Hippowdon|Sitrus Berry|[eat]\n|-heal|p2a: Hippowdon|45/100|[from] item: Sitrus Berry\n|move|p2a: Hippowdon|Yawn|p1a: Delphox\n|-start|p1a: Delphox|move: Yawn|[of] p2a: Hippowdon\n|\n|-weather|none\n|upkeep\n|turn|6\n|\n|t:|1776221357\n|switch|p1a: Meowscarada|Meowscarada, L50, M|95/100\n|move|p2a: Hippowdon|Yawn|p1a: Meowscarada\n|-start|p1a: Meowscarada|move: Yawn|[of] p2a: Hippowdon\n|\n|upkeep\n|turn|7\n|\n|t:|1776221365\n|switch|p1a: Delphox|Delphox-Mega, L50, M|95/100\n|move|p2a: Hippowdon|Slack Off|p2a: Hippowdon\n|-heal|p2a: Hippowdon|95/100\n|\n|upkeep\n|turn|8\n|\n|t:|1776221373\n|move|p1a: Delphox|Calm Mind|p1a: Delphox\n|-boost|p1a: Delphox|spa|1\n|-boost|p1a: Delphox|spd|1\n|move|p2a: Hippowdon|Yawn|p1a: Delphox\n|-start|p1a: Delphox|move: Yawn|[of] p2a: Hippowdon\n|\n|upkeep\n|turn|9\n|\n|t:|1776221381\n|switch|p2a: Gyarados|Gyarados, L50, M|100/100\n|-ability|p2a: Gyarados|Intimidate|boost\n|-unboost|p1a: Delphox|atk|1\n|move|p1a: Delphox|Calm Mind|p1a: Delphox\n|-boost|p1a: Delphox|spa|1\n|-boost|p1a: Delphox|spd|1\n|\n|-end|p1a: Delphox|move: Yawn|[silent]\n|-status|p1a: Delphox|slp\n|upkeep\n|turn|10\n|\n|t:|1776221394\n|switch|p1a: Meowscarada|Meowscarada, L50, M|95/100\n|move|p2a: Gyarados|Dragon Dance|p2a: Gyarados\n|-boost|p2a: Gyarados|atk|1\n|-boost|p2a: Gyarados|spe|1\n|\n|upkeep\n|turn|11\n|j| p74\n|\n|t:|1776221408\n|switch|p2a: Archaludon|Archaludon, L50, F|49/100\n|move|p1a: Meowscarada|Flower Trick|p2a: Archaludon\n|-start|p1a: Meowscarada|typechange|Grass|[from] ability: Protean\n|-resisted|p2a: Archaludon|2\n|-crit|p2a: Archaludon\n|-damage|p2a: Archaludon|40/100\n|-ability|p2a: Archaludon|Stamina|boost\n|-boost|p2a: Archaludon|def|1\n|\n|upkeep\n|turn|12\n|\n|t:|1776221424\n|switch|p1a: Delphox|Delphox-Mega, L50, M|95/100 slp\n|move|p2a: Archaludon|Dark Pulse|p1a: Delphox\n|-supereffective|p1a: Delphox|1\n|-damage|p1a: Delphox|39/100 slp\n|\n|upkeep\n|turn|13\n|\n|t:|1776221432\n|cant|p1a: Delphox|slp\n|move|p2a: Archaludon|Dark Pulse|p1a: Delphox\n|-supereffective|p1a: Delphox|1\n|-damage|p1a: Delphox|0 fnt\n|faint|p1a: Delphox\n|\n|upkeep\n|\n|t:|1776221434\n|switch|p1a: Meowscarada|Meowscarada, L50, M|95/100\n|turn|14\n|\n|t:|1776221442\n|move|p1a: Meowscarada|Triple Axel|p2a: Archaludon\n|-start|p1a: Meowscarada|typechange|Ice|[from] ability: Protean\n|-damage|p2a: Archaludon|35/100\n|-ability|p2a: Archaludon|Stamina|boost\n|-boost|p2a: Archaludon|def|1\n|-crit|p2a: Archaludon\n|-damage|p2a: Archaludon|15/100\n|-ability|p2a: Archaludon|Stamina|boost\n|-boost|p2a: Archaludon|def|1\n|-damage|p2a: Archaludon|6/100\n|-ability|p2a: Archaludon|Stamina|boost\n|-boost|p2a: Archaludon|def|1\n|-hitcount|p2a: Archaludon|3\n|move|p2a: Archaludon|Draco Meteor|p1a: Meowscarada\n|-damage|p1a: Meowscarada|0 fnt\n|-unboost|p2a: Archaludon|spa|2\n|faint|p1a: Meowscarada\n|\n|win|sca1031\n|raw|BJZJS's rating: 1365 &rarr; <strong>1348</strong><br />(-17 for losing)\n|raw|sca1031's rating: 1425 &rarr; <strong>1442</strong><br />(+17 for winning)\n",
  "uploadtime": 1776221449,
  "views": 7,
  "formatid": "gen9championsbssregma",
  "rating": 1348,
  "private": 0,
  "password": null
}