{
  "id": "gen9championsbssregma-2588574981",
  "format": "[Gen 9 Champions] BSS Reg M-A",
  "players": [
    "dinooo778",
    "driflount drifloon"
  ],
  "log": "|j|\u2606dinooo778\n|j|\u2606driflount drifloon\n|t:|1776646461\n|gametype|singles\n|player|p1|dinooo778|266|1064\n|player|p2|driflount drifloon|brock|1142\n|gen|9\n|tier|[Gen 9 Champions] BSS Reg M-A\n|rated|\n|rule|Species Clause: Limit one of each Pok\u00e9mon\n|rule|Item Clause: Limit 1 of each item\n|clearpoke\n|poke|p1|Politoed, L50, M|\n|poke|p1|Archaludon, L50, M|\n|poke|p1|Sneasler, L50, F|\n|poke|p1|Ditto, L50|\n|poke|p1|Charizard, L50, F|\n|poke|p1|Venusaur, L50, M|\n|poke|p2|Espathra, L50, F|\n|poke|p2|Lopunny, L50, M|\n|poke|p2|Slowbro, L50, M|\n|poke|p2|Clefable, L50, M|\n|poke|p2|Corviknight, L50, F|\n|poke|p2|Incineroar, L50, F|\n|teampreview|3\n|inactive|Battle timer is ON: inactive players will automatically lose when time's up. (requested by driflount drifloon)\n|inactive|driflount drifloon has 60 seconds left.\n|inactive|driflount drifloon has 30 seconds left.\n|inactive|driflount drifloon has 20 seconds left.\n|inactive|driflount drifloon has 15 seconds left.\n|inactive|driflount drifloon has 10 seconds left.\n|\n|t:|1776646546\n|teamsize|p1|3\n|teamsize|p2|3\n|start\n|switch|p1a: Charizard|Charizard, L50, F|100/100\n|switch|p2a: Espathra|Espathra, L50, F|100/100\n|turn|1\n|\n|t:|1776646552\n|detailschange|p1a: Charizard|Charizard-Mega-Y, L50, F\n|-mega|p1a: Charizard|Charizard|Charizardite Y\n|-weather|SunnyDay|[from] ability: Drought|[of] p1a: Charizard\n|move|p2a: Espathra|Protect|p2a: Espathra\n|-singleturn|p2a: Espathra|Protect\n|move|p1a: Charizard|Flamethrower|p2a: Espathra\n|-activate|p2a: Espathra|move: Protect\n|\n|-weather|SunnyDay|[upkeep]\n|-ability|p2a: Espathra|Speed Boost|boost\n|-boost|p2a: Espathra|spe|1\n|upkeep\n|turn|2\n|\n|t:|1776646568\n|move|p2a: Espathra|Calm Mind|p2a: Espathra\n|-boost|p2a: Espathra|spa|1\n|-boost|p2a: Espathra|spd|1\n|move|p1a: Charizard|Flamethrower|p2a: Espathra\n|-damage|p2a: Espathra|30/100\n|\n|-weather|SunnyDay|[upkeep]\n|-ability|p2a: Espathra|Speed Boost|boost\n|-boost|p2a: Espathra|spe|1\n|upkeep\n|turn|3\n|\n|t:|1776646576\n|move|p2a: Espathra|Protect|p2a: Espathra\n|-singleturn|p2a: Espathra|Protect\n|move|p1a: Charizard|Flamethrower|p2a: Espathra\n|-activate|p2a: Espathra|move: Protect\n|\n|-weather|SunnyDay|[upkeep]\n|-ability|p2a: Espathra|Speed Boost|boost\n|-boost|p2a: Espathra|spe|1\n|upkeep\n|turn|4\n|\n|t:|1776646584\n|move|p2a: Espathra|Baton Pass|p2a: Espathra\n|\n|t:|1776646606\n|switch|p2a: Slowbro|Slowbro, L50, M|100/100|[from] Baton Pass\n|move|p1a: Charizard|Flamethrower|p2a: Slowbro\n|-resisted|p2a: Slowbro|1\n|-damage|p2a: Slowbro|75/100\n|\n|-weather|SunnyDay|[upkeep]\n|upkeep\n|turn|5\n|\n|t:|1776646623\n|detailschange|p2a: Slowbro|Slowbro-Mega, L50, M\n|-mega|p2a: Slowbro|Slowbro|Slowbronite\n|move|p1a: Charizard|Solar Beam||[still]\n|-prepare|p1a: Charizard|Solar Beam\n|-anim|p1a: Charizard|Solar Beam|p2a: Slowbro\n|-supereffective|p2a: Slowbro|1\n|-damage|p2a: Slowbro|20/100\n|move|p2a: Slowbro|Slack Off|p2a: Slowbro\n|-heal|p2a: Slowbro|70/100\n|\n|-weather|none\n|upkeep\n|turn|6\n|inactive|driflount drifloon has 30 seconds left.\n|\n|t:|1776646649\n|switch|p1a: Ditto|Ditto, L50|100/100\n|-transform|p1a: Ditto|p2a: Slowbro|[from] ability: Imposter\n|move|p2a: Slowbro|Scald|p1a: Ditto\n|-resisted|p1a: Ditto|1\n|-damage|p1a: Ditto|76/100\n|\n|upkeep\n|turn|7\n|\n|t:|1776646668\n|move|p1a: Ditto|Stored Power|p2a: Slowbro\n|-resisted|p2a: Slowbro|1\n|-damage|p2a: Slowbro|48/100\n|move|p2a: Slowbro|Calm Mind|p2a: Slowbro\n|-boost|p2a: Slowbro|spa|1\n|-boost|p2a: Slowbro|spd|1\n|\n|upkeep\n|turn|8\n|\n|t:|1776646676\n|switch|p1a: Charizard|Charizard-Mega-Y, L50, F|100/100\n|-weather|SunnyDay|[from] ability: Drought|[of] p1a: Charizard\n|move|p2a: Slowbro|Slack Off|p2a: Slowbro\n|-heal|p2a: Slowbro|98/100\n|\n|-weather|SunnyDay|[upkeep]\n|upkeep\n|turn|9\n|\n|t:|1776646688\n|move|p1a: Charizard|Will-O-Wisp|p2a: Slowbro\n|-status|p2a: Slowbro|brn\n|move|p2a: Slowbro|Slack Off|p2a: Slowbro\n|-heal|p2a: Slowbro|100/100 brn\n|\n|-weather|SunnyDay|[upkeep]\n|-damage|p2a: Slowbro|95/100 brn|[from] brn\n|upkeep\n|turn|10\n|\n|t:|1776646697\n|move|p1a: Charizard|Solar Beam||[still]\n|-prepare|p1a: Charizard|Solar Beam\n|-anim|p1a: Charizard|Solar Beam|p2a: Slowbro\n|-supereffective|p2a: Slowbro|1\n|-damage|p2a: Slowbro|49/100 brn\n|move|p2a: Slowbro|Slack Off|p2a: Slowbro\n|-heal|p2a: Slowbro|99/100 brn\n|\n|-weather|SunnyDay|[upkeep]\n|-damage|p2a: Slowbro|93/100 brn|[from] brn\n|upkeep\n|turn|11\n|\n|t:|1776646708\n|move|p1a: Charizard|Solar Beam||[still]\n|-prepare|p1a: Charizard|Solar Beam\n|-anim|p1a: Charizard|Solar Beam|p2a: Slowbro\n|-supereffective|p2a: Slowbro|1\n|-damage|p2a: Slowbro|52/100 brn\n|move|p2a: Slowbro|Slack Off|p2a: Slowbro\n|-heal|p2a: Slowbro|100/100 brn\n|\n|-weather|SunnyDay|[upkeep]\n|-damage|p2a: Slowbro|95/100 brn|[from] brn\n|upkeep\n|turn|12\n|\n|t:|1776646719\n|move|p1a: Charizard|Solar Beam||[still]\n|-prepare|p1a: Charizard|Solar Beam\n|-anim|p1a: Charizard|Solar Beam|p2a: Slowbro\n|-supereffective|p2a: Slowbro|1\n|-damage|p2a: Slowbro|48/100 brn\n|move|p2a: Slowbro|Stored Power|p1a: Charizard\n|-damage|p1a: Charizard|0 fnt\n|faint|p1a: Charizard\n|\n|-weather|none\n|-damage|p2a: Slowbro|42/100 brn|[from] brn\n|upkeep\n|\n|t:|1776646732\n|switch|p1a: Sneasler|Sneasler, L50, F|100/100\n|turn|13\n|\n|t:|1776646738\n|move|p1a: Sneasler|Fake Out|p2a: Slowbro\n|-damage|p2a: Slowbro|34/100 brn\n|cant|p2a: Slowbro|flinch\n|\n|-damage|p2a: Slowbro|28/100 brn|[from] brn\n|upkeep\n|turn|14\n|\n|t:|1776646747\n|move|p1a: Sneasler|Night Slash|p2a: Slowbro\n|-supereffective|p2a: Slowbro|1\n|-damage|p2a: Slowbro|1/100 brn\n|move|p2a: Slowbro|Slack Off|p2a: Slowbro\n|-heal|p2a: Slowbro|51/100 brn\n|\n|-damage|p2a: Slowbro|46/100 brn|[from] brn\n|upkeep\n|turn|15\n|\n|t:|1776646760\n|move|p1a: Sneasler|Night Slash|p2a: Slowbro\n|-supereffective|p2a: Slowbro|1\n|-damage|p2a: Slowbro|23/100 brn\n|move|p2a: Slowbro|Slack Off|p2a: Slowbro\n|-heal|p2a: Slowbro|73/100 brn\n|\n|-damage|p2a: Slowbro|67/100 brn|[from] brn\n|upkeep\n|turn|16\n|\n|t:|1776646774\n|move|p1a: Sneasler|Night Slash|p2a: Slowbro\n|-supereffective|p2a: Slowbro|1\n|-damage|p2a: Slowbro|39/100 brn\n|move|p2a: Slowbro|Scald|p1a: Sneasler\n|-damage|p1a: Sneasler|5/100\n|\n|-damage|p2a: Slowbro|33/100 brn|[from] brn\n|upkeep\n|turn|17\n|\n|t:|1776646789\n|move|p1a: Sneasler|Night Slash|p2a: Slowbro\n|-supereffective|p2a: Slowbro|1\n|-damage|p2a: Slowbro|7/100 brn\n|move|p2a: Slowbro|Slack Off|p2a: Slowbro\n|-heal|p2a: Slowbro|57/100 brn\n|\n|-damage|p2a: Slowbro|51/100 brn|[from] brn\n|upkeep\n|turn|18\n|\n|t:|1776646804\n|move|p1a: Sneasler|Night Slash|p2a: Slowbro\n|-supereffective|p2a: Slowbro|1\n|-damage|p2a: Slowbro|27/100 brn\n|move|p2a: Slowbro|Scald|p1a: Sneasler\n|-damage|p1a: Sneasler|0 fnt\n|faint|p1a: Sneasler\n|\n|-damage|p2a: Slowbro|21/100 brn|[from] brn\n|upkeep\n|\n|t:|1776646812\n|switch|p1a: Ditto|Ditto, L50|76/100\n|-transform|p1a: Ditto|p2a: Slowbro|[from] ability: Imposter\n|turn|19\n|inactive|driflount drifloon has 30 seconds left.\n|\n|t:|1776646842\n|move|p1a: Ditto|Stored Power|p2a: Slowbro\n|-resisted|p2a: Slowbro|1\n|-damage|p2a: Slowbro|0 fnt\n|faint|p2a: Slowbro\n|\n|upkeep\n|\n|t:|1776646852\n|switch|p2a: Espathra|Espathra, L50, F|30/100\n|turn|20\n|\n|t:|1776646860\n|move|p2a: Espathra|Protect|p2a: Espathra\n|-singleturn|p2a: Espathra|Protect\n|move|p1a: Ditto|Stored Power|p2a: Espathra\n|-activate|p2a: Espathra|move: Protect\n|\n|-ability|p2a: Espathra|Speed Boost|boost\n|-boost|p2a: Espathra|spe|1\n|upkeep\n|turn|21\n|\n|t:|1776646880\n|move|p2a: Espathra|Protect|p2a: Espathra\n|-singleturn|p2a: Espathra|Protect\n|move|p1a: Ditto|Stored Power|p2a: Espathra\n|-activate|p2a: Espathra|move: Protect\n|\n|-ability|p2a: Espathra|Speed Boost|boost\n|-boost|p2a: Espathra|spe|1\n|upkeep\n|turn|22\n|\n|t:|1776646887\n|switch|p2a: SEXY CAN I|Lopunny, L50, M|100/100\n|move|p1a: Ditto|Stored Power|p2a: SEXY CAN I\n|-damage|p2a: SEXY CAN I|0 fnt\n|faint|p2a: SEXY CAN I\n|\n|upkeep\n|\n|t:|1776646893\n|switch|p2a: Espathra|Espathra, L50, F|30/100\n|turn|23\n|\n|t:|1776646896\n|move|p2a: Espathra|Protect|p2a: Espathra\n|-singleturn|p2a: Espathra|Protect\n|move|p1a: Ditto|Stored Power|p2a: Espathra\n|-activate|p2a: Espathra|move: Protect\n|\n|-ability|p2a: Espathra|Speed Boost|boost\n|-boost|p2a: Espathra|spe|1\n|upkeep\n|turn|24\n|\n|t:|1776646903\n|move|p2a: Espathra|Lumina Crash|p1a: Ditto\n|-resisted|p1a: Ditto|1\n|-damage|p1a: Ditto|65/100\n|-unboost|p1a: Ditto|spd|2\n|-activate|p1a: Ditto|move: Struggle\n|move|p1a: Ditto|Struggle|p2a: Espathra\n|-damage|p2a: Espathra|21/100\n|-damage|p1a: Ditto|40/100|[from] recoil\n|\n|-ability|p2a: Espathra|Speed Boost|boost\n|-boost|p2a: Espathra|spe|1\n|upkeep\n|turn|25\n|\n|t:|1776646922\n|move|p2a: Espathra|Lumina Crash|p1a: Ditto\n|-resisted|p1a: Ditto|1\n|-damage|p1a: Ditto|19/100\n|-unboost|p1a: Ditto|spd|2\n|-activate|p1a: Ditto|move: Struggle\n|move|p1a: Ditto|Struggle|p2a: Espathra\n|-damage|p2a: Espathra|11/100\n|-damage|p1a: Ditto|0 fnt|[from] recoil\n|faint|p1a: Ditto\n|\n|win|driflount drifloon\n|raw|dinooo778's rating: 1064 &rarr; <strong>1049</strong><br />(-15 for losing)\n|raw|driflount drifloon's rating: 1142 &rarr; <strong>1161</strong><br />(+19 for winning)\n",
  "uploadtime": 1776646933,
  "views": 1,
  "formatid": "gen9championsbssregma",
  "rating": 1049,
  "private": 0,
  "password": null
}