{
  "id": "gen9championsbssregma-2584268016",
  "format": "[Gen 9 Champions] BSS Reg M-A",
  "players": [
    "zakokr",
    "pkmmnq"
  ],
  "log": "|j|\u2606zakokr\n|j|\u2606pkmmnq\n|t:|1776245230\n|gametype|singles\n|player|p1|zakokr|silver|1343\n|player|p2|pkmmnq|rosa|1308\n|gen|9\n|tier|[Gen 9 Champions] BSS Reg M-A\n|rated|\n|rule|Species Clause: Limit one of each Pok\u00e9mon\n|rule|Item Clause: Limit 1 of each item\n|clearpoke\n|poke|p1|Blastoise, L50, F|\n|poke|p1|Hippowdon, L50, M|\n|poke|p1|Glimmora, L50, M|\n|poke|p1|Corviknight, L50, M|\n|poke|p1|Meowscarada, L50, F|\n|poke|p1|Mamoswine, L50, M|\n|poke|p2|Starmie, L50|\n|poke|p2|Hydreigon, L50, F|\n|poke|p2|Aegislash, L50, M|\n|poke|p2|Rotom-Wash, L50|\n|poke|p2|Hippowdon, L50, M|\n|poke|p2|Floette-Eternal, L50, F|\n|teampreview|3\n|inactive|Battle timer is ON: inactive players will automatically lose when time's up. (requested by pkmmnq)\n|inactive|zakokr has 60 seconds left.\n|inactive|pkmmnq has 60 seconds left.\n|inactive|zakokr has 30 seconds left.\n|\n|t:|1776245297\n|teamsize|p1|3\n|teamsize|p2|3\n|start\n|switch|p1a: Mamoswine|Mamoswine, L50, M|100/100\n|switch|p2a: Floette|Floette-Eternal, L50, F|100/100\n|turn|1\n|\n|t:|1776245308\n|switch|p2a: Rotom|Rotom-Wash, L50|100/100\n|move|p1a: Mamoswine|Earthquake|p2a: Rotom\n|-immune|p2a: Rotom|[from] ability: Levitate\n|\n|upkeep\n|turn|2\n|\n|t:|1776245316\n|move|p1a: Mamoswine|Knock Off|p2a: Rotom\n|-damage|p2a: Rotom|72/100\n|-enditem|p2a: Rotom|Leftovers|[from] move: Knock Off|[of] p1a: Mamoswine\n|move|p2a: Rotom|Will-O-Wisp|p1a: Mamoswine\n|-status|p1a: Mamoswine|brn\n|\n|-damage|p1a: Mamoswine|95/100 brn|[from] brn\n|upkeep\n|turn|3\n|\n|t:|1776245330\n|move|p1a: Mamoswine|Icicle Crash|p2a: Rotom\n|-resisted|p2a: Rotom|1\n|-damage|p2a: Rotom|64/100\n|move|p2a: Rotom|Hydro Pump|p1a: Mamoswine|[miss]\n|-miss|p2a: Rotom|p1a: Mamoswine\n|\n|-damage|p1a: Mamoswine|89/100 brn|[from] brn\n|upkeep\n|turn|4\n|\n|t:|1776245339\n|move|p1a: Mamoswine|Icicle Crash|p2a: Rotom\n|-resisted|p2a: Rotom|1\n|-damage|p2a: Rotom|54/100\n|move|p2a: Rotom|Hydro Pump|p1a: Mamoswine\n|-supereffective|p1a: Mamoswine|1\n|-damage|p1a: Mamoswine|0 fnt\n|faint|p1a: Mamoswine\n|\n|upkeep\n|\n|t:|1776245347\n|switch|p1a: Glimmora|Glimmora, L50, M|100/100\n|turn|5\n|\n|t:|1776245352\n|detailschange|p1a: Glimmora|Glimmora-Mega, L50, M\n|-mega|p1a: Glimmora|Glimmora|Glimmoranite\n|move|p1a: Glimmora|Sludge Wave|p2a: Rotom\n|-damage|p2a: Rotom|0 fnt\n|faint|p2a: Rotom\n|\n|upkeep\n|\n|t:|1776245356\n|switch|p2a: Hydreigon|Hydreigon, L50, F|100/100\n|turn|6\n|j| p74\n|inactive|zakokr has 30 seconds left.\n|inactive|zakokr has 20 seconds left.\n|\n|t:|1776245392\n|switch|p1a: Corviknight|Corviknight, L50, M|100/100\n|move|p2a: Hydreigon|Draco Meteor|p1a: Corviknight\n|-resisted|p1a: Corviknight|1\n|-damage|p1a: Corviknight|68/100\n|-unboost|p2a: Hydreigon|spa|2\n|\n|-heal|p1a: Corviknight|74/100|[from] item: Leftovers\n|upkeep\n|turn|7\n|\n|t:|1776245403\n|switch|p2a: Floette|Floette-Eternal, L50, F|100/100\n|move|p1a: Corviknight|Bulk Up|p1a: Corviknight\n|-boost|p1a: Corviknight|atk|1\n|-boost|p1a: Corviknight|def|1\n|\n|-heal|p1a: Corviknight|80/100|[from] item: Leftovers\n|upkeep\n|turn|8\n|\n|t:|1776245413\n|detailschange|p2a: Floette|Floette-Mega, L50, F\n|-mega|p2a: Floette|Floette|Floettite\n|-ability|p2a: Floette|Fairy Aura\n|move|p2a: Floette|Calm Mind|p2a: Floette\n|-boost|p2a: Floette|spa|1\n|-boost|p2a: Floette|spd|1\n|move|p1a: Corviknight|Brave Bird|p2a: Floette\n|-damage|p2a: Floette|42/100\n|-damage|p1a: Corviknight|62/100|[from] Recoil\n|\n|-heal|p1a: Corviknight|68/100|[from] item: Leftovers\n|upkeep\n|turn|9\n|\n|t:|1776245428\n|move|p2a: Floette|Synthesis|p2a: Floette\n|-heal|p2a: Floette|92/100\n|move|p1a: Corviknight|Brave Bird|p2a: Floette\n|-damage|p2a: Floette|39/100\n|-damage|p1a: Corviknight|52/100|[from] Recoil\n|\n|-heal|p1a: Corviknight|58/100|[from] item: Leftovers\n|upkeep\n|turn|10\n|\n|t:|1776245444\n|move|p2a: Floette|Synthesis|p2a: Floette\n|-heal|p2a: Floette|88/100\n|move|p1a: Corviknight|U-turn|p2a: Floette\n|-resisted|p2a: Floette|1\n|-damage|p2a: Floette|78/100\n|\n|t:|1776245449\n|switch|p1a: Glimmora|Glimmora-Mega, L50, M|100/100|[from] U-turn\n|\n|upkeep\n|turn|11\n|\n|t:|1776245456\n|move|p1a: Glimmora|Sludge Wave|p2a: Floette\n|-supereffective|p2a: Floette|1\n|-damage|p2a: Floette|5/100\n|move|p2a: Floette|Moonblast|p1a: Glimmora\n|-resisted|p1a: Glimmora|1\n|-crit|p1a: Glimmora\n|-damage|p1a: Glimmora|12/100\n|\n|upkeep\n|turn|12\n|\n|t:|1776245464\n|switch|p2a: Hydreigon|Hydreigon, L50, F|100/100\n|move|p1a: Glimmora|Sludge Wave|p2a: Hydreigon\n|-damage|p2a: Hydreigon|6/100\n|\n|upkeep\n|turn|13\n|\n|t:|1776245482\n|move|p2a: Hydreigon|Dark Pulse|p1a: Glimmora\n|-damage|p1a: Glimmora|0 fnt\n|faint|p1a: Glimmora\n|\n|upkeep\n|\n|t:|1776245487\n|switch|p1a: Corviknight|Corviknight, L50, M|58/100\n|turn|14\n|\n|t:|1776245491\n|move|p2a: Hydreigon|Dark Pulse|p1a: Corviknight\n|-crit|p1a: Corviknight\n|-damage|p1a: Corviknight|0 fnt\n|faint|p1a: Corviknight\n|\n|win|pkmmnq\n|raw|zakokr's rating: 1343 &rarr; <strong>1321</strong><br />(-22 for losing)\n|raw|pkmmnq's rating: 1308 &rarr; <strong>1330</strong><br />(+22 for winning)\n|l|\u2606zakokr\n|player|p1|\n",
  "uploadtime": 1776245497,
  "views": 3,
  "formatid": "gen9championsbssregma",
  "rating": 1321,
  "private": 0,
  "password": null
}