{
  "id": "gen9championsbssregma-2581248246",
  "format": "[Gen 9 Champions] BSS Reg M-A",
  "players": [
    "phifth",
    "amnesiaamnesiad"
  ],
  "log": "|j|\u2606phifth\n|j|\u203damnesiaamnesiad\n|t:|1775976047\n|gametype|singles\n|player|p1|phifth|rosa|1085\n|player|p2|amnesiaamnesiad|266|1254\n|gen|9\n|tier|[Gen 9 Champions] BSS Reg M-A\n|rated|\n|rule|Species Clause: Limit one of each Pok\u00e9mon\n|rule|Item Clause: Limit 1 of each item\n|clearpoke\n|poke|p1|Gliscor, L50, M|\n|poke|p1|Tyranitar, L50, M|\n|poke|p1|Meganium, L50, F|\n|poke|p1|Archaludon, L50, F|\n|poke|p1|Excadrill, L50, F|\n|poke|p1|Sableye, L50, F|\n|poke|p2|Hydreigon, L50, M|\n|poke|p2|Aegislash, L50, F|\n|poke|p2|Primarina, L50, F|\n|poke|p2|Alakazam, L50, M|\n|poke|p2|Arcanine, L50, F|\n|poke|p2|Azumarill, L50, M|\n|teampreview|3\n|inactive|Battle timer is ON: inactive players will automatically lose when time's up. (requested by amnesiaamnesiad)\n|\n|t:|1775976109\n|teamsize|p1|3\n|teamsize|p2|3\n|start\n|switch|p1a: Meganium|Meganium, L50, F|100/100\n|switch|p2a: Primarina|Primarina, L50, F, shiny|100/100\n|turn|1\n|\n|t:|1775976129\n|switch|p2a: Arcanine|Arcanine, L50, F, shiny|100/100\n|-ability|p2a: Arcanine|Intimidate|boost\n|-unboost|p1a: Meganium|atk|1\n|detailschange|p1a: Meganium|Meganium-Mega, L50, F\n|-mega|p1a: Meganium|Meganium|Meganiumite\n|move|p1a: Meganium|Solar Beam||[still]\n|-prepare|p1a: Meganium|Solar Beam\n|-activate|p1a: Meganium|ability: Mega Sol\n|-anim|p1a: Meganium|Solar Beam|p2a: Arcanine\n|-resisted|p2a: Arcanine|1\n|-damage|p2a: Arcanine|59/100\n|\n|-heal|p2a: Arcanine|65/100|[from] item: Leftovers\n|upkeep\n|turn|2\n|\n|t:|1775976141\n|switch|p1a: Tyranitar|Tyranitar, L50, M|100/100\n|-weather|Sandstorm|[from] ability: Sand Stream|[of] p1a: Tyranitar\n|move|p2a: Arcanine|Fire Spin|p1a: Tyranitar\n|-resisted|p1a: Tyranitar|1\n|-damage|p1a: Tyranitar|98/100\n|-activate|p1a: Tyranitar|move: Fire Spin|[of] p2a: Arcanine\n|\n|-weather|Sandstorm|[upkeep]\n|-damage|p2a: Arcanine|59/100|[from] Sandstorm\n|-heal|p2a: Arcanine|65/100|[from] item: Leftovers\n|-damage|p1a: Tyranitar|86/100|[from] move: Fire Spin|[partiallytrapped]\n|upkeep\n|turn|3\n|\n|t:|1775976160\n|switch|p2a: Primarina|Primarina, L50, F, shiny|100/100\n|move|p1a: Tyranitar|Earthquake|p2a: Primarina\n|-damage|p2a: Primarina|67/100\n|\n|-weather|Sandstorm|[upkeep]\n|-damage|p2a: Primarina|61/100|[from] Sandstorm\n|-end|p1a: Tyranitar|Fire Spin|[partiallytrapped]|[silent]\n|upkeep\n|turn|4\n|\n|t:|1775976169\n|switch|p1a: Excadrill|Excadrill, L50, F|100/100\n|move|p2a: Primarina|Flip Turn|p1a: Excadrill\n|-supereffective|p1a: Excadrill|1\n|-damage|p1a: Excadrill|58/100\n|\n|t:|1775976180\n|switch|p2a: Aegislash|Aegislash, L50, F, shiny|100/100|[from] Flip Turn\n|\n|-weather|Sandstorm|[upkeep]\n|upkeep\n|turn|5\n|\n|t:|1775976198\n|move|p1a: Excadrill|Swords Dance|p1a: Excadrill\n|-boost|p1a: Excadrill|atk|2\n|-formechange|p2a: Aegislash|Aegislash-Blade|\n|move|p2a: Aegislash|Close Combat|p1a: Excadrill\n|-supereffective|p1a: Excadrill|1\n|-damage|p1a: Excadrill|0 fnt\n|-unboost|p2a: Aegislash|def|1\n|-unboost|p2a: Aegislash|spd|1\n|faint|p1a: Excadrill\n|\n|-weather|Sandstorm|[upkeep]\n|upkeep\n|\n|t:|1775976208\n|switch|p1a: Meganium|Meganium-Mega, L50, F|100/100\n|turn|6\n|\n|t:|1775976217\n|move|p2a: Aegislash|Poltergeist|p1a: Meganium\n|-activate|p1a: Meganium|move: Poltergeist|Meganiumite\n|-damage|p1a: Meganium|31/100\n|move|p1a: Meganium|Weather Ball|p2a: Aegislash\n|-supereffective|p2a: Aegislash|1\n|-damage|p2a: Aegislash|0 fnt\n|faint|p2a: Aegislash\n|\n|-weather|none\n|upkeep\n|\n|t:|1775976221\n|switch|p2a: Arcanine|Arcanine, L50, F, shiny|65/100\n|-ability|p2a: Arcanine|Intimidate|boost\n|-unboost|p1a: Meganium|atk|1\n|turn|7\n|inactive|phifth has 30 seconds left.\n|\n|t:|1775976251\n|switch|p1a: Tyranitar|Tyranitar, L50, M|86/100\n|-weather|Sandstorm|[from] ability: Sand Stream|[of] p1a: Tyranitar\n|move|p2a: Arcanine|Will-O-Wisp|p1a: Tyranitar\n|-status|p1a: Tyranitar|brn\n|\n|-weather|Sandstorm|[upkeep]\n|-damage|p2a: Arcanine|59/100|[from] Sandstorm\n|-heal|p2a: Arcanine|65/100|[from] item: Leftovers\n|-damage|p1a: Tyranitar|80/100 brn|[from] brn\n|upkeep\n|turn|8\n|\n|t:|1775976264\n|move|p2a: Arcanine|Morning Sun|p2a: Arcanine\n|-heal|p2a: Arcanine|90/100\n|move|p1a: Tyranitar|Earthquake|p2a: Arcanine\n|-supereffective|p2a: Arcanine|1\n|-damage|p2a: Arcanine|66/100\n|\n|-weather|Sandstorm|[upkeep]\n|-damage|p2a: Arcanine|60/100|[from] Sandstorm\n|-heal|p2a: Arcanine|66/100|[from] item: Leftovers\n|-damage|p1a: Tyranitar|74/100 brn|[from] brn\n|upkeep\n|turn|9\n|\n|t:|1775976283\n|switch|p2a: Primarina|Primarina, L50, F, shiny|61/100\n|move|p1a: Tyranitar|Rock Slide|p2a: Primarina\n|-damage|p2a: Primarina|40/100\n|-enditem|p2a: Primarina|Sitrus Berry|[eat]\n|-heal|p2a: Primarina|65/100|[from] item: Sitrus Berry\n|\n|-weather|Sandstorm|[upkeep]\n|-damage|p2a: Primarina|59/100|[from] Sandstorm\n|-damage|p1a: Tyranitar|69/100 brn|[from] brn\n|upkeep\n|turn|10\n|\n|t:|1775976290\n|move|p2a: Primarina|Moonblast|p1a: Tyranitar\n|-supereffective|p1a: Tyranitar|1\n|-damage|p1a: Tyranitar|27/100 brn\n|-enditem|p1a: Tyranitar|Sitrus Berry|[eat]\n|-heal|p1a: Tyranitar|52/100 brn|[from] item: Sitrus Berry\n|move|p1a: Tyranitar|Thunder|p2a: Primarina\n|-supereffective|p2a: Primarina|1\n|-damage|p2a: Primarina|17/100\n|-status|p2a: Primarina|par\n|\n|-weather|Sandstorm|[upkeep]\n|-damage|p2a: Primarina|11/100 par|[from] Sandstorm\n|-damage|p1a: Tyranitar|46/100 brn|[from] brn\n|upkeep\n|turn|11\n|c|\u2606phifth|BOOOOOOOOOM\n|c|\u2606phifth|thunder tAR\n|inactive|phifth has 30 seconds left.\n|\n|t:|1775976321\n|switch|p1a: Meganium|Meganium-Mega, L50, F|31/100\n|move|p2a: Primarina|Moonblast|p1a: Meganium\n|-damage|p1a: Meganium|0 fnt\n|faint|p1a: Meganium\n|\n|-weather|none\n|upkeep\n|\n|t:|1775976325\n|switch|p1a: Tyranitar|Tyranitar, L50, M|46/100 brn\n|-weather|Sandstorm|[from] ability: Sand Stream|[of] p1a: Tyranitar\n|turn|12\n|\n|t:|1775976332\n|move|p1a: Tyranitar|Earthquake|p2a: Primarina\n|-damage|p2a: Primarina|0 fnt\n|faint|p2a: Primarina\n|\n|-weather|Sandstorm|[upkeep]\n|-damage|p1a: Tyranitar|40/100 brn|[from] brn\n|upkeep\n|\n|t:|1775976334\n|switch|p2a: Arcanine|Arcanine, L50, F, shiny|66/100\n|-ability|p2a: Arcanine|Intimidate|boost\n|-unboost|p1a: Tyranitar|atk|1\n|turn|13\n|\n|t:|1775976344\n|move|p2a: Arcanine|Fire Spin|p1a: Tyranitar\n|-resisted|p1a: Tyranitar|1\n|-damage|p1a: Tyranitar|37/100 brn\n|-activate|p1a: Tyranitar|move: Fire Spin|[of] p2a: Arcanine\n|move|p1a: Tyranitar|Rock Slide|p2a: Arcanine\n|-supereffective|p2a: Arcanine|1\n|-damage|p2a: Arcanine|51/100\n|\n|-weather|Sandstorm|[upkeep]\n|-damage|p2a: Arcanine|45/100|[from] Sandstorm\n|-heal|p2a: Arcanine|51/100|[from] item: Leftovers\n|-damage|p1a: Tyranitar|31/100 brn|[from] brn\n|-damage|p1a: Tyranitar|19/100 brn|[from] move: Fire Spin|[partiallytrapped]\n|upkeep\n|turn|14\n|\n|t:|1775976350\n|move|p2a: Arcanine|Morning Sun|p2a: Arcanine\n|-heal|p2a: Arcanine|76/100\n|move|p1a: Tyranitar|Thunder|p2a: Arcanine\n|-damage|p2a: Arcanine|50/100\n|\n|-weather|Sandstorm|[upkeep]\n|-damage|p2a: Arcanine|44/100|[from] Sandstorm\n|-heal|p2a: Arcanine|50/100|[from] item: Leftovers\n|-damage|p1a: Tyranitar|14/100 brn|[from] brn\n|-damage|p1a: Tyranitar|1/100 brn|[from] move: Fire Spin|[partiallytrapped]\n|upkeep\n|turn|15\n|\n|t:|1775976358\n|move|p2a: Arcanine|Morning Sun|p2a: Arcanine\n|-heal|p2a: Arcanine|75/100\n|move|p1a: Tyranitar|Earthquake|p2a: Arcanine\n|-supereffective|p2a: Arcanine|1\n|-damage|p2a: Arcanine|59/100\n|\n|-weather|Sandstorm|[upkeep]\n|-damage|p2a: Arcanine|53/100|[from] Sandstorm\n|-heal|p2a: Arcanine|59/100|[from] item: Leftovers\n|-damage|p1a: Tyranitar|0 fnt|[from] brn\n|faint|p1a: Tyranitar\n|\n|win|amnesiaamnesiad\n|raw|phifth's rating: 1085 &rarr; <strong>1073</strong><br />(-12 for losing)\n|raw|amnesiaamnesiad's rating: 1254 &rarr; <strong>1268</strong><br />(+14 for winning)\n",
  "uploadtime": 1775976363,
  "views": 9,
  "formatid": "gen9championsbssregma",
  "rating": 1073,
  "private": 0,
  "password": null
}