{
  "id": "gen9championsbssregma-2584284313",
  "format": "[Gen 9 Champions] BSS Reg M-A",
  "players": [
    "nuko1234",
    "Jordio"
  ],
  "log": "|j|\u2606nuko1234\n|j|\u203dJordio\n|t:|1776247017\n|gametype|singles\n|player|p1|nuko1234|guitarist|1392\n|player|p2|Jordio|alder|1367\n|gen|9\n|tier|[Gen 9 Champions] BSS Reg M-A\n|rated|\n|rule|Species Clause: Limit one of each Pok\u00e9mon\n|rule|Item Clause: Limit 1 of each item\n|clearpoke\n|poke|p1|Kingambit, L50, M|\n|poke|p1|Garchomp, L50, M|\n|poke|p1|Corviknight, L50, F|\n|poke|p1|Gardevoir, L50, F|\n|poke|p1|Primarina, L50, F|\n|poke|p1|Dragonite, L50, F|\n|poke|p2|Clefable, L50, M|\n|poke|p2|Rotom-Wash, L50|\n|poke|p2|Umbreon, L50, M|\n|poke|p2|Gengar, L50, M|\n|poke|p2|Goodra-Hisui, L50, M|\n|poke|p2|Basculegion, L50, M|\n|teampreview|3\n|inactive|Battle timer is ON: inactive players will automatically lose when time's up. (requested by Jordio)\n|inactive|Jordio has 60 seconds left.\n|\n|t:|1776247056\n|teamsize|p1|3\n|teamsize|p2|3\n|start\n|switch|p1a: Gardevoir|Gardevoir, L50, F|100/100\n|switch|p2a: Rotom|Rotom-Wash, L50, shiny|100/100\n|-ability|p1a: Gardevoir|Levitate|Trace|[from] ability: Trace|[of] p2a: Rotom\n|turn|1\n|\n|t:|1776247063\n|detailschange|p1a: Gardevoir|Gardevoir-Mega, L50, F\n|-mega|p1a: Gardevoir|Gardevoir|Gardevoirite\n|move|p1a: Gardevoir|Calm Mind|p1a: Gardevoir\n|-boost|p1a: Gardevoir|spa|1\n|-boost|p1a: Gardevoir|spd|1\n|move|p2a: Rotom|Volt Switch|p1a: Gardevoir\n|-damage|p1a: Gardevoir|84/100\n|\n|t:|1776247066\n|switch|p2a: Gengar|Gengar, L50, M, shiny|100/100|[from] Volt Switch\n|\n|upkeep\n|turn|2\n|\n|t:|1776247070\n|detailschange|p2a: Gengar|Gengar-Mega, L50, M, shiny\n|-mega|p2a: Gengar|Gengar|Gengarite\n|move|p2a: Gengar|Sludge Wave|p1a: Gardevoir\n|-supereffective|p1a: Gardevoir|1\n|-damage|p1a: Gardevoir|22/100\n|move|p1a: Gardevoir|Psyshock|p2a: Gengar\n|-supereffective|p2a: Gengar|1\n|-damage|p2a: Gengar|0 fnt\n|faint|p2a: Gengar\n|\n|upkeep\n|\n|t:|1776247075\n|switch|p2a: Basculegion|Basculegion, L50, M, shiny|100/100\n|turn|3\n|j| p74\n|\n|t:|1776247082\n|switch|p1a: Corviknight|Corviknight, L50, F|100/100\n|-ability|p1a: Corviknight|Pressure\n|move|p2a: Basculegion|Flip Turn|p1a: Corviknight\n|-damage|p1a: Corviknight|76/100\n|\n|t:|1776247091\n|switch|p2a: Rotom|Rotom-Wash, L50, shiny|100/100|[from] Flip Turn\n|\n|-heal|p1a: Corviknight|82/100|[from] item: Leftovers\n|upkeep\n|turn|4\n|\n|t:|1776247096\n|move|p2a: Rotom|Volt Switch|p1a: Corviknight\n|-supereffective|p1a: Corviknight|1\n|-damage|p1a: Corviknight|29/100\n|\n|t:|1776247099\n|switch|p2a: Basculegion|Basculegion, L50, M, shiny|100/100|[from] Volt Switch\n|move|p1a: Corviknight|Roost|p1a: Corviknight\n|-heal|p1a: Corviknight|80/100\n|-singleturn|p1a: Corviknight|move: Roost\n|\n|-heal|p1a: Corviknight|85/100|[from] item: Leftovers\n|upkeep\n|turn|5\n|\n|t:|1776247103\n|move|p2a: Basculegion|Flip Turn|p1a: Corviknight\n|-damage|p1a: Corviknight|58/100\n|\n|t:|1776247105\n|switch|p2a: Rotom|Rotom-Wash, L50, shiny|100/100|[from] Flip Turn\n|move|p1a: Corviknight|Body Press|p2a: Rotom\n|-damage|p2a: Rotom|77/100\n|\n|-heal|p1a: Corviknight|64/100|[from] item: Leftovers\n|upkeep\n|turn|6\n|\n|t:|1776247113\n|move|p2a: Rotom|Hydro Pump|p1a: Corviknight|[miss]\n|-miss|p2a: Rotom|p1a: Corviknight\n|move|p1a: Corviknight|Body Press|p2a: Rotom\n|-damage|p2a: Rotom|53/100\n|\n|-heal|p1a: Corviknight|70/100|[from] item: Leftovers\n|upkeep\n|turn|7\n|\n|t:|1776247126\n|move|p2a: Rotom|Pain Split|p1a: Corviknight\n|-sethp|p1a: Corviknight|55/100|[from] move: Pain Split|[silent]\n|-sethp|p2a: Rotom|72/100|[from] move: Pain Split\n|move|p1a: Corviknight|Body Press|p2a: Rotom\n|-damage|p2a: Rotom|51/100\n|\n|-heal|p1a: Corviknight|61/100|[from] item: Leftovers\n|upkeep\n|turn|8\n|\n|t:|1776247133\n|move|p2a: Rotom|Will-O-Wisp|p1a: Corviknight\n|-status|p1a: Corviknight|brn\n|move|p1a: Corviknight|Roost|p1a: Corviknight\n|-heal|p1a: Corviknight|100/100 brn\n|-singleturn|p1a: Corviknight|move: Roost\n|\n|-damage|p1a: Corviknight|95/100 brn|[from] brn\n|upkeep\n|turn|9\n|\n|t:|1776247135\n|move|p2a: Rotom|Volt Switch|p1a: Corviknight\n|-supereffective|p1a: Corviknight|1\n|-damage|p1a: Corviknight|44/100 brn\n|\n|t:|1776247138\n|switch|p2a: Basculegion|Basculegion, L50, M, shiny|100/100|[from] Volt Switch\n|move|p1a: Corviknight|Iron Defense|p1a: Corviknight\n|-boost|p1a: Corviknight|def|2\n|\n|-heal|p1a: Corviknight|50/100 brn|[from] item: Leftovers\n|-damage|p1a: Corviknight|44/100 brn|[from] brn\n|upkeep\n|turn|10\n|\n|t:|1776247142\n|move|p2a: Basculegion|Flip Turn|p1a: Corviknight\n|-damage|p1a: Corviknight|31/100 brn\n|\n|t:|1776247144\n|switch|p2a: Rotom|Rotom-Wash, L50, shiny|51/100|[from] Flip Turn\n|move|p1a: Corviknight|Roost|p1a: Corviknight\n|-heal|p1a: Corviknight|81/100 brn\n|-singleturn|p1a: Corviknight|move: Roost\n|\n|-heal|p1a: Corviknight|87/100 brn|[from] item: Leftovers\n|-damage|p1a: Corviknight|81/100 brn|[from] brn\n|upkeep\n|turn|11\n|\n|t:|1776247149\n|move|p2a: Rotom|Pain Split|p1a: Corviknight\n|-sethp|p1a: Corviknight|60/100 brn|[from] move: Pain Split|[silent]\n|-sethp|p2a: Rotom|79/100|[from] move: Pain Split\n|move|p1a: Corviknight|Roost|p1a: Corviknight\n|-heal|p1a: Corviknight|100/100 brn\n|-singleturn|p1a: Corviknight|move: Roost\n|\n|-damage|p1a: Corviknight|95/100 brn|[from] brn\n|upkeep\n|turn|12\n|\n|t:|1776247151\n|move|p2a: Rotom|Hydro Pump|p1a: Corviknight|[miss]\n|-miss|p2a: Rotom|p1a: Corviknight\n|move|p1a: Corviknight|Iron Defense|p1a: Corviknight\n|-boost|p1a: Corviknight|def|2\n|\n|-heal|p1a: Corviknight|100/100 brn|[from] item: Leftovers\n|-damage|p1a: Corviknight|95/100 brn|[from] brn\n|upkeep\n|turn|13\n|\n|t:|1776247153\n|move|p2a: Rotom|Hydro Pump|p1a: Corviknight\n|-damage|p1a: Corviknight|54/100 brn\n|move|p1a: Corviknight|Body Press|p2a: Rotom\n|-damage|p2a: Rotom|48/100\n|-enditem|p2a: Rotom|Sitrus Berry|[eat]\n|-heal|p2a: Rotom|73/100|[from] item: Sitrus Berry\n|\n|-heal|p1a: Corviknight|60/100 brn|[from] item: Leftovers\n|-damage|p1a: Corviknight|54/100 brn|[from] brn\n|upkeep\n|turn|14\n|\n|t:|1776247157\n|move|p2a: Rotom|Volt Switch|p1a: Corviknight\n|-supereffective|p1a: Corviknight|1\n|-damage|p1a: Corviknight|0 fnt\n|faint|p1a: Corviknight\n|\n|t:|1776247159\n|switch|p2a: Basculegion|Basculegion, L50, M, shiny|100/100|[from] Volt Switch\n|\n|upkeep\n|\n|t:|1776247163\n|switch|p1a: Kingambit|Kingambit, L50, M|100/100\n|turn|15\n|\n|t:|1776247166\n|move|p2a: Basculegion|Flip Turn|p1a: Kingambit\n|-damage|p1a: Kingambit|61/100\n|\n|t:|1776247169\n|switch|p2a: Rotom|Rotom-Wash, L50, shiny|73/100|[from] Flip Turn\n|move|p1a: Kingambit|Swords Dance|p1a: Kingambit\n|-boost|p1a: Kingambit|atk|2\n|\n|upkeep\n|turn|16\n|\n|t:|1776247176\n|move|p2a: Rotom|Will-O-Wisp|p1a: Kingambit\n|-status|p1a: Kingambit|brn\n|move|p1a: Kingambit|Kowtow Cleave|p2a: Rotom\n|-damage|p2a: Rotom|22/100\n|\n|-damage|p1a: Kingambit|55/100 brn|[from] brn\n|upkeep\n|turn|17\n|\n|t:|1776247180\n|move|p2a: Rotom|Pain Split|p1a: Kingambit\n|-sethp|p1a: Kingambit|37/100 brn|[from] move: Pain Split|[silent]\n|-sethp|p2a: Rotom|41/100|[from] move: Pain Split\n|move|p1a: Kingambit|Kowtow Cleave|p2a: Rotom\n|-damage|p2a: Rotom|0 fnt\n|faint|p2a: Rotom\n|\n|-damage|p1a: Kingambit|30/100 brn|[from] brn\n|upkeep\n|\n|t:|1776247183\n|switch|p2a: Basculegion|Basculegion, L50, M, shiny|100/100\n|turn|18\n|\n|t:|1776247188\n|move|p2a: Basculegion|Aqua Jet|p1a: Kingambit\n|-damage|p1a: Kingambit|8/100 brn\n|move|p1a: Kingambit|Kowtow Cleave|p2a: Basculegion\n|-supereffective|p2a: Basculegion|1\n|-damage|p2a: Basculegion|0 fnt\n|faint|p2a: Basculegion\n|\n|win|nuko1234\n|raw|nuko1234's rating: 1392 &rarr; <strong>1411</strong><br />(+19 for winning)\n|raw|Jordio's rating: 1367 &rarr; <strong>1348</strong><br />(-19 for losing)\n|l|\u2606nuko1234\n|player|p1|\n|l|\u203dJordio\n|player|p2|\n",
  "uploadtime": 1776247584,
  "views": 10,
  "formatid": "gen9championsbssregma",
  "rating": 1348,
  "private": 0,
  "password": null
}