{
  "id": "gen9championsbssregma-2586105598",
  "format": "[Gen 9 Champions] BSS Reg M-A",
  "players": [
    "alswnsjsid",
    "kyotoyoko"
  ],
  "log": "|j|\u2606alswnsjsid\n|j|\u2606kyotoyoko\n|t:|1776399632\n|gametype|singles\n|player|p1|alswnsjsid|caitlin|1281\n|player|p2|kyotoyoko|caitlin|1390\n|gen|9\n|tier|[Gen 9 Champions] BSS Reg M-A\n|rated|\n|rule|Species Clause: Limit one of each Pok\u00e9mon\n|rule|Item Clause: Limit 1 of each item\n|clearpoke\n|poke|p1|Kangaskhan, L50, F|\n|poke|p1|Hippowdon, L50, M|\n|poke|p1|Primarina, L50, F|\n|poke|p1|Archaludon, L50, M|\n|poke|p1|Volcarona, L50, F|\n|poke|p1|Basculegion, L50, M|\n|poke|p2|Hippowdon, L50, F|\n|poke|p2|Charizard, L50, F|\n|poke|p2|Aegislash, L50, F|\n|poke|p2|Kangaskhan, L50, F|\n|poke|p2|Greninja-*, L50, F|\n|poke|p2|Hatterene, L50, F|\n|teampreview|3\n|j| nagichan0121\n|\n|t:|1776399671\n|teamsize|p1|3\n|teamsize|p2|3\n|start\n|switch|p1a: Primarina|Primarina, L50, F, shiny|100/100\n|switch|p2a: Hippowdon|Hippowdon, L50, F|100/100\n|-weather|Sandstorm|[from] ability: Sand Stream|[of] p2a: Hippowdon\n|turn|1\n|\n|t:|1776399687\n|switch|p2a: Hatterene|Hatterene, L50, F, shiny|100/100\n|move|p1a: Primarina|Sparkling Aria|p2a: Hatterene\n|-damage|p2a: Hatterene|57/100\n|\n|-weather|Sandstorm|[upkeep]\n|-damage|p1a: Primarina|95/100|[from] Sandstorm\n|-damage|p2a: Hatterene|51/100|[from] Sandstorm\n|-heal|p2a: Hatterene|57/100|[from] item: Leftovers\n|upkeep\n|turn|2\n|\n|t:|1776399700\n|move|p1a: Primarina|Moonblast|p2a: Hatterene\n|-damage|p2a: Hatterene|16/100\n|move|p2a: Hatterene|Draining Kiss|p1a: Primarina\n|-damage|p1a: Primarina|71/100\n|-heal|p2a: Hatterene|33/100|[from] drain|[of] p1a: Primarina\n|\n|-weather|Sandstorm|[upkeep]\n|-damage|p1a: Primarina|65/100|[from] Sandstorm\n|-damage|p2a: Hatterene|27/100|[from] Sandstorm\n|-heal|p2a: Hatterene|33/100|[from] item: Leftovers\n|upkeep\n|turn|3\n|\n|t:|1776399711\n|move|p1a: Primarina|Moonblast|p2a: Hatterene\n|-damage|p2a: Hatterene|0 fnt\n|faint|p2a: Hatterene\n|\n|-weather|Sandstorm|[upkeep]\n|-damage|p1a: Primarina|59/100|[from] Sandstorm\n|upkeep\n|\n|t:|1776399714\n|switch|p2a: Kangaskhan|Kangaskhan, L50, F, shiny|100/100\n|turn|4\n|\n|t:|1776399728\n|switch|p1a: Archaludon|Archaludon, L50, M, shiny|100/100\n|detailschange|p2a: Kangaskhan|Kangaskhan-Mega, L50, F, shiny\n|-mega|p2a: Kangaskhan|Kangaskhan|Kangaskhanite\n|move|p2a: Kangaskhan|Double-Edge|p1a: Archaludon\n|-resisted|p1a: Archaludon|1\n|-damage|p1a: Archaludon|75/100\n|-ability|p1a: Archaludon|Stamina|boost\n|-boost|p1a: Archaludon|def|1\n|-resisted|p1a: Archaludon|1\n|-damage|p1a: Archaludon|71/100\n|-ability|p1a: Archaludon|Stamina|boost\n|-boost|p1a: Archaludon|def|1\n|-hitcount|p1a: Archaludon|2\n|-damage|p2a: Kangaskhan|91/100|[from] Recoil\n|\n|-weather|Sandstorm|[upkeep]\n|-damage|p2a: Kangaskhan|85/100|[from] Sandstorm\n|-heal|p1a: Archaludon|77/100|[from] item: Leftovers\n|upkeep\n|turn|5\n|\n|t:|1776399745\n|switch|p2a: Hippowdon|Hippowdon, L50, F|100/100\n|move|p1a: Archaludon|Aura Sphere|p2a: Hippowdon\n|-damage|p2a: Hippowdon|75/100\n|\n|-weather|none\n|-heal|p1a: Archaludon|83/100|[from] item: Leftovers\n|upkeep\n|turn|6\n|\n|t:|1776399755\n|switch|p1a: Primarina|Primarina, L50, F, shiny|59/100\n|move|p2a: Hippowdon|Yawn|p1a: Primarina\n|-start|p1a: Primarina|move: Yawn|[of] p2a: Hippowdon\n|\n|upkeep\n|turn|7\n|\n|t:|1776399764\n|move|p1a: Primarina|Misty Terrain|p1a: Primarina\n|-fieldstart|move: Misty Terrain\n|move|p2a: Hippowdon|Yawn||[still]\n|-fail|p2a: Hippowdon\n|\n|-end|p1a: Primarina|move: Yawn|[silent]\n|-activate|p1a: Primarina|move: Misty Terrain\n|upkeep\n|turn|8\n|c|\u2606kyotoyoko|nice sample\n|-message|kyotoyoko forfeited.\n|\n|win|alswnsjsid\n|raw|alswnsjsid's rating: 1281 &rarr; <strong>1314</strong><br />(+33 for winning)\n|raw|kyotoyoko's rating: 1390 &rarr; <strong>1364</strong><br />(-26 for losing)\n|l|\u2606kyotoyoko\n|player|p2|\n",
  "uploadtime": 1776399781,
  "views": 9,
  "formatid": "gen9championsbssregma",
  "rating": 1314,
  "private": 0,
  "password": null
}