{
  "id": "gen9championsbssregma-2584167736",
  "format": "[Gen 9 Champions] BSS Reg M-A",
  "players": [
    "tklll",
    "kyotoyoko"
  ],
  "log": "|j|\u2606tklll\n|j|\u2606kyotoyoko\n|t:|1776233401\n|gametype|singles\n|player|p1|tklll|dragontamer|1333\n|player|p2|kyotoyoko|caitlin|1300\n|gen|9\n|tier|[Gen 9 Champions] BSS Reg M-A\n|rated|\n|rule|Species Clause: Limit one of each Pok\u00e9mon\n|rule|Item Clause: Limit 1 of each item\n|clearpoke\n|poke|p1|Lopunny, L50, M|\n|poke|p1|Meganium, L50, M|\n|poke|p1|Delphox, L50, F|\n|poke|p1|Ninetales-Alola, L50, M|\n|poke|p1|Archaludon, L50, F|\n|poke|p1|Espathra, L50, M|\n|poke|p2|Tyranitar, L50, F|\n|poke|p2|Garchomp, L50, F|\n|poke|p2|Aegislash, L50, F|\n|poke|p2|Meganium, L50, F|\n|poke|p2|Rotom-Heat, L50|\n|poke|p2|Mimikyu, L50, F|\n|teampreview|3\n|\n|t:|1776233456\n|teamsize|p1|3\n|teamsize|p2|3\n|start\n|switch|p1a: Ninetales|Ninetales-Alola, L50, M|100/100\n|switch|p2a: Tyranitar|Tyranitar, L50, F|100/100\n|-weather|Snowscape|[from] ability: Snow Warning|[of] p1a: Ninetales\n|-weather|Sandstorm|[from] ability: Sand Stream|[of] p2a: Tyranitar\n|turn|1\n|inactive|Battle timer is ON: inactive players will automatically lose when time's up. (requested by kyotoyoko)\n|\n|t:|1776233474\n|switch|p1a: Archaludon|Archaludon, L50, F|100/100\n|move|p2a: Tyranitar|Power Gem|p1a: Archaludon\n|-resisted|p1a: Archaludon|1\n|-damage|p1a: Archaludon|76/100\n|-ability|p1a: Archaludon|Stamina|boost\n|-boost|p1a: Archaludon|def|1\n|\n|-weather|Sandstorm|[upkeep]\n|-heal|p1a: Archaludon|82/100|[from] item: Leftovers\n|upkeep\n|turn|2\n|\n|t:|1776233489\n|move|p1a: Archaludon|Aura Sphere|p2a: Tyranitar\n|-supereffective|p2a: Tyranitar|2\n|-damage|p2a: Tyranitar|18/100\n|move|p2a: Tyranitar|Ice Beam|p1a: Archaludon\n|-damage|p1a: Archaludon|47/100\n|-ability|p1a: Archaludon|Stamina|boost\n|-boost|p1a: Archaludon|def|1\n|\n|-weather|Sandstorm|[upkeep]\n|-heal|p1a: Archaludon|53/100|[from] item: Leftovers\n|upkeep\n|turn|3\n|\n|t:|1776233503\n|switch|p2a: Rotom|Rotom-Heat, L50|100/100\n|move|p1a: Archaludon|Flash Cannon|p2a: Rotom\n|-resisted|p2a: Rotom|2\n|-crit|p2a: Rotom\n|-damage|p2a: Rotom|86/100\n|\n|-weather|Sandstorm|[upkeep]\n|-damage|p2a: Rotom|81/100|[from] Sandstorm\n|-heal|p1a: Archaludon|60/100|[from] item: Leftovers\n|upkeep\n|turn|4\n|\n|t:|1776233526\n|switch|p1a: Delphox|Delphox, L50, F|100/100\n|move|p2a: Rotom|Nasty Plot|p2a: Rotom\n|-boost|p2a: Rotom|spa|2\n|\n|-weather|Sandstorm|[upkeep]\n|-damage|p1a: Delphox|95/100|[from] Sandstorm\n|-damage|p2a: Rotom|75/100|[from] Sandstorm\n|upkeep\n|turn|5\n|\n|t:|1776233543\n|detailschange|p1a: Delphox|Delphox-Mega, L50, F\n|-mega|p1a: Delphox|Delphox|Delphoxite\n|move|p1a: Delphox|Psychic|p2a: Rotom\n|-damage|p2a: Rotom|36/100\n|-enditem|p2a: Rotom|Sitrus Berry|[eat]\n|-heal|p2a: Rotom|61/100|[from] item: Sitrus Berry\n|move|p2a: Rotom|Thunderbolt|p1a: Delphox\n|-damage|p1a: Delphox|28/100\n|\n|-weather|none\n|upkeep\n|turn|6\n|\n|t:|1776233557\n|move|p1a: Delphox|Psychic|p2a: Rotom\n|-damage|p2a: Rotom|24/100\n|move|p2a: Rotom|Thunderbolt|p1a: Delphox\n|-crit|p1a: Delphox\n|-damage|p1a: Delphox|0 fnt\n|faint|p1a: Delphox\n|\n|upkeep\n|\n|t:|1776233571\n|switch|p1a: Ninetales|Ninetales-Alola, L50, M|100/100\n|-weather|Snowscape|[from] ability: Snow Warning|[of] p1a: Ninetales\n|turn|7\n|\n|t:|1776233576\n|move|p1a: Ninetales|Aurora Veil|p1a: Ninetales\n|-sidestart|p1: tklll|move: Aurora Veil\n|move|p2a: Rotom|Overheat|p1a: Ninetales\n|-supereffective|p1a: Ninetales|1\n|-damage|p1a: Ninetales|0 fnt\n|-unboost|p2a: Rotom|spa|2\n|faint|p1a: Ninetales\n|\n|-weather|Snowscape|[upkeep]\n|upkeep\n|\n|t:|1776233583\n|switch|p1a: Archaludon|Archaludon, L50, F|60/100\n|turn|8\n|\n|t:|1776233590\n|move|p1a: Archaludon|Substitute|p1a: Archaludon\n|-start|p1a: Archaludon|Substitute\n|-damage|p1a: Archaludon|35/100\n|move|p2a: Rotom|Will-O-Wisp||[still]\n|-fail|p2a: Rotom\n|\n|-weather|Snowscape|[upkeep]\n|-heal|p1a: Archaludon|41/100|[from] item: Leftovers\n|upkeep\n|turn|9\n|\n|t:|1776233597\n|move|p1a: Archaludon|Aura Sphere|p2a: Rotom\n|-damage|p2a: Rotom|1/100\n|move|p2a: Rotom|Overheat|p1a: Archaludon\n|-end|p1a: Archaludon|Substitute\n|-unboost|p2a: Rotom|spa|2\n|\n|-weather|Snowscape|[upkeep]\n|-heal|p1a: Archaludon|47/100|[from] item: Leftovers\n|upkeep\n|turn|10\n|\n|t:|1776233608\n|move|p1a: Archaludon|Aura Sphere|p2a: Rotom\n|-damage|p2a: Rotom|0 fnt\n|faint|p2a: Rotom\n|\n|-weather|Snowscape|[upkeep]\n|-heal|p1a: Archaludon|53/100|[from] item: Leftovers\n|upkeep\n|\n|t:|1776233616\n|switch|p2a: Tyranitar|Tyranitar, L50, F|18/100\n|-weather|Sandstorm|[from] ability: Sand Stream|[of] p2a: Tyranitar\n|turn|11\n|\n|t:|1776233622\n|move|p1a: Archaludon|Aura Sphere|p2a: Tyranitar\n|-supereffective|p2a: Tyranitar|2\n|-damage|p2a: Tyranitar|0 fnt\n|faint|p2a: Tyranitar\n|\n|-weather|Sandstorm|[upkeep]\n|-heal|p1a: Archaludon|60/100|[from] item: Leftovers\n|-sideend|p1: tklll|move: Aurora Veil\n|upkeep\n|\n|t:|1776233624\n|switch|p2a: Garchomp|Garchomp, L50, F|100/100\n|turn|12\n|\n|t:|1776233632\n|detailschange|p2a: Garchomp|Garchomp-Mega, L50, F\n|-mega|p2a: Garchomp|Garchomp|Garchompite\n|move|p2a: Garchomp|Earthquake|p1a: Archaludon\n|-supereffective|p1a: Archaludon|1\n|-damage|p1a: Archaludon|0 fnt\n|faint|p1a: Archaludon\n|\n|win|kyotoyoko\n|raw|tklll's rating: 1333 &rarr; <strong>1311</strong><br />(-22 for losing)\n|raw|kyotoyoko's rating: 1300 &rarr; <strong>1327</strong><br />(+27 for winning)\n|l|\u2606kyotoyoko\n|player|p2|\n",
  "uploadtime": 1776233674,
  "views": 16,
  "formatid": "gen9championsbssregma",
  "rating": 1311,
  "private": 0,
  "password": null
}