{
  "id": "gen9championsbssregma-2589494736",
  "format": "[Gen 9 Champions] BSS Reg M-A",
  "players": [
    "danerjin",
    "bluewizemon"
  ],
  "log": "|j|\u2606danerjin\n|j|\u2606bluewizemon\n|t:|1776728101\n|gametype|singles\n|player|p1|danerjin|169|1130\n|player|p2|bluewizemon|1|1154\n|gen|9\n|tier|[Gen 9 Champions] BSS Reg M-A\n|rated|\n|rule|Species Clause: Limit one of each Pok\u00e9mon\n|rule|Item Clause: Limit 1 of each item\n|clearpoke\n|poke|p1|Sneasler, L50, M|\n|poke|p1|Floette-Eternal, L50, F|\n|poke|p1|Ditto, L50, shiny|\n|poke|p1|Lucario, L50, F, shiny|\n|poke|p1|Aegislash, L50, F, shiny|\n|poke|p1|Lycanroc-Dusk, L50, M|\n|poke|p2|Greninja, L50, M|\n|poke|p2|Meowscarada, L50, M|\n|poke|p2|Hippowdon, L50, F|\n|poke|p2|Garchomp, L50, M|\n|poke|p2|Mimikyu, L50, M|\n|poke|p2|Archaludon, L50, M|\n|teampreview|3\n|\n|t:|1776728132\n|teamsize|p1|3\n|teamsize|p2|3\n|start\n|switch|p1a: Lycanroc|Lycanroc-Dusk, L50, M|100/100\n|switch|p2a: Garchomp|Garchomp, L50, M|100/100\n|turn|1\n|\n|t:|1776728144\n|move|p1a: Lycanroc|Outrage|p2a: Garchomp\n|-supereffective|p2a: Garchomp|1\n|-damage|p2a: Garchomp|0 fnt\n|-damage|p1a: Lycanroc|88/100|[from] ability: Rough Skin|[of] p2a: Garchomp\n|faint|p2a: Garchomp\n|\n|upkeep\n|\n|t:|1776728155\n|switch|p2a: Meowscarada|Meowscarada, L50, M|100/100\n|turn|2\n|\n|t:|1776728161\n|move|p1a: Lycanroc|Outrage|p2a: Meowscarada|[from] lockedmove\n|-damage|p2a: Meowscarada|29/100\n|-start|p1a: Lycanroc|confusion|[fatigue]\n|move|p2a: Meowscarada|Flower Trick|p1a: Lycanroc\n|-start|p2a: Meowscarada|typechange|Grass|[from] ability: Protean\n|-supereffective|p1a: Lycanroc|1\n|-crit|p1a: Lycanroc\n|-damage|p1a: Lycanroc|0 fnt\n|faint|p1a: Lycanroc\n|\n|upkeep\n|\n|t:|1776728168\n|switch|p1a: Floette|Floette-Eternal, L50, F|100/100\n|turn|3\n|\n|t:|1776728180\n|detailschange|p1a: Floette|Floette-Mega, L50, F\n|-mega|p1a: Floette|Floette|Floettite\n|-ability|p1a: Floette|Fairy Aura\n|move|p2a: Meowscarada|Flower Trick|p1a: Floette\n|-crit|p1a: Floette\n|-damage|p1a: Floette|34/100\n|move|p1a: Floette|Moonblast|p2a: Meowscarada\n|-damage|p2a: Meowscarada|0 fnt\n|faint|p2a: Meowscarada\n|\n|upkeep\n|\n|t:|1776728190\n|switch|p2a: Greninja|Greninja, L50, M|100/100\n|turn|4\n|\n|t:|1776728222\n|switch|p1a: Sneasler|Sneasler, L50, M|100/100\n|detailschange|p2a: Greninja|Greninja-Mega, L50, M\n|-mega|p2a: Greninja|Greninja|Greninjite\n|move|p2a: Greninja|Hydro Pump|p1a: Sneasler\n|-start|p2a: Greninja|typechange|Water|[from] ability: Protean\n|-damage|p1a: Sneasler|18/100\n|-enditem|p1a: Sneasler|Sitrus Berry|[eat]\n|-heal|p1a: Sneasler|43/100|[from] item: Sitrus Berry\n|\n|upkeep\n|turn|5\n|\n|t:|1776728243\n|move|p1a: Sneasler|Endure|p1a: Sneasler\n|-singleturn|p1a: Sneasler|move: Endure\n|move|p2a: Greninja|Hydro Pump|p1a: Sneasler\n|-activate|p1a: Sneasler|move: Endure\n|-damage|p1a: Sneasler|1/100\n|\n|upkeep\n|turn|6\n|\n|t:|1776728250\n|move|p1a: Sneasler|Reversal|p2a: Greninja\n|-damage|p2a: Greninja|0 fnt\n|faint|p2a: Greninja\n|\n|win|danerjin\n|raw|danerjin's rating: 1130 &rarr; <strong>1157</strong><br />(+27 for winning)\n|raw|bluewizemon's rating: 1154 &rarr; <strong>1127</strong><br />(-27 for losing)\n|c|\u2606danerjin|lol\n|l|\u2606bluewizemon\n|player|p2|\n",
  "uploadtime": 1776728262,
  "views": 1,
  "formatid": "gen9championsbssregma",
  "rating": 1127,
  "private": 0,
  "password": null
}