{
  "id": "gen9championsbssregma-2581239183",
  "format": "[Gen 9 Champions] BSS Reg M-A",
  "players": [
    "SongGwanSeop",
    "baesy0207"
  ],
  "log": "|j|\u2606SongGwanSeop\n|j|\u2606baesy0207\n|t:|1775974813\n|gametype|singles\n|player|p1|SongGwanSeop|266|1084\n|player|p2|baesy0207|265|1025\n|gen|9\n|tier|[Gen 9 Champions] BSS Reg M-A\n|rated|\n|rule|Species Clause: Limit one of each Pok\u00e9mon\n|rule|Item Clause: Limit 1 of each item\n|clearpoke\n|poke|p1|Kangaskhan, L50, F|\n|poke|p1|Charizard, L50, F|\n|poke|p1|Hippowdon, L50, F|\n|poke|p1|Hydreigon, L50, M|\n|poke|p1|Aegislash, L50, M|\n|poke|p1|Glimmora, L50, F|\n|poke|p2|Corviknight, L50, M|\n|poke|p2|Lopunny, L50, F|\n|poke|p2|Garchomp, L50, F|\n|poke|p2|Delphox, L50, F|\n|poke|p2|Rotom-Heat, L50|\n|poke|p2|Primarina, L50, M|\n|teampreview|3\n|inactive|Battle timer is ON: inactive players will automatically lose when time's up. (requested by baesy0207)\n|inactive|SongGwanSeop has 60 seconds left.\n|c|\u2606baesy0207|\ub2c8\uac70\uc0c8\ub07c\uc57c \ube68\ub9ac\ud574\n|c|\u2606baesy0207|\uae5c\ub465\uc544\n|\n|t:|1775974865\n|teamsize|p1|3\n|teamsize|p2|3\n|start\n|switch|p1a: Charizard|Charizard, L50, F|100/100\n|switch|p2a: Garchomp|Garchomp, L50, F|100/100\n|turn|1\n|\n|t:|1775974876\n|switch|p1a: Hippowdon|Hippowdon, L50, F|100/100\n|-weather|Sandstorm|[from] ability: Sand Stream|[of] p1a: Hippowdon\n|move|p2a: Garchomp|Stealth Rock|p1a: Hippowdon\n|-sidestart|p1: SongGwanSeop|move: Stealth Rock\n|\n|-weather|Sandstorm|[upkeep]\n|upkeep\n|turn|2\n|\n|t:|1775974889\n|move|p2a: Garchomp|Earthquake|p1a: Hippowdon\n|-damage|p1a: Hippowdon|72/100\n|move|p1a: Hippowdon|Stealth Rock|p2a: Garchomp\n|-sidestart|p2: baesy0207|move: Stealth Rock\n|\n|-weather|Sandstorm|[upkeep]\n|upkeep\n|turn|3\n|\n|t:|1775974894\n|move|p2a: Garchomp|Earthquake|p1a: Hippowdon\n|-damage|p1a: Hippowdon|39/100\n|-enditem|p1a: Hippowdon|Sitrus Berry|[eat]\n|-heal|p1a: Hippowdon|63/100|[from] item: Sitrus Berry\n|move|p1a: Hippowdon|Yawn|p2a: Garchomp\n|-start|p2a: Garchomp|move: Yawn|[of] p1a: Hippowdon\n|\n|-weather|Sandstorm|[upkeep]\n|upkeep\n|turn|4\n|\n|t:|1775974901\n|switch|p2a: Corviknight|Corviknight, L50, M|100/100\n|-damage|p2a: Corviknight|88/100|[from] Stealth Rock\n|-ability|p2a: Corviknight|Pressure\n|move|p1a: Hippowdon|Yawn|p2a: Corviknight\n|-start|p2a: Corviknight|move: Yawn|[of] p1a: Hippowdon\n|\n|-weather|Sandstorm|[upkeep]\n|-heal|p2a: Corviknight|94/100|[from] item: Leftovers\n|upkeep\n|turn|5\n|\n|t:|1775974907\n|move|p2a: Corviknight|U-turn|p1a: Hippowdon\n|-damage|p1a: Hippowdon|55/100\n|\n|t:|1775974912\n|switch|p2a: Lopunny|Lopunny, L50, F|100/100|[from] U-turn\n|-damage|p2a: Lopunny|89/100|[from] Stealth Rock\n|move|p1a: Hippowdon|Slack Off|p1a: Hippowdon\n|-heal|p1a: Hippowdon|100/100\n|\n|-weather|none\n|upkeep\n|turn|6\n|\n|t:|1775974918\n|detailschange|p2a: Lopunny|Lopunny-Mega, L50, F\n|-mega|p2a: Lopunny|Lopunny|Lopunnite\n|move|p2a: Lopunny|Fake Out|p1a: Hippowdon\n|-damage|p1a: Hippowdon|87/100\n|cant|p1a: Hippowdon|flinch\n|\n|upkeep\n|turn|7\n|\n|t:|1775974926\n|move|p2a: Lopunny|Facade|p1a: Hippowdon\n|-damage|p1a: Hippowdon|63/100\n|move|p1a: Hippowdon|Yawn|p2a: Lopunny\n|-start|p2a: Lopunny|move: Yawn|[of] p1a: Hippowdon\n|\n|upkeep\n|turn|8\n|\n|t:|1775974930\n|move|p2a: Lopunny|U-turn|p1a: Hippowdon\n|-damage|p1a: Hippowdon|47/100\n|\n|t:|1775974934\n|switch|p2a: Corviknight|Corviknight, L50, M|94/100|[from] U-turn\n|-damage|p2a: Corviknight|82/100|[from] Stealth Rock\n|-ability|p2a: Corviknight|Pressure\n|move|p1a: Hippowdon|Yawn|p2a: Corviknight\n|-start|p2a: Corviknight|move: Yawn|[of] p1a: Hippowdon\n|\n|-heal|p2a: Corviknight|88/100|[from] item: Leftovers\n|upkeep\n|turn|9\n|\n|t:|1775974937\n|move|p2a: Corviknight|U-turn|p1a: Hippowdon\n|-damage|p1a: Hippowdon|38/100\n|\n|t:|1775974942\n|switch|p2a: Lopunny|Lopunny-Mega, L50, F|89/100|[from] U-turn\n|-damage|p2a: Lopunny|83/100|[from] Stealth Rock\n|move|p1a: Hippowdon|Slack Off|p1a: Hippowdon\n|-heal|p1a: Hippowdon|88/100\n|\n|upkeep\n|turn|10\n|\n|t:|1775974947\n|move|p2a: Lopunny|Fake Out|p1a: Hippowdon\n|-damage|p1a: Hippowdon|75/100\n|cant|p1a: Hippowdon|flinch\n|\n|upkeep\n|turn|11\n|\n|t:|1775974950\n|move|p2a: Lopunny|Facade|p1a: Hippowdon\n|-damage|p1a: Hippowdon|52/100\n|move|p1a: Hippowdon|Yawn|p2a: Lopunny\n|-start|p2a: Lopunny|move: Yawn|[of] p1a: Hippowdon\n|\n|upkeep\n|turn|12\n|\n|t:|1775974964\n|move|p2a: Lopunny|U-turn|p1a: Hippowdon\n|-damage|p1a: Hippowdon|37/100\n|\n|t:|1775974967\n|switch|p2a: Corviknight|Corviknight, L50, M|88/100|[from] U-turn\n|-damage|p2a: Corviknight|76/100|[from] Stealth Rock\n|-ability|p2a: Corviknight|Pressure\n|move|p1a: Hippowdon|Slack Off|p1a: Hippowdon\n|-heal|p1a: Hippowdon|87/100\n|\n|-heal|p2a: Corviknight|81/100|[from] item: Leftovers\n|upkeep\n|turn|13\n|\n|t:|1775974970\n|move|p2a: Corviknight|Iron Defense|p2a: Corviknight\n|-boost|p2a: Corviknight|def|2\n|move|p1a: Hippowdon|Yawn|p2a: Corviknight\n|-start|p2a: Corviknight|move: Yawn|[of] p1a: Hippowdon\n|\n|-heal|p2a: Corviknight|87/100|[from] item: Leftovers\n|upkeep\n|turn|14\n|\n|t:|1775974984\n|move|p2a: Corviknight|U-turn|p1a: Hippowdon\n|-damage|p1a: Hippowdon|78/100\n|\n|t:|1775974987\n|switch|p2a: Garchomp|Garchomp, L50, F|100/100|[from] U-turn\n|-damage|p2a: Garchomp|94/100|[from] Stealth Rock\n|move|p1a: Hippowdon|Earthquake|p2a: Garchomp\n|-damage|p2a: Garchomp|55/100\n|\n|upkeep\n|turn|15\n|\n|t:|1775974994\n|move|p2a: Garchomp|Earthquake|p1a: Hippowdon\n|-damage|p1a: Hippowdon|47/100\n|move|p1a: Hippowdon|Yawn|p2a: Garchomp\n|-start|p2a: Garchomp|move: Yawn|[of] p1a: Hippowdon\n|\n|upkeep\n|turn|16\n|inactive|SongGwanSeop has 30 seconds left.\n|\n|t:|1775975027\n|switch|p2a: Corviknight|Corviknight, L50, M|87/100\n|-damage|p2a: Corviknight|75/100|[from] Stealth Rock\n|-ability|p2a: Corviknight|Pressure\n|move|p1a: Hippowdon|Yawn|p2a: Corviknight\n|-start|p2a: Corviknight|move: Yawn|[of] p1a: Hippowdon\n|\n|-heal|p2a: Corviknight|81/100|[from] item: Leftovers\n|upkeep\n|turn|17\n|\n|t:|1775975038\n|switch|p2a: Garchomp|Garchomp, L50, F|55/100\n|-damage|p2a: Garchomp|49/100|[from] Stealth Rock\n|move|p1a: Hippowdon|Slack Off|p1a: Hippowdon\n|-heal|p1a: Hippowdon|97/100\n|\n|upkeep\n|turn|18\n|\n|t:|1775975045\n|move|p2a: Garchomp|Outrage|p1a: Hippowdon\n|-crit|p1a: Hippowdon\n|-damage|p1a: Hippowdon|38/100\n|move|p1a: Hippowdon|Earthquake|p2a: Garchomp\n|-damage|p2a: Garchomp|8/100\n|\n|upkeep\n|turn|19\n|\n|t:|1775975050\n|move|p2a: Garchomp|Outrage|p1a: Hippowdon|[from] lockedmove\n|-damage|p1a: Hippowdon|0 fnt\n|faint|p1a: Hippowdon\n|\n|upkeep\n|\n|t:|1775975056\n|switch|p1a: Hydreigon|Hydreigon, L50, M|100/100\n|-damage|p1a: Hydreigon|89/100|[from] Stealth Rock\n|turn|20\n|-message|SongGwanSeop forfeited.\n|\n|win|baesy0207\n",
  "uploadtime": 1775974858,
  "views": 7,
  "formatid": "gen9championsbssregma",
  "rating": null,
  "private": 0,
  "password": null
}