{
  "id": "gen9championsbssregma-2583934034",
  "format": "[Gen 9 Champions] BSS Reg M-A",
  "players": [
    "ketchuphi",
    "powertryhard"
  ],
  "log": "|j|\u2606ketchuphi\n|j|\u2606powertryhard\n|t:|1776209609\n|gametype|singles\n|player|p1|ketchuphi|1|1149\n|player|p2|powertryhard|1|1155\n|gen|9\n|tier|[Gen 9 Champions] BSS Reg M-A\n|rated|\n|rule|Species Clause: Limit one of each Pok\u00e9mon\n|rule|Item Clause: Limit 1 of each item\n|clearpoke\n|poke|p1|Garchomp, L50, M|\n|poke|p1|Primarina, L50, F|\n|poke|p1|Corviknight, L50, M|\n|poke|p1|Meowscarada, L50, M|\n|poke|p1|Froslass, L50, F|\n|poke|p1|Incineroar, L50, F|\n|poke|p2|Toxapex, L50, F|\n|poke|p2|Clefable, L50, F|\n|poke|p2|Gengar, L50, M|\n|poke|p2|Farigiraf, L50, F|\n|poke|p2|Espathra, L50, M|\n|poke|p2|Basculegion, L50, M|\n|teampreview|3\n|\n|t:|1776209632\n|teamsize|p1|3\n|teamsize|p2|3\n|start\n|switch|p1a: Meowscarada|Meowscarada, L50, M|100/100\n|switch|p2a: Espathra|Espathra, L50, M|100/100\n|turn|1\n|\n|t:|1776209640\n|move|p2a: Espathra|Protect|p2a: Espathra\n|-singleturn|p2a: Espathra|Protect\n|move|p1a: Meowscarada|Knock Off|p2a: Espathra\n|-start|p1a: Meowscarada|typechange|Dark|[from] ability: Protean\n|-activate|p2a: Espathra|move: Protect\n|\n|-ability|p2a: Espathra|Speed Boost|boost\n|-boost|p2a: Espathra|spe|1\n|upkeep\n|turn|2\n|\n|t:|1776209650\n|move|p1a: Meowscarada|Knock Off|p2a: Espathra\n|-supereffective|p2a: Espathra|1\n|-damage|p2a: Espathra|19/100\n|-enditem|p2a: Espathra|Focus Sash|[from] move: Knock Off|[of] p1a: Meowscarada\n|move|p2a: Espathra|Calm Mind|p2a: Espathra\n|-boost|p2a: Espathra|spa|1\n|-boost|p2a: Espathra|spd|1\n|\n|-ability|p2a: Espathra|Speed Boost|boost\n|-boost|p2a: Espathra|spe|1\n|upkeep\n|turn|3\n|\n|t:|1776209667\n|move|p2a: Espathra|Protect|p2a: Espathra\n|-singleturn|p2a: Espathra|Protect\n|move|p1a: Meowscarada|Knock Off|p2a: Espathra\n|-activate|p2a: Espathra|move: Protect\n|\n|-ability|p2a: Espathra|Speed Boost|boost\n|-boost|p2a: Espathra|spe|1\n|upkeep\n|turn|4\n|inactive|Battle timer is ON: inactive players will automatically lose when time's up. (requested by powertryhard)\n|\n|t:|1776209672\n|move|p2a: Espathra|Baton Pass|p2a: Espathra\n|\n|t:|1776209673\n|switch|p2a: Clefable|Clefable, L50, F|100/100|[from] Baton Pass\n|move|p1a: Meowscarada|Knock Off|p2a: Clefable\n|-resisted|p2a: Clefable|1\n|-damage|p2a: Clefable|87/100\n|\n|upkeep\n|turn|5\n|\n|t:|1776209686\n|move|p2a: Clefable|Cosmic Power|p2a: Clefable\n|-boost|p2a: Clefable|def|1\n|-boost|p2a: Clefable|spd|1\n|move|p1a: Meowscarada|Flower Trick|p2a: Clefable\n|-crit|p2a: Clefable\n|-damage|p2a: Clefable|58/100\n|\n|upkeep\n|turn|6\n|\n|t:|1776209705\n|move|p2a: Clefable|Cosmic Power|p2a: Clefable\n|-boost|p2a: Clefable|def|1\n|-boost|p2a: Clefable|spd|1\n|move|p1a: Meowscarada|U-turn|p2a: Clefable\n|-resisted|p2a: Clefable|1\n|-damage|p2a: Clefable|54/100\n|\n|t:|1776209712\n|switch|p1a: Primarina|Primarina, L50, F|100/100|[from] U-turn\n|\n|upkeep\n|turn|7\n|\n|t:|1776209718\n|move|p2a: Clefable|Moonlight|p2a: Clefable\n|-heal|p2a: Clefable|100/100\n|move|p1a: Primarina|Calm Mind|p1a: Primarina\n|-boost|p1a: Primarina|spa|1\n|-boost|p1a: Primarina|spd|1\n|\n|upkeep\n|turn|8\n|\n|t:|1776209726\n|move|p2a: Clefable|Cosmic Power|p2a: Clefable\n|-boost|p2a: Clefable|def|1\n|-boost|p2a: Clefable|spd|1\n|move|p1a: Primarina|Calm Mind|p1a: Primarina\n|-boost|p1a: Primarina|spa|1\n|-boost|p1a: Primarina|spd|1\n|\n|upkeep\n|turn|9\n|\n|t:|1776209750\n|move|p2a: Clefable|Baton Pass|p2a: Clefable\n|\n|t:|1776209752\n|switch|p2a: Farigiraf|Farigiraf, L50, F|100/100|[from] Baton Pass\n|move|p1a: Primarina|Calm Mind|p1a: Primarina\n|-boost|p1a: Primarina|spa|1\n|-boost|p1a: Primarina|spd|1\n|\n|upkeep\n|turn|10\n|\n|t:|1776209764\n|move|p2a: Farigiraf|Nasty Plot|p2a: Farigiraf\n|-boost|p2a: Farigiraf|spa|2\n|move|p1a: Primarina|Calm Mind|p1a: Primarina\n|-boost|p1a: Primarina|spa|1\n|-boost|p1a: Primarina|spd|1\n|\n|upkeep\n|turn|11\n|\n|t:|1776209784\n|move|p2a: Farigiraf|Nasty Plot|p2a: Farigiraf\n|-boost|p2a: Farigiraf|spa|2\n|move|p1a: Primarina|Calm Mind|p1a: Primarina\n|-boost|p1a: Primarina|spa|1\n|-boost|p1a: Primarina|spd|1\n|\n|upkeep\n|turn|12\n|\n|t:|1776209790\n|move|p2a: Farigiraf|Baton Pass|p2a: Farigiraf\n|\n|t:|1776209792\n|switch|p2a: Clefable|Clefable, L50, F|100/100|[from] Baton Pass\n|move|p1a: Primarina|Calm Mind|p1a: Primarina\n|-boost|p1a: Primarina|spa|1\n|-boost|p1a: Primarina|spd|1\n|\n|upkeep\n|turn|13\n|\n|t:|1776209806\n|move|p2a: Clefable|Cosmic Power|p2a: Clefable\n|-boost|p2a: Clefable|def|1\n|-boost|p2a: Clefable|spd|1\n|move|p1a: Primarina|Sparkling Aria|p2a: Clefable\n|-damage|p2a: Clefable|89/100\n|\n|upkeep\n|turn|14\n|\n|t:|1776209814\n|move|p2a: Clefable|Cosmic Power|p2a: Clefable\n|-boost|p2a: Clefable|def|1\n|-boost|p2a: Clefable|spd|1\n|move|p1a: Primarina|Psychic|p2a: Clefable\n|-damage|p2a: Clefable|80/100\n|-unboost|p2a: Clefable|spd|1\n|\n|upkeep\n|turn|15\n|\n|t:|1776209829\n|move|p2a: Clefable|Cosmic Power|p2a: Clefable\n|-boost|p2a: Clefable|def|1\n|-boost|p2a: Clefable|spd|1\n|move|p1a: Primarina|Sparkling Aria|p2a: Clefable\n|-damage|p2a: Clefable|68/100\n|\n|upkeep\n|turn|16\n|\n|t:|1776209844\n|move|p2a: Clefable|Flamethrower|p1a: Primarina\n|-resisted|p1a: Primarina|1\n|-damage|p1a: Primarina|74/100\n|move|p1a: Primarina|Sparkling Aria|p2a: Clefable\n|-damage|p2a: Clefable|58/100\n|\n|-heal|p1a: Primarina|80/100|[from] item: Leftovers\n|upkeep\n|turn|17\n|j| GF 66\n|\n|t:|1776209854\n|move|p2a: Clefable|Moonlight|p2a: Clefable\n|-heal|p2a: Clefable|100/100\n|move|p1a: Primarina|Moonblast|p2a: Clefable\n|-damage|p2a: Clefable|89/100\n|\n|-heal|p1a: Primarina|86/100|[from] item: Leftovers\n|upkeep\n|turn|18\n|inactive|ketchuphi has 30 seconds left.\n|inactive|ketchuphi has 20 seconds left.\n|inactive|ketchuphi has 15 seconds left.\n|inactive|ketchuphi has 10 seconds left.\n|inactive|ketchuphi has 5 seconds left.\n|\n|t:|1776209909\n|move|p2a: Clefable|Flamethrower|p1a: Primarina\n|-resisted|p1a: Primarina|1\n|-damage|p1a: Primarina|57/100\n|move|p1a: Primarina|Sparkling Aria|p2a: Clefable\n|-damage|p2a: Clefable|77/100\n|\n|-heal|p1a: Primarina|63/100|[from] item: Leftovers\n|upkeep\n|turn|19\n|inactive|ketchuphi has 30 seconds left.\n|inactive|ketchuphi has 20 seconds left.\n|inactive|ketchuphi has 15 seconds left.\n|inactive|ketchuphi has 10 seconds left.\n|inactive|ketchuphi has 5 seconds left.\n|\n|t:|1776209964\n|move|p2a: Clefable|Flamethrower|p1a: Primarina\n|-resisted|p1a: Primarina|1\n|-damage|p1a: Primarina|32/100\n|move|p1a: Primarina|Sparkling Aria|p2a: Clefable\n|-damage|p2a: Clefable|60/100\n|\n|-heal|p1a: Primarina|38/100|[from] item: Leftovers\n|upkeep\n|turn|20\n|inactive|ketchuphi has 30 seconds left.\n|inactive|ketchuphi has 20 seconds left.\n|inactive|ketchuphi has 15 seconds left.\n|inactive|ketchuphi has 10 seconds left.\n|inactive|ketchuphi has 5 seconds left.\n|\n|t:|1776210019\n|move|p2a: Clefable|Moonlight|p2a: Clefable\n|-heal|p2a: Clefable|100/100\n|move|p1a: Primarina|Sparkling Aria|p2a: Clefable\n|-damage|p2a: Clefable|90/100\n|\n|-heal|p1a: Primarina|44/100|[from] item: Leftovers\n|upkeep\n|turn|21\n|inactive|ketchuphi has 30 seconds left.\n|-message|ketchuphi forfeited.\n|\n|win|powertryhard\n|raw|ketchuphi's rating: 1149 &rarr; <strong>1124</strong><br />(-25 for losing)\n|raw|powertryhard's rating: 1155 &rarr; <strong>1180</strong><br />(+25 for winning)\n|l|\u2606ketchuphi\n|player|p1|\n|l|\u2606powertryhard\n|player|p2|\n",
  "uploadtime": 1776210368,
  "views": 5,
  "formatid": "gen9championsbssregma",
  "rating": 1124,
  "private": 0,
  "password": null
}