{
  "id": "gen9championsbssregma-2587993186",
  "format": "[Gen 9 Champions] BSS Reg M-A",
  "players": [
    "5L2",
    "jaxsha"
  ],
  "log": "|j|\u26065L2\n|j|\u2606jaxsha\n|t:|1776590023\n|gametype|singles\n|player|p1|5L2|265|1103\n|player|p2|jaxsha|1|1178\n|gen|9\n|tier|[Gen 9 Champions] BSS Reg M-A\n|rated|\n|rule|Species Clause: Limit one of each Pok\u00e9mon\n|rule|Item Clause: Limit 1 of each item\n|clearpoke\n|poke|p1|Altaria, L50, F, shiny|\n|poke|p1|Chimecho, L50, F|\n|poke|p1|Diggersby, L50, M|\n|poke|p1|Tauros, L50, M|\n|poke|p1|Skarmory, L50, M|\n|poke|p1|Greninja, L50, M|\n|poke|p2|Meowscarada, L50, M|\n|poke|p2|Scizor, L50, M|\n|poke|p2|Rotom-Wash, L50|\n|poke|p2|Charizard, L50, F|\n|poke|p2|Primarina, L50, F|\n|poke|p2|Garchomp, L50, F|\n|teampreview|3\n|inactive|Battle timer is ON: inactive players will automatically lose when time's up. (requested by 5L2)\n|inactive|5L2 has 60 seconds left.\n|inactive|jaxsha has 60 seconds left.\n|inactive|jaxsha has 30 seconds left.\n|\n|t:|1776590089\n|teamsize|p1|3\n|teamsize|p2|3\n|start\n|switch|p1a: Skarmory|Skarmory, L50, M|100/100\n|switch|p2a: Charizard|Charizard, L50, F|100/100\n|turn|1\n|\n|t:|1776590108\n|detailschange|p2a: Charizard|Charizard-Mega-Y, L50, F\n|-mega|p2a: Charizard|Charizard|Charizardite Y\n|-weather|SunnyDay|[from] ability: Drought|[of] p2a: Charizard\n|move|p2a: Charizard|Weather Ball|p1a: Skarmory\n|-supereffective|p1a: Skarmory|1\n|-ability|p1a: Skarmory|Sturdy\n|-damage|p1a: Skarmory|1/100\n|move|p1a: Skarmory|Stealth Rock|p2a: Charizard\n|-sidestart|p2: jaxsha|move: Stealth Rock\n|\n|-weather|SunnyDay|[upkeep]\n|upkeep\n|turn|2\n|\n|t:|1776590120\n|move|p2a: Charizard|Flame Charge|p1a: Skarmory\n|-supereffective|p1a: Skarmory|1\n|-damage|p1a: Skarmory|0 fnt\n|-boost|p2a: Charizard|spe|1\n|faint|p1a: Skarmory\n|\n|-weather|SunnyDay|[upkeep]\n|upkeep\n|\n|t:|1776590133\n|switch|p1a: Tauros|Tauros, L50, M|100/100\n|turn|3\n|\n|t:|1776590150\n|move|p2a: Charizard|Weather Ball|p1a: Tauros\n|-damage|p1a: Tauros|0 fnt\n|faint|p1a: Tauros\n|\n|-weather|SunnyDay|[upkeep]\n|upkeep\n|\n|t:|1776590152\n|switch|p1a: Altaria|Altaria, L50, F, shiny|100/100\n|-ability|p1a: Altaria|Cloud Nine\n|turn|4\n|\n|t:|1776590176\n|detailschange|p1a: Altaria|Altaria-Mega, L50, F, shiny\n|-mega|p1a: Altaria|Altaria|Altarianite\n|move|p2a: Charizard|Overheat|p1a: Altaria\n|-resisted|p1a: Altaria|1\n|-damage|p1a: Altaria|61/100\n|-unboost|p2a: Charizard|spa|2\n|move|p1a: Altaria|Hyper Voice|p2a: Charizard\n|-resisted|p2a: Charizard|1\n|-damage|p2a: Charizard|81/100\n|\n|-weather|SunnyDay|[upkeep]\n|upkeep\n|turn|5\n|\n|t:|1776590194\n|move|p2a: Charizard|Overheat|p1a: Altaria\n|-resisted|p1a: Altaria|1\n|-damage|p1a: Altaria|41/100\n|-unboost|p2a: Charizard|spa|2\n|move|p1a: Altaria|Roost|p1a: Altaria\n|-heal|p1a: Altaria|91/100\n|-singleturn|p1a: Altaria|move: Roost\n|\n|-weather|none\n|upkeep\n|turn|6\n|\n|t:|1776590203\n|switch|p2a: Scizor|Scizor, L50, M|100/100\n|-damage|p2a: Scizor|88/100|[from] Stealth Rock\n|move|p1a: Altaria|Cotton Guard|p1a: Altaria\n|-boost|p1a: Altaria|def|3\n|\n|upkeep\n|turn|7\n|\n|t:|1776590221\n|switch|p2a: Rotom|Rotom-Wash, L50|100/100\n|-damage|p2a: Rotom|89/100|[from] Stealth Rock\n|move|p1a: Altaria|Cotton Guard|p1a: Altaria\n|-boost|p1a: Altaria|def|3\n|\n|upkeep\n|turn|8\n|\n|t:|1776590229\n|move|p2a: Rotom|Trick||[still]\n|-fail|p2a: Rotom\n|move|p1a: Altaria|Fire Spin|p2a: Rotom\n|-resisted|p2a: Rotom|1\n|-damage|p2a: Rotom|83/100\n|-activate|p2a: Rotom|move: Fire Spin|[of] p1a: Altaria\n|\n|-damage|p2a: Rotom|71/100|[from] move: Fire Spin|[partiallytrapped]\n|upkeep\n|turn|9\n|\n|t:|1776590247\n|move|p2a: Rotom|Trick||[still]\n|-fail|p2a: Rotom\n|move|p1a: Altaria|Hyper Voice|p2a: Rotom\n|-damage|p2a: Rotom|15/100\n|\n|-damage|p2a: Rotom|3/100|[from] move: Fire Spin|[partiallytrapped]\n|upkeep\n|turn|10\n|\n|t:|1776590255\n|move|p2a: Rotom|Trick||[still]\n|-fail|p2a: Rotom\n|move|p1a: Altaria|Roost|p1a: Altaria\n|-heal|p1a: Altaria|100/100\n|-singleturn|p1a: Altaria|move: Roost\n|\n|-damage|p2a: Rotom|0 fnt|[from] move: Fire Spin|[partiallytrapped]\n|faint|p2a: Rotom\n|upkeep\n|\n|t:|1776590264\n|switch|p2a: Charizard|Charizard-Mega-Y, L50, F|81/100\n|-damage|p2a: Charizard|31/100|[from] Stealth Rock\n|-weather|SunnyDay|[from] ability: Drought|[of] p2a: Charizard\n|turn|11\n|\n|t:|1776590270\n|move|p2a: Charizard|Weather Ball|p1a: Altaria\n|-resisted|p1a: Altaria|1\n|-damage|p1a: Altaria|72/100\n|move|p1a: Altaria|Hyper Voice|p2a: Charizard\n|-resisted|p2a: Charizard|1\n|-damage|p2a: Charizard|12/100\n|\n|-weather|SunnyDay|[upkeep]\n|upkeep\n|turn|12\n|\n|t:|1776590279\n|move|p2a: Charizard|Overheat|p1a: Altaria\n|-resisted|p1a: Altaria|1\n|-damage|p1a: Altaria|32/100\n|-unboost|p2a: Charizard|spa|2\n|move|p1a: Altaria|Hyper Voice|p2a: Charizard\n|-resisted|p2a: Charizard|1\n|-damage|p2a: Charizard|0 fnt\n|faint|p2a: Charizard\n|\n|-weather|SunnyDay|[upkeep]\n|upkeep\n|\n|t:|1776590290\n|switch|p2a: Scizor|Scizor, L50, M|88/100\n|-damage|p2a: Scizor|76/100|[from] Stealth Rock\n|turn|13\n|\n|t:|1776590294\n|move|p2a: Scizor|Bullet Punch|p1a: Altaria\n|-supereffective|p1a: Altaria|1\n|-damage|p1a: Altaria|16/100\n|move|p1a: Altaria|Roost|p1a: Altaria\n|-heal|p1a: Altaria|66/100\n|-singleturn|p1a: Altaria|move: Roost\n|\n|-weather|SunnyDay|[upkeep]\n|upkeep\n|turn|14\n|-message|jaxsha forfeited.\n|\n|win|5L2\n|raw|5L2's rating: 1103 &rarr; <strong>1133</strong><br />(+30 for winning)\n|raw|jaxsha's rating: 1178 &rarr; <strong>1148</strong><br />(-30 for losing)\n",
  "uploadtime": 1776590304,
  "views": 9,
  "formatid": "gen9championsbssregma",
  "rating": 1133,
  "private": 0,
  "password": null
}