{
  "id": "gen9championsbssregma-2588570012",
  "format": "[Gen 9 Champions] BSS Reg M-A",
  "players": [
    "UtopicTurtle",
    "seiyokumazinX"
  ],
  "log": "|j|\u2606UtopicTurtle\n|j|\u2606seiyokumazinX\n|t:|1776645969\n|gametype|singles\n|player|p1|UtopicTurtle|drayden|1239\n|player|p2|seiyokumazinX|pokemaniac|1250\n|gen|9\n|tier|[Gen 9 Champions] BSS Reg M-A\n|rated|\n|rule|Species Clause: Limit one of each Pok\u00e9mon\n|rule|Item Clause: Limit 1 of each item\n|clearpoke\n|poke|p1|Toxapex, L50, F|\n|poke|p1|Hydreigon, L50, F|\n|poke|p1|Lucario, L50, M|\n|poke|p1|Garchomp, L50, F|\n|poke|p1|Rotom-Heat, L50|\n|poke|p1|Hatterene, L50, F|\n|poke|p2|Scovillain, L50, M, shiny|\n|poke|p2|Slowking-Galar, L50, M|\n|poke|p2|Tyranitar, L50, M|\n|poke|p2|Corviknight, L50, M|\n|poke|p2|Azumarill, L50, F|\n|poke|p2|Maushold-Four, L50|\n|teampreview|3\n|j| RevenantBDSP\n|\n|t:|1776646001\n|teamsize|p1|3\n|teamsize|p2|3\n|start\n|switch|p1a: Rotom|Rotom-Heat, L50|100/100\n|switch|p2a: Scovillain|Scovillain, L50, M, shiny|100/100\n|turn|1\n|\n|t:|1776646012\n|detailschange|p2a: Scovillain|Scovillain-Mega, L50, M, shiny\n|-mega|p2a: Scovillain|Scovillain|Scovillainite\n|move|p1a: Rotom|Nasty Plot|p1a: Rotom\n|-boost|p1a: Rotom|spa|2\n|move|p2a: Scovillain|Leech Seed|p1a: Rotom\n|-start|p1a: Rotom|move: Leech Seed\n|\n|-damage|p1a: Rotom|88/100|[from] Leech Seed|[of] p2a: Scovillain\n|upkeep\n|turn|2\n|\n|t:|1776646022\n|switch|p2a: Tyranitar|Tyranitar, L50, M|100/100\n|-weather|Sandstorm|[from] ability: Sand Stream|[of] p2a: Tyranitar\n|move|p1a: Rotom|Overheat|p2a: Tyranitar\n|-resisted|p2a: Tyranitar|1\n|-damage|p2a: Tyranitar|75/100\n|-unboost|p1a: Rotom|spa|2\n|\n|-weather|Sandstorm|[upkeep]\n|-damage|p1a: Rotom|83/100|[from] Sandstorm\n|-heal|p2a: Tyranitar|81/100|[from] item: Leftovers\n|-damage|p1a: Rotom|71/100|[from] Leech Seed|[of] p2a: Tyranitar\n|-heal|p2a: Tyranitar|88/100|[silent]\n|upkeep\n|turn|3\n|\n|t:|1776646037\n|switch|p1a: Lucario|Lucario, L50, M|100/100\n|move|p2a: Tyranitar|Ice Punch|p1a: Lucario\n|-resisted|p1a: Lucario|1\n|-damage|p1a: Lucario|83/100\n|\n|-weather|Sandstorm|[upkeep]\n|-heal|p2a: Tyranitar|94/100|[from] item: Leftovers\n|upkeep\n|turn|4\n|\n|t:|1776646052\n|switch|p2a: Scovillain|Scovillain-Mega, L50, M, shiny|100/100\n|detailschange|p1a: Lucario|Lucario-Mega, L50, M\n|-mega|p1a: Lucario|Lucario|Lucarionite\n|move|p1a: Lucario|Earthquake|p2a: Scovillain\n|-damage|p2a: Scovillain|64/100\n|-status|p1a: Lucario|brn|[from] ability: Spicy Spray|[of] p2a: Scovillain\n|\n|-weather|Sandstorm|[upkeep]\n|-damage|p2a: Scovillain|59/100|[from] Sandstorm\n|-damage|p1a: Lucario|76/100 brn|[from] brn\n|upkeep\n|turn|5\n|\n|t:|1776646076\n|switch|p1a: Rotom|Rotom-Heat, L50|71/100\n|move|p2a: Scovillain|Giga Drain|p1a: Rotom\n|-resisted|p1a: Rotom|1\n|-damage|p1a: Rotom|52/100\n|-heal|p2a: Scovillain|66/100|[from] drain|[of] p1a: Rotom\n|\n|-weather|Sandstorm|[upkeep]\n|-damage|p1a: Rotom|46/100|[from] Sandstorm\n|-damage|p2a: Scovillain|60/100|[from] Sandstorm\n|upkeep\n|turn|6\n|\n|t:|1776646090\n|switch|p2a: Tyranitar|Tyranitar, L50, M|94/100\n|move|p1a: Rotom|Will-O-Wisp|p2a: Tyranitar\n|-status|p2a: Tyranitar|brn\n|\n|-weather|none\n|-heal|p2a: Tyranitar|99/100 brn|[from] item: Leftovers\n|-damage|p2a: Tyranitar|94/100 brn|[from] brn\n|upkeep\n|turn|7\n|\n|t:|1776646106\n|switch|p1a: Lucario|Lucario-Mega, L50, M|76/100 brn\n|move|p2a: Tyranitar|Crunch|p1a: Lucario\n|-resisted|p1a: Lucario|1\n|-damage|p1a: Lucario|64/100 brn\n|\n|-heal|p2a: Tyranitar|99/100 brn|[from] item: Leftovers\n|-damage|p1a: Lucario|58/100 brn|[from] brn\n|-damage|p2a: Tyranitar|94/100 brn|[from] brn\n|upkeep\n|turn|8\n|\n|t:|1776646117\n|switch|p2a: Scovillain|Scovillain-Mega, L50, M, shiny|60/100\n|move|p1a: Lucario|Swords Dance|p1a: Lucario\n|-boost|p1a: Lucario|atk|2\n|\n|-damage|p1a: Lucario|52/100 brn|[from] brn\n|upkeep\n|turn|9\n|\n|t:|1776646126\n|move|p1a: Lucario|Earthquake|p2a: Scovillain\n|-damage|p2a: Scovillain|27/100\n|move|p2a: Scovillain|Burning Jealousy|p1a: Lucario\n|-supereffective|p1a: Lucario|1\n|-damage|p1a: Lucario|0 fnt\n|faint|p1a: Lucario\n|\n|upkeep\n|\n|t:|1776646135\n|switch|p1a: Rotom|Rotom-Heat, L50|46/100\n|turn|10\n|\n|t:|1776646139\n|switch|p2a: Tyranitar|Tyranitar, L50, M|94/100 brn\n|-weather|Sandstorm|[from] ability: Sand Stream|[of] p2a: Tyranitar\n|move|p1a: Rotom|Overheat|p2a: Tyranitar\n|-resisted|p2a: Tyranitar|1\n|-crit|p2a: Tyranitar\n|-damage|p2a: Tyranitar|72/100 brn\n|-unboost|p1a: Rotom|spa|2\n|\n|-weather|Sandstorm|[upkeep]\n|-damage|p1a: Rotom|40/100|[from] Sandstorm\n|-heal|p2a: Tyranitar|78/100 brn|[from] item: Leftovers\n|-damage|p2a: Tyranitar|72/100 brn|[from] brn\n|upkeep\n|turn|11\n|\n|t:|1776646153\n|move|p1a: Rotom|Nasty Plot|p1a: Rotom\n|-boost|p1a: Rotom|spa|2\n|move|p2a: Tyranitar|Ice Punch|p1a: Rotom\n|-resisted|p1a: Rotom|1\n|-damage|p1a: Rotom|35/100\n|-status|p1a: Rotom|frz\n|\n|-weather|Sandstorm|[upkeep]\n|-damage|p1a: Rotom|29/100 frz|[from] Sandstorm\n|-heal|p2a: Tyranitar|78/100 brn|[from] item: Leftovers\n|-damage|p2a: Tyranitar|72/100 brn|[from] brn\n|upkeep\n|turn|12\n|\n|t:|1776646166\n|-curestatus|p1a: Rotom|frz|[msg]\n|move|p1a: Rotom|Overheat|p2a: Tyranitar\n|-resisted|p2a: Tyranitar|1\n|-damage|p2a: Tyranitar|60/100 brn\n|-unboost|p1a: Rotom|spa|2\n|move|p2a: Tyranitar|Rock Blast|p1a: Rotom\n|-supereffective|p1a: Rotom|1\n|-damage|p1a: Rotom|16/100\n|-supereffective|p1a: Rotom|1\n|-damage|p1a: Rotom|4/100\n|-supereffective|p1a: Rotom|1\n|-damage|p1a: Rotom|0 fnt\n|faint|p1a: Rotom\n|-hitcount|p1: Rotom|3\n|\n|-weather|Sandstorm|[upkeep]\n|-heal|p2a: Tyranitar|66/100 brn|[from] item: Leftovers\n|-damage|p2a: Tyranitar|60/100 brn|[from] brn\n|upkeep\n|\n|t:|1776646183\n|switch|p1a: Hydreigon|Hydreigon, L50, F|100/100\n|turn|13\n|\n|t:|1776646189\n|move|p1a: Hydreigon|Surf|p2a: Tyranitar\n|-supereffective|p2a: Tyranitar|1\n|-damage|p2a: Tyranitar|32/100 brn\n|move|p2a: Tyranitar|Ice Punch|p1a: Hydreigon\n|-supereffective|p1a: Hydreigon|1\n|-damage|p1a: Hydreigon|73/100\n|\n|-weather|Sandstorm|[upkeep]\n|-damage|p1a: Hydreigon|67/100|[from] Sandstorm\n|-heal|p2a: Tyranitar|38/100 brn|[from] item: Leftovers\n|-damage|p2a: Tyranitar|32/100 brn|[from] brn\n|upkeep\n|turn|14\n|\n|t:|1776646201\n|move|p1a: Hydreigon|Surf|p2a: Tyranitar\n|-supereffective|p2a: Tyranitar|1\n|-damage|p2a: Tyranitar|4/100 brn\n|move|p2a: Tyranitar|Ice Punch|p1a: Hydreigon\n|-supereffective|p1a: Hydreigon|1\n|-damage|p1a: Hydreigon|40/100\n|-status|p1a: Hydreigon|frz\n|\n|-weather|none\n|-heal|p2a: Tyranitar|10/100 brn|[from] item: Leftovers\n|-damage|p2a: Tyranitar|4/100 brn|[from] brn\n|upkeep\n|turn|15\n|-message|UtopicTurtle forfeited.\n|\n|win|seiyokumazinX\n|raw|UtopicTurtle's rating: 1239 &rarr; <strong>1215</strong><br />(-24 for losing)\n|raw|seiyokumazinX's rating: 1250 &rarr; <strong>1274</strong><br />(+24 for winning)\n|l|\u2606UtopicTurtle\n|player|p1|\n|l|\u2606seiyokumazinX\n|player|p2|\n",
  "uploadtime": 1776646223,
  "views": 8,
  "formatid": "gen9championsbssregma",
  "rating": 1215,
  "private": 0,
  "password": null
}