{
  "id": "gen9championsbssregma-2584874907",
  "format": "[Gen 9 Champions] BSS Reg M-A",
  "players": [
    "Clown IRL",
    "mangerion"
  ],
  "log": "|j|\u2606Clown IRL\n|j|\u2606mangerion\n|t:|1776290601\n|gametype|singles\n|player|p1|Clown IRL|harlequin|1267\n|player|p2|mangerion|2|1391\n|gen|9\n|tier|[Gen 9 Champions] BSS Reg M-A\n|rated|\n|rule|Species Clause: Limit one of each Pok\u00e9mon\n|rule|Item Clause: Limit 1 of each item\n|clearpoke\n|poke|p1|Starmie, L50|\n|poke|p1|Pelipper, L50, F|\n|poke|p1|Chesnaught, L50, M|\n|poke|p1|Kleavor, L50, M|\n|poke|p1|Hydreigon, L50, F|\n|poke|p1|Toxapex, L50, M|\n|poke|p2|Glimmora, L50, F|\n|poke|p2|Garchomp, L50, F|\n|poke|p2|Gengar, L50, M|\n|poke|p2|Umbreon, L50, M|\n|poke|p2|Scizor, L50, M|\n|poke|p2|Rotom-Wash, L50|\n|teampreview|3\n|j| p74\n|\n|t:|1776290631\n|teamsize|p1|3\n|teamsize|p2|3\n|start\n|switch|p1a: Kleavor|Kleavor, L50, M|100/100\n|switch|p2a: Glimmora|Glimmora, L50, F|100/100\n|turn|1\n|\n|t:|1776290639\n|move|p2a: Glimmora|Power Gem|p1a: Kleavor\n|-supereffective|p1a: Kleavor|1\n|-enditem|p1a: Kleavor|Focus Sash\n|-damage|p1a: Kleavor|1/100\n|move|p1a: Kleavor|Stone Axe|p2a: Glimmora\n|-damage|p2a: Glimmora|26/100\n|-activate|p2a: Glimmora|ability: Toxic Debris\n|-sidestart|p1: Clown IRL|move: Toxic Spikes\n|-sidestart|p2: mangerion|move: Stealth Rock\n|\n|upkeep\n|turn|2\n|\n|t:|1776290650\n|move|p2a: Glimmora|Mortal Spin|p1a: Kleavor\n|-resisted|p1a: Kleavor|1\n|-damage|p1a: Kleavor|0 fnt\n|-sideend|p2: mangerion|Stealth Rock|[from] move: Mortal Spin|[of] p2a: Glimmora\n|faint|p1a: Kleavor\n|\n|upkeep\n|\n|t:|1776290656\n|switch|p1a: Minos Prime|Starmie, L50|100/100\n|-status|p1a: Minos Prime|psn\n|turn|3\n|\n|t:|1776290665\n|detailschange|p1a: Minos Prime|Starmie-Mega, L50\n|-mega|p1a: Minos Prime|Starmie|Starminite\n|move|p1a: Minos Prime|Flip Turn|p2a: Glimmora\n|-supereffective|p2a: Glimmora|1\n|-damage|p2a: Glimmora|0 fnt\n|-activate|p2a: Glimmora|ability: Toxic Debris\n|-sidestart|p1: Clown IRL|move: Toxic Spikes\n|faint|p2a: Glimmora\n|\n|t:|1776290668\n|switch|p1a: Pelipper|Pelipper, L50, F|100/100|[from] Flip Turn\n|-weather|RainDance|[from] ability: Drizzle|[of] p1a: Pelipper\n|\n|-weather|RainDance|[upkeep]\n|upkeep\n|\n|t:|1776290681\n|switch|p2a: Gengar|Gengar, L50, M|100/100\n|turn|4\n|\n|t:|1776290686\n|detailschange|p2a: Gengar|Gengar-Mega, L50, M\n|-mega|p2a: Gengar|Gengar|Gengarite\n|move|p2a: Gengar|Protect|p2a: Gengar\n|-singleturn|p2a: Gengar|Protect\n|move|p1a: Pelipper|Surf|p2a: Gengar\n|-activate|p2a: Gengar|move: Protect\n|\n|-weather|RainDance|[upkeep]\n|upkeep\n|turn|5\n|\n|t:|1776290696\n|move|p2a: Gengar|Sludge Wave|p1a: Pelipper\n|-damage|p1a: Pelipper|3/100\n|-enditem|p1a: Pelipper|Sitrus Berry|[eat]\n|-heal|p1a: Pelipper|28/100|[from] item: Sitrus Berry\n|move|p1a: Pelipper|Surf|p2a: Gengar\n|-damage|p2a: Gengar|16/100\n|\n|-weather|RainDance|[upkeep]\n|upkeep\n|turn|6\n|\n|t:|1776290706\n|move|p2a: Gengar|Sludge Wave|p1a: Pelipper\n|-damage|p1a: Pelipper|0 fnt\n|faint|p1a: Pelipper\n|\n|-weather|RainDance|[upkeep]\n|upkeep\n|\n|t:|1776290708\n|switch|p1a: Minos Prime|Starmie-Mega, L50|100/100 psn\n|turn|7\n|\n|t:|1776290715\n|move|p2a: Gengar|Protect|p2a: Gengar\n|-singleturn|p2a: Gengar|Protect\n|move|p1a: Minos Prime|Aqua Jet|p2a: Gengar\n|-activate|p2a: Gengar|move: Protect\n|\n|-weather|none\n|-damage|p1a: Minos Prime|88/100 psn|[from] psn\n|upkeep\n|turn|8\n|\n|t:|1776290724\n|move|p1a: Minos Prime|Aqua Jet|p2a: Gengar\n|-damage|p2a: Gengar|0 fnt\n|faint|p2a: Gengar\n|\n|-damage|p1a: Minos Prime|76/100 psn|[from] psn\n|upkeep\n|\n|t:|1776290731\n|switch|p2a: Umbreon|Umbreon, L50, M|100/100\n|turn|9\n|\n|t:|1776290735\n|move|p2a: Umbreon|Protect|p2a: Umbreon\n|-singleturn|p2a: Umbreon|Protect\n|move|p1a: Minos Prime|Liquidation|p2a: Umbreon\n|-activate|p2a: Umbreon|move: Protect\n|\n|-damage|p1a: Minos Prime|63/100 psn|[from] psn\n|upkeep\n|turn|10\n|\n|t:|1776290744\n|move|p1a: Minos Prime|Liquidation|p2a: Umbreon\n|-damage|p2a: Umbreon|49/100\n|move|p2a: Umbreon|Foul Play|p1a: Minos Prime\n|-supereffective|p1a: Minos Prime|1\n|-crit|p1a: Minos Prime\n|-damage|p1a: Minos Prime|0 fnt\n|faint|p1a: Minos Prime\n|\n|win|mangerion\n|raw|Clown IRL's rating: 1267 &rarr; <strong>1251</strong><br />(-16 for losing)\n|raw|mangerion's rating: 1391 &rarr; <strong>1404</strong><br />(+13 for winning)\n|c|\u2606Clown IRL|gg\n",
  "uploadtime": 1776290754,
  "views": 10,
  "formatid": "gen9championsbssregma",
  "rating": 1251,
  "private": 0,
  "password": null
}