{
  "id": "gen9championsbssregma-2588671629",
  "format": "[Gen 9 Champions] BSS Reg M-A",
  "players": [
    "meteor1101",
    "gkswldn"
  ],
  "log": "|j|\u2606meteor1101\n|j|\u2606gkswldn\n|t:|1776656050\n|gametype|singles\n|player|p1|meteor1101|acetrainerf|1256\n|player|p2|gkswldn|101|1338\n|gen|9\n|tier|[Gen 9 Champions] BSS Reg M-A\n|rated|\n|rule|Species Clause: Limit one of each Pok\u00e9mon\n|rule|Item Clause: Limit 1 of each item\n|clearpoke\n|poke|p1|Kingambit, L50, F|\n|poke|p1|Meowscarada, L50, M|\n|poke|p1|Basculegion, L50, M|\n|poke|p1|Mimikyu, L50, F|\n|poke|p1|Victreebel, L50, M|\n|poke|p1|Dragonite, L50, M|\n|poke|p2|Pelipper, L50, M|\n|poke|p2|Basculegion, L50, M|\n|poke|p2|Garchomp, L50, F|\n|poke|p2|Lucario, L50, M|\n|poke|p2|Meganium, L50, M|\n|poke|p2|Kingambit, L50, M|\n|teampreview|3\n|inactive|Battle timer is ON: inactive players will automatically lose when time's up. (requested by meteor1101)\n|\n|t:|1776656126\n|teamsize|p1|3\n|teamsize|p2|3\n|start\n|switch|p1a: Dragonite|Dragonite, L50, M|100/100\n|switch|p2a: Meganium|Meganium, L50, M|100/100\n|turn|1\n|\n|t:|1776656131\n|detailschange|p1a: Dragonite|Dragonite-Mega, L50, M\n|-mega|p1a: Dragonite|Dragonite|Dragoninite\n|detailschange|p2a: Meganium|Meganium-Mega, L50, M\n|-mega|p2a: Meganium|Meganium|Meganiumite\n|move|p1a: Dragonite|Air Slash|p2a: Meganium\n|-supereffective|p2a: Meganium|1\n|-damage|p2a: Meganium|17/100\n|cant|p2a: Meganium|flinch\n|\n|upkeep\n|turn|2\n|\n|t:|1776656138\n|switch|p2a: Kingambit|Kingambit, L50, M|100/100\n|move|p1a: Dragonite|Flamethrower|p2a: Kingambit\n|-supereffective|p2a: Kingambit|1\n|-damage|p2a: Kingambit|26/100\n|\n|-heal|p2a: Kingambit|32/100|[from] item: Leftovers\n|upkeep\n|turn|3\n|\n|t:|1776656147\n|move|p1a: Dragonite|Aqua Jet|p2a: Kingambit\n|-damage|p2a: Kingambit|25/100\n|move|p2a: Kingambit|Sucker Punch||[still]\n|-fail|p2a: Kingambit\n|\n|-heal|p2a: Kingambit|30/100|[from] item: Leftovers\n|upkeep\n|turn|4\n|\n|t:|1776656156\n|move|p2a: Kingambit|Sucker Punch|p1a: Dragonite\n|-damage|p1a: Dragonite|82/100\n|move|p1a: Dragonite|Flamethrower|p2a: Kingambit\n|-supereffective|p2a: Kingambit|1\n|-crit|p2a: Kingambit\n|-damage|p2a: Kingambit|0 fnt\n|faint|p2a: Kingambit\n|-end|p2a: Kingambit|fallenundefined|[silent]\n|\n|upkeep\n|\n|t:|1776656163\n|switch|p2a: Garchomp|Garchomp, L50, F|100/100\n|turn|5\n|\n|t:|1776656177\n|move|p2a: Garchomp|Outrage|p1a: Dragonite\n|-supereffective|p1a: Dragonite|1\n|-damage|p1a: Dragonite|0 fnt\n|faint|p1a: Dragonite\n|\n|upkeep\n|\n|t:|1776656179\n|switch|p1a: Meowscarada|Meowscarada, L50, M|100/100\n|turn|6\n|\n|t:|1776656183\n|move|p1a: Meowscarada|Triple Axel|p2a: Garchomp\n|-start|p1a: Meowscarada|typechange|Ice|[from] ability: Protean\n|-supereffective|p2a: Garchomp|2\n|-damage|p2a: Garchomp|61/100\n|-damage|p1a: Meowscarada|88/100|[from] ability: Rough Skin|[of] p2a: Garchomp\n|-hitcount|p2a: Garchomp|1\n|move|p2a: Garchomp|Outrage|p1a: Meowscarada|[from] lockedmove\n|-damage|p1a: Meowscarada|0 fnt\n|faint|p1a: Meowscarada\n|-start|p2a: Garchomp|confusion|[fatigue]\n|\n|upkeep\n|\n|t:|1776656192\n|switch|p1a: Basculegion|Basculegion, L50, M|100/100\n|turn|7\n|\n|t:|1776656199\n|switch|p2a: Meganium|Meganium-Mega, L50, M|17/100\n|move|p1a: Basculegion|Last Respects|p2a: Meganium\n|-damage|p2a: Meganium|0 fnt\n|faint|p2a: Meganium\n|\n|upkeep\n|\n|t:|1776656205\n|switch|p2a: Garchomp|Garchomp, L50, F|61/100\n|turn|8\n|\n|t:|1776656208\n|move|p2a: Garchomp|Outrage|p1a: Basculegion\n|-damage|p1a: Basculegion|20/100\n|move|p1a: Basculegion|Last Respects|p2a: Garchomp\n|-damage|p2a: Garchomp|0 fnt\n|faint|p2a: Garchomp\n|\n|win|meteor1101\n|raw|meteor1101's rating: 1256 &rarr; <strong>1287</strong><br />(+31 for winning)\n|raw|gkswldn's rating: 1338 &rarr; <strong>1313</strong><br />(-25 for losing)\n",
  "uploadtime": 1776656214,
  "views": 0,
  "formatid": "gen9championsbssregma",
  "rating": 1287,
  "private": 0,
  "password": null
}