{
  "id": "gen9championsbssregma-2586101300",
  "format": "[Gen 9 Champions] BSS Reg M-A",
  "players": [
    "dialestdial",
    "fourway"
  ],
  "log": "|j|\u2606dialestdial\n|j|\u2606fourway\n|t:|1776399141\n|gametype|singles\n|player|p1|dialestdial|plasmagruntf|1128\n|player|p2|fourway|janine|1145\n|gen|9\n|tier|[Gen 9 Champions] BSS Reg M-A\n|rated|\n|rule|Species Clause: Limit one of each Pok\u00e9mon\n|rule|Item Clause: Limit 1 of each item\n|clearpoke\n|poke|p1|Floette-Eternal, L50, F|\n|poke|p1|Sneasler, L50, F|\n|poke|p1|Charizard, L50, F|\n|poke|p1|Meowscarada, L50, F|\n|poke|p1|Basculegion, L50, M|\n|poke|p1|Clefable, L50, F|\n|poke|p2|Scizor, L50, F|\n|poke|p2|Floette-Eternal, L50, F|\n|poke|p2|Garchomp, L50, F|\n|poke|p2|Palafin, L50, M|\n|poke|p2|Slowbro, L50, M|\n|poke|p2|Rotom-Heat, L50|\n|teampreview|3\n|inactive|Battle timer is ON: inactive players will automatically lose when time's up. (requested by dialestdial)\n|inactive|dialestdial has 60 seconds left.\n|\n|t:|1776399177\n|teamsize|p1|3\n|teamsize|p2|3\n|start\n|switch|p1a: Clefable|Clefable, L50, F, shiny|100/100\n|switch|p2a: Palafin|Palafin, L50, M|100/100\n|turn|1\n|\n|t:|1776399191\n|detailschange|p2a: Palafin|Palafin-Hero, L50, M\n|switch|p2a: Slowbro|Slowbro, L50, M|100/100\n|move|p1a: Clefable|Cosmic Power|p1a: Clefable\n|-boost|p1a: Clefable|def|1\n|-boost|p1a: Clefable|spd|1\n|\n|upkeep\n|turn|2\n|\n|t:|1776399201\n|move|p1a: Clefable|Cosmic Power|p1a: Clefable\n|-boost|p1a: Clefable|def|1\n|-boost|p1a: Clefable|spd|1\n|move|p2a: Slowbro|Future Sight|p1a: Clefable\n|-start|p2a: Slowbro|move: Future Sight\n|\n|upkeep\n|turn|3\n|\n|t:|1776399207\n|switch|p2a: Scizor|Scizor, L50, F|100/100\n|move|p1a: Clefable|Cosmic Power|p1a: Clefable\n|-boost|p1a: Clefable|def|1\n|-boost|p1a: Clefable|spd|1\n|\n|upkeep\n|turn|4\n|\n|t:|1776399214\n|detailschange|p2a: Scizor|Scizor-Mega, L50, F\n|-mega|p2a: Scizor|Scizor|Scizorite\n|move|p2a: Scizor|Swords Dance|p2a: Scizor\n|-boost|p2a: Scizor|atk|2\n|move|p1a: Clefable|Cosmic Power|p1a: Clefable\n|-boost|p1a: Clefable|def|1\n|-boost|p1a: Clefable|spd|1\n|\n|-end|p1a: Clefable|move: Future Sight\n|-damage|p1a: Clefable|86/100\n|upkeep\n|turn|5\n|\n|t:|1776399229\n|move|p2a: Scizor|Swords Dance|p2a: Scizor\n|-boost|p2a: Scizor|atk|2\n|move|p1a: Clefable|Cosmic Power|p1a: Clefable\n|-boost|p1a: Clefable|def|1\n|-boost|p1a: Clefable|spd|1\n|\n|upkeep\n|turn|6\n|\n|t:|1776399234\n|move|p2a: Scizor|Bullet Punch|p1a: Clefable\n|-supereffective|p1a: Clefable|1\n|-damage|p1a: Clefable|69/100\n|move|p1a: Clefable|Cosmic Power|p1a: Clefable\n|-boost|p1a: Clefable|def|1\n|-boost|p1a: Clefable|spd|1\n|\n|upkeep\n|turn|7\n|\n|t:|1776399240\n|move|p2a: Scizor|Bullet Punch|p1a: Clefable\n|-supereffective|p1a: Clefable|1\n|-damage|p1a: Clefable|53/100\n|move|p1a: Clefable|Stored Power|p2a: Scizor\n|-resisted|p2a: Scizor|1\n|-damage|p2a: Scizor|80/100\n|\n|upkeep\n|turn|8\n|\n|t:|1776399246\n|move|p2a: Scizor|Bullet Punch|p1a: Clefable\n|-supereffective|p1a: Clefable|1\n|-damage|p1a: Clefable|38/100\n|move|p1a: Clefable|Moonlight|p1a: Clefable\n|-heal|p1a: Clefable|88/100\n|\n|upkeep\n|turn|9\n|\n|t:|1776399251\n|move|p2a: Scizor|Bullet Punch|p1a: Clefable\n|-supereffective|p1a: Clefable|1\n|-damage|p1a: Clefable|73/100\n|move|p1a: Clefable|Stored Power|p2a: Scizor\n|-resisted|p2a: Scizor|1\n|-damage|p2a: Scizor|60/100\n|\n|upkeep\n|turn|10\n|\n|t:|1776399257\n|move|p2a: Scizor|Bullet Punch|p1a: Clefable\n|-supereffective|p1a: Clefable|1\n|-damage|p1a: Clefable|58/100\n|move|p1a: Clefable|Stored Power|p2a: Scizor\n|-resisted|p2a: Scizor|1\n|-damage|p2a: Scizor|39/100\n|\n|upkeep\n|turn|11\n|\n|t:|1776399263\n|move|p2a: Scizor|Roost|p2a: Scizor\n|-heal|p2a: Scizor|90/100\n|-singleturn|p2a: Scizor|move: Roost\n|move|p1a: Clefable|Moonlight|p1a: Clefable\n|-heal|p1a: Clefable|100/100\n|\n|upkeep\n|turn|12\n|\n|t:|1776399270\n|move|p2a: Scizor|Bullet Punch|p1a: Clefable\n|-supereffective|p1a: Clefable|1\n|-damage|p1a: Clefable|85/100\n|move|p1a: Clefable|Stored Power|p2a: Scizor\n|-resisted|p2a: Scizor|1\n|-damage|p2a: Scizor|70/100\n|\n|upkeep\n|turn|13\n|\n|t:|1776399276\n|move|p2a: Scizor|Bullet Punch|p1a: Clefable\n|-supereffective|p1a: Clefable|1\n|-damage|p1a: Clefable|70/100\n|move|p1a: Clefable|Stored Power|p2a: Scizor\n|-resisted|p2a: Scizor|1\n|-damage|p2a: Scizor|47/100\n|\n|upkeep\n|turn|14\n|\n|t:|1776399282\n|move|p2a: Scizor|Roost|p2a: Scizor\n|-heal|p2a: Scizor|97/100\n|-singleturn|p2a: Scizor|move: Roost\n|move|p1a: Clefable|Stored Power|p2a: Scizor\n|-resisted|p2a: Scizor|1\n|-damage|p2a: Scizor|73/100\n|\n|upkeep\n|turn|15\n|\n|t:|1776399288\n|move|p2a: Scizor|Bullet Punch|p1a: Clefable\n|-supereffective|p1a: Clefable|1\n|-damage|p1a: Clefable|55/100\n|move|p1a: Clefable|Stored Power|p2a: Scizor\n|-resisted|p2a: Scizor|1\n|-crit|p2a: Scizor\n|-damage|p2a: Scizor|42/100\n|\n|upkeep\n|turn|16\n|\n|t:|1776399294\n|move|p2a: Scizor|Roost|p2a: Scizor\n|-heal|p2a: Scizor|93/100\n|-singleturn|p2a: Scizor|move: Roost\n|move|p1a: Clefable|Moonlight|p1a: Clefable\n|-heal|p1a: Clefable|100/100\n|\n|upkeep\n|turn|17\n|\n|t:|1776399300\n|move|p2a: Scizor|Bullet Punch|p1a: Clefable\n|-supereffective|p1a: Clefable|1\n|-damage|p1a: Clefable|86/100\n|move|p1a: Clefable|Stored Power|p2a: Scizor\n|-resisted|p2a: Scizor|1\n|-damage|p2a: Scizor|69/100\n|\n|upkeep\n|turn|18\n|\n|t:|1776399304\n|move|p2a: Scizor|Bullet Punch|p1a: Clefable\n|-supereffective|p1a: Clefable|1\n|-damage|p1a: Clefable|69/100\n|move|p1a: Clefable|Stored Power|p2a: Scizor\n|-resisted|p2a: Scizor|1\n|-damage|p2a: Scizor|47/100\n|\n|upkeep\n|turn|19\n|\n|t:|1776399308\n|move|p2a: Scizor|Roost|p2a: Scizor\n|-heal|p2a: Scizor|98/100\n|-singleturn|p2a: Scizor|move: Roost\n|move|p1a: Clefable|Baton Pass|p1a: Clefable\n|\n|t:|1776399312\n|switch|p1a: Charizard|Charizard, L50, F|100/100|[from] Baton Pass\n|\n|upkeep\n|turn|20\n|\n|t:|1776399329\n|switch|p2a: Palafin|Palafin-Hero, L50, M|100/100\n|-activate|p2a: Palafin|ability: Zero to Hero\n|detailschange|p1a: Charizard|Charizard-Mega-Y, L50, F\n|-mega|p1a: Charizard|Charizard|Charizardite Y\n|-weather|SunnyDay|[from] ability: Drought|[of] p1a: Charizard\n|move|p1a: Charizard|Flame Charge|p2a: Palafin\n|-resisted|p2a: Palafin|1\n|-damage|p2a: Palafin|90/100\n|-boost|p1a: Charizard|spe|1\n|\n|-weather|SunnyDay|[upkeep]\n|upkeep\n|turn|21\n|\n|t:|1776399343\n|move|p1a: Charizard|Weather Ball|p2a: Palafin\n|-resisted|p2a: Palafin|1\n|-damage|p2a: Palafin|55/100\n|move|p2a: Palafin|Wave Crash|p1a: Charizard\n|-supereffective|p1a: Charizard|1\n|-damage|p1a: Charizard|76/100\n|-damage|p2a: Palafin|49/100|[from] Recoil\n|-enditem|p2a: Palafin|Sitrus Berry|[eat]\n|-heal|p2a: Palafin|73/100|[from] item: Sitrus Berry\n|\n|-weather|SunnyDay|[upkeep]\n|upkeep\n|turn|22\n|\n|t:|1776399361\n|move|p1a: Charizard|Weather Ball|p2a: Palafin\n|-resisted|p2a: Palafin|1\n|-damage|p2a: Palafin|39/100\n|move|p2a: Palafin|Wave Crash|p1a: Charizard\n|-supereffective|p1a: Charizard|1\n|-crit|p1a: Charizard\n|-damage|p1a: Charizard|0 fnt\n|faint|p1a: Charizard\n|-damage|p2a: Palafin|20/100|[from] Recoil\n|\n|-weather|SunnyDay|[upkeep]\n|upkeep\n|\n|t:|1776399369\n|switch|p1a: Clefable|Clefable, L50, F, shiny|69/100\n|turn|23\n|\n|t:|1776399389\n|move|p2a: Palafin|Wave Crash|p1a: Clefable\n|-damage|p1a: Clefable|40/100\n|-damage|p2a: Palafin|13/100|[from] Recoil\n|move|p1a: Clefable|Cosmic Power|p1a: Clefable\n|-boost|p1a: Clefable|def|1\n|-boost|p1a: Clefable|spd|1\n|\n|-weather|SunnyDay|[upkeep]\n|upkeep\n|turn|24\n|\n|t:|1776399401\n|switch|p2a: Scizor|Scizor-Mega, L50, F|98/100\n|move|p1a: Clefable|Moonlight|p1a: Clefable\n|-heal|p1a: Clefable|100/100\n|\n|-weather|none\n|upkeep\n|turn|25\n|\n|t:|1776399407\n|move|p2a: Scizor|Swords Dance|p2a: Scizor\n|-boost|p2a: Scizor|atk|2\n|move|p1a: Clefable|Cosmic Power|p1a: Clefable\n|-boost|p1a: Clefable|def|1\n|-boost|p1a: Clefable|spd|1\n|\n|upkeep\n|turn|26\n|\n|t:|1776399412\n|move|p2a: Scizor|Swords Dance|p2a: Scizor\n|-boost|p2a: Scizor|atk|2\n|move|p1a: Clefable|Cosmic Power|p1a: Clefable\n|-boost|p1a: Clefable|def|1\n|-boost|p1a: Clefable|spd|1\n|\n|upkeep\n|turn|27\n|\n|t:|1776399416\n|move|p2a: Scizor|Swords Dance|p2a: Scizor\n|-boost|p2a: Scizor|atk|2\n|move|p1a: Clefable|Cosmic Power|p1a: Clefable\n|-boost|p1a: Clefable|def|1\n|-boost|p1a: Clefable|spd|1\n|\n|upkeep\n|turn|28\n|\n|t:|1776399419\n|move|p2a: Scizor|Bullet Punch|p1a: Clefable\n|-supereffective|p1a: Clefable|1\n|-damage|p1a: Clefable|79/100\n|move|p1a: Clefable|Cosmic Power|p1a: Clefable\n|-boost|p1a: Clefable|def|1\n|-boost|p1a: Clefable|spd|1\n|\n|upkeep\n|turn|29\n|\n|t:|1776399423\n|move|p2a: Scizor|Bullet Punch|p1a: Clefable\n|-supereffective|p1a: Clefable|1\n|-damage|p1a: Clefable|62/100\n|move|p1a: Clefable|Cosmic Power|p1a: Clefable\n|-boost|p1a: Clefable|def|1\n|-boost|p1a: Clefable|spd|1\n|\n|upkeep\n|turn|30\n|\n|t:|1776399427\n|move|p2a: Scizor|Bullet Punch|p1a: Clefable\n|-supereffective|p1a: Clefable|1\n|-damage|p1a: Clefable|44/100\n|move|p1a: Clefable|Moonlight|p1a: Clefable\n|-heal|p1a: Clefable|94/100\n|\n|upkeep\n|turn|31\n|\n|t:|1776399435\n|move|p2a: Scizor|Bullet Punch|p1a: Clefable\n|-supereffective|p1a: Clefable|1\n|-damage|p1a: Clefable|80/100\n|move|p1a: Clefable|Baton Pass|p1a: Clefable\n|\n|t:|1776399439\n|switch|p1a: Basculegion|Basculegion, L50, M|100/100|[from] Baton Pass\n|\n|upkeep\n|turn|32\n|\n|t:|1776399445\n|move|p2a: Scizor|Bullet Punch|p1a: Basculegion\n|-resisted|p1a: Basculegion|1\n|-damage|p1a: Basculegion|82/100\n|move|p1a: Basculegion|Last Respects|p2a: Scizor\n|-damage|p2a: Scizor|47/100\n|\n|upkeep\n|turn|33\n|\n|t:|1776399451\n|move|p2a: Scizor|Bullet Punch|p1a: Basculegion\n|-resisted|p1a: Basculegion|1\n|-damage|p1a: Basculegion|63/100\n|move|p1a: Basculegion|Last Respects|p2a: Scizor\n|-damage|p2a: Scizor|0 fnt\n|faint|p2a: Scizor\n|\n|upkeep\n|\n|t:|1776399456\n|switch|p2a: Slowbro|Slowbro, L50, M|100/100\n|turn|34\n|\n|t:|1776399459\n|move|p1a: Basculegion|Last Respects|p2a: Slowbro\n|-supereffective|p2a: Slowbro|1\n|-damage|p2a: Slowbro|0 fnt\n|faint|p2a: Slowbro\n|\n|upkeep\n|-message|fourway forfeited.\n|\n|win|dialestdial\n|raw|dialestdial's rating: 1128 &rarr; <strong>1154</strong><br />(+26 for winning)\n|raw|fourway's rating: 1145 &rarr; <strong>1119</strong><br />(-26 for losing)\n|l|\u2606fourway\n|player|p2|\n",
  "uploadtime": 1776399468,
  "views": 13,
  "formatid": "gen9championsbssregma",
  "rating": 1119,
  "private": 0,
  "password": null
}