{
  "id": "gen9championsbssregma-2587099449",
  "format": "[Gen 9 Champions] BSS Reg M-A",
  "players": [
    "goomba number two",
    "Rei1547"
  ],
  "log": "|j|\u2606goomba number two\n|j|\u2606Rei1547\n|t:|1776493277\n|gametype|singles\n|player|p1|goomba number two|barry|1319\n|player|p2|Rei1547|elesa|1380\n|gen|9\n|tier|[Gen 9 Champions] BSS Reg M-A\n|rated|\n|rule|Species Clause: Limit one of each Pok\u00e9mon\n|rule|Item Clause: Limit 1 of each item\n|clearpoke\n|poke|p1|Vaporeon, L50, M|\n|poke|p1|Jolteon, L50, F|\n|poke|p1|Flareon, L50, M|\n|poke|p1|Espeon, L50, F|\n|poke|p1|Umbreon, L50, M|\n|poke|p1|Sylveon, L50, M|\n|poke|p2|Lopunny, L50, M, shiny|\n|poke|p2|Aegislash, L50, F, shiny|\n|poke|p2|Basculegion, L50, M, shiny|\n|poke|p2|Hippowdon, L50, F, shiny|\n|poke|p2|Rotom-Heat, L50, shiny|\n|poke|p2|Gengar, L50, F, shiny|\n|teampreview|3\n|j| yoko1212\n|\n|t:|1776493304\n|teamsize|p1|3\n|teamsize|p2|3\n|start\n|switch|p1a: Sylveon|Sylveon, L50, M|100/100\n|switch|p2a: Lopunny|Lopunny, L50, M, shiny|100/100\n|turn|1\n|\n|t:|1776493312\n|detailschange|p2a: Lopunny|Lopunny-Mega, L50, M, shiny\n|-mega|p2a: Lopunny|Lopunny|Lopunnite\n|move|p1a: Sylveon|Detect|p1a: Sylveon\n|-singleturn|p1a: Sylveon|Protect\n|move|p2a: Lopunny|Fake Out|p1a: Sylveon\n|-activate|p1a: Sylveon|move: Protect\n|\n|upkeep\n|turn|2\n|j| p74\n|\n|t:|1776493320\n|move|p2a: Lopunny|U-turn|p1a: Sylveon\n|-resisted|p1a: Sylveon|1\n|-crit|p1a: Sylveon\n|-damage|p1a: Sylveon|84/100\n|\n|t:|1776493323\n|switch|p2a: Rotom|Rotom-Heat, L50, shiny|100/100|[from] U-turn\n|move|p1a: Sylveon|Hyper Voice|p2a: Rotom\n|-resisted|p2a: Rotom|1\n|-damage|p2a: Rotom|81/100\n|\n|-heal|p1a: Sylveon|90/100|[from] item: Leftovers\n|upkeep\n|turn|3\n|\n|t:|1776493341\n|move|p1a: Sylveon|Detect|p1a: Sylveon\n|-singleturn|p1a: Sylveon|Protect\n|move|p2a: Rotom|Will-O-Wisp|p1a: Sylveon\n|-activate|p1a: Sylveon|move: Protect\n|\n|-heal|p1a: Sylveon|96/100|[from] item: Leftovers\n|upkeep\n|turn|4\n|\n|t:|1776493350\n|switch|p1a: Espeon|Espeon, L50, F|100/100\n|move|p2a: Rotom|Volt Switch|p1a: Espeon\n|-damage|p1a: Espeon|68/100\n|\n|t:|1776493356\n|switch|p2a: Lopunny|Lopunny-Mega, L50, M, shiny|100/100|[from] Volt Switch\n|\n|upkeep\n|turn|5\n|\n|t:|1776493361\n|move|p2a: Lopunny|Fake Out|p1a: Espeon\n|-damage|p1a: Espeon|31/100\n|cant|p1a: Espeon|flinch\n|\n|upkeep\n|turn|6\n|\n|t:|1776493367\n|move|p1a: Espeon|Psychic|p2a: Lopunny\n|-supereffective|p2a: Lopunny|1\n|-damage|p2a: Lopunny|0 fnt\n|faint|p2a: Lopunny\n|\n|upkeep\n|\n|t:|1776493373\n|switch|p2a: Aegislash|Aegislash, L50, F, shiny|100/100\n|turn|7\n|\n|t:|1776493377\n|switch|p1a: Umbreon|Umbreon, L50, M|100/100\n|move|p2a: Aegislash|Substitute|p2a: Aegislash\n|-start|p2a: Aegislash|Substitute\n|-damage|p2a: Aegislash|76/100\n|\n|-heal|p2a: Aegislash|82/100|[from] item: Leftovers\n|upkeep\n|turn|8\n|-message|Rei1547 forfeited.\n|\n|win|goomba number two\n|raw|goomba number two's rating: 1319 &rarr; <strong>1342</strong><br />(+23 for winning)\n|raw|Rei1547's rating: 1380 &rarr; <strong>1357</strong><br />(-23 for losing)\n|l|\u2606Rei1547\n|player|p2|\n|l|\u2606goomba number two\n|player|p1|\n",
  "uploadtime": 1776494504,
  "views": 2,
  "formatid": "gen9championsbssregma",
  "rating": 1342,
  "private": 0,
  "password": null
}