{
  "id": "gen9championsbssregma-2584939356",
  "format": "[Gen 9 Champions] BSS Reg M-A",
  "players": [
    "lligand",
    "gh4q121"
  ],
  "log": "|j|\u2606lligand\n|j|\u2606gh4q121\n|t:|1776296386\n|gametype|singles\n|player|p1|lligand|266|1048\n|player|p2|gh4q121|hilbert-wonderlauncher|1000\n|gen|9\n|tier|[Gen 9 Champions] BSS Reg M-A\n|rated|\n|rule|Species Clause: Limit one of each Pok\u00e9mon\n|rule|Item Clause: Limit 1 of each item\n|clearpoke\n|poke|p1|Espathra, L50, F|\n|poke|p1|Clefable, L50, M|\n|poke|p1|Arcanine, L50, M|\n|poke|p1|Araquanid, L50, F|\n|poke|p1|Kingambit, L50, F|\n|poke|p1|Dragonite, L50, M|\n|poke|p2|Charizard, L50, F|\n|poke|p2|Sneasler, L50, M|\n|poke|p2|Primarina, L50, F|\n|poke|p2|Lucario, L50, F|\n|poke|p2|Garchomp, L50, F|\n|poke|p2|Meowscarada, L50, F|\n|teampreview|3\n|inactive|Battle timer is ON: inactive players will automatically lose when time's up. (requested by lligand)\n|\n|t:|1776296423\n|teamsize|p1|3\n|teamsize|p2|3\n|start\n|switch|p1a: Espathra|Espathra, L50, F|100/100\n|switch|p2a: Meowscarada|Meowscarada, L50, F|100/100\n|turn|1\n|\n|t:|1776296428\n|move|p1a: Espathra|Protect|p1a: Espathra\n|-singleturn|p1a: Espathra|Protect\n|move|p2a: Meowscarada|Knock Off|p1a: Espathra\n|-start|p2a: Meowscarada|typechange|Dark|[from] ability: Protean\n|-activate|p1a: Espathra|move: Protect\n|\n|-ability|p1a: Espathra|Speed Boost|boost\n|-boost|p1a: Espathra|spe|1\n|upkeep\n|turn|2\n|\n|t:|1776296442\n|move|p2a: Meowscarada|Knock Off|p1a: Espathra\n|-supereffective|p1a: Espathra|1\n|-damage|p1a: Espathra|0 fnt\n|-enditem|p1a: Espathra|Mental Herb|[from] move: Knock Off|[of] p2a: Meowscarada\n|faint|p1a: Espathra\n|\n|upkeep\n|\n|t:|1776296445\n|switch|p1a: Dragonite|Dragonite, L50, M|100/100\n|turn|3\n|\n|t:|1776296449\n|detailschange|p1a: Dragonite|Dragonite-Mega, L50, M\n|-mega|p1a: Dragonite|Dragonite|Dragoninite\n|move|p2a: Meowscarada|Knock Off|p1a: Dragonite\n|-crit|p1a: Dragonite\n|-damage|p1a: Dragonite|81/100\n|move|p1a: Dragonite|Air Slash|p2a: Meowscarada\n|-damage|p2a: Meowscarada|29/100\n|\n|upkeep\n|turn|4\n|\n|t:|1776296459\n|switch|p2a: Charizard|Charizard, L50, F, shiny|100/100\n|move|p1a: Dragonite|Air Slash|p2a: Charizard\n|-damage|p2a: Charizard|39/100\n|\n|upkeep\n|turn|5\n|\n|t:|1776296471\n|detailschange|p2a: Charizard|Charizard-Mega-Y, L50, F, shiny\n|-mega|p2a: Charizard|Charizard|Charizardite Y\n|-weather|SunnyDay|[from] ability: Drought|[of] p2a: Charizard\n|move|p2a: Charizard|Weather Ball|p1a: Dragonite\n|-resisted|p1a: Dragonite|1\n|-damage|p1a: Dragonite|46/100\n|move|p1a: Dragonite|Thunderbolt|p2a: Charizard\n|-supereffective|p2a: Charizard|1\n|-damage|p2a: Charizard|0 fnt\n|faint|p2a: Charizard\n|\n|-weather|SunnyDay|[upkeep]\n|upkeep\n|\n|t:|1776296486\n|switch|p2a: Meowscarada|Meowscarada, L50, F|29/100\n|turn|6\n|\n|t:|1776296493\n|move|p2a: Meowscarada|Triple Axel|p1a: Dragonite\n|-start|p2a: Meowscarada|typechange|Ice|[from] ability: Protean\n|-supereffective|p1a: Dragonite|2\n|-damage|p1a: Dragonite|14/100\n|-supereffective|p1a: Dragonite|2\n|-damage|p1a: Dragonite|0 fnt\n|faint|p1a: Dragonite\n|-hitcount|p1: Dragonite|2\n|\n|-weather|SunnyDay|[upkeep]\n|upkeep\n|\n|t:|1776296495\n|switch|p1a: Kingambit|Kingambit, L50, F|100/100\n|turn|7\n|\n|t:|1776296500\n|move|p2a: Meowscarada|Triple Axel|p1a: Kingambit\n|-resisted|p1a: Kingambit|1\n|-damage|p1a: Kingambit|96/100\n|-hitcount|p1a: Kingambit|1\n|move|p1a: Kingambit|Swords Dance|p1a: Kingambit\n|-boost|p1a: Kingambit|atk|2\n|\n|-weather|SunnyDay|[upkeep]\n|upkeep\n|turn|8\n|\n|t:|1776296503\n|move|p2a: Meowscarada|Triple Axel|p1a: Kingambit\n|-resisted|p1a: Kingambit|1\n|-damage|p1a: Kingambit|92/100\n|-resisted|p1a: Kingambit|1\n|-damage|p1a: Kingambit|84/100\n|-resisted|p1a: Kingambit|1\n|-damage|p1a: Kingambit|73/100\n|-hitcount|p1a: Kingambit|3\n|move|p1a: Kingambit|Iron Head|p2a: Meowscarada\n|-supereffective|p2a: Meowscarada|1\n|-damage|p2a: Meowscarada|0 fnt\n|faint|p2a: Meowscarada\n|\n|-weather|SunnyDay|[upkeep]\n|upkeep\n|\n|t:|1776296506\n|switch|p2a: Sneasler|Sneasler, L50, M|100/100\n|turn|9\n|\n|t:|1776296513\n|move|p1a: Kingambit|Sucker Punch|p2a: Sneasler\n|-resisted|p2a: Sneasler|1\n|-damage|p2a: Sneasler|11/100\n|move|p2a: Sneasler|Close Combat|p1a: Kingambit\n|-supereffective|p1a: Kingambit|2\n|-damage|p1a: Kingambit|0 fnt\n|-unboost|p2a: Sneasler|def|1\n|-unboost|p2a: Sneasler|spd|1\n|faint|p1a: Kingambit\n|\n|win|gh4q121\n|raw|lligand's rating: 1048 &rarr; <strong>1028</strong><br />(-20 for losing)\n|raw|gh4q121's rating: 1000 &rarr; <strong>1045</strong><br />(+45 for winning)\n",
  "uploadtime": 1776296516,
  "views": 5,
  "formatid": "gen9championsbssregma",
  "rating": 1028,
  "private": 0,
  "password": null
}