{
  "id": "gen9championsbssregma-2588191743",
  "format": "[Gen 9 Champions] BSS Reg M-A",
  "players": [
    "yarep",
    "eljulius"
  ],
  "log": "|j|\u2606yarep\n|j|\u2606eljulius\n|t:|1776613057\n|gametype|singles\n|player|p1|yarep|volkner|\n|player|p2|eljulius|lance|\n|gen|9\n|tier|[Gen 9 Champions] BSS Reg M-A\n|rule|Species Clause: Limit one of each Pok\u00e9mon\n|rule|Item Clause: Limit 1 of each item\n|clearpoke\n|poke|p1|Garchomp, L50, F|\n|poke|p1|Meowscarada, L50, M|\n|poke|p1|Corviknight, L50, M|\n|poke|p1|Gengar, L50, F|\n|poke|p1|Floette-Eternal, L50, F|\n|poke|p1|Primarina, L50, F|\n|poke|p2|Tyranitar, L50, M|\n|poke|p2|Excadrill, L50, F|\n|poke|p2|Glimmora, L50, F|\n|poke|p2|Incineroar, L50, F|\n|poke|p2|Sneasler, L50, M|\n|poke|p2|Rotom-Wash, L50|\n|teampreview|3\n|j| meteorplayz_\n|\n|t:|1776613076\n|teamsize|p1|3\n|teamsize|p2|3\n|start\n|switch|p1a: Primarina|Primarina, L50, F|100/100\n|switch|p2a: Rotom|Rotom-Wash, L50|100/100\n|turn|1\n|\n|t:|1776613084\n|switch|p1a: Garchomp|Garchomp, L50, F|100/100\n|move|p2a: Rotom|Will-O-Wisp|p1a: Garchomp\n|-status|p1a: Garchomp|brn\n|\n|-damage|p1a: Garchomp|94/100 brn|[from] brn\n|upkeep\n|turn|2\n|\n|t:|1776613090\n|switch|p2a: Incineroar|Incineroar, L50, F|100/100\n|-ability|p2a: Incineroar|Intimidate|boost\n|-unboost|p1a: Garchomp|atk|1\n|move|p1a: Garchomp|Outrage|p2a: Incineroar\n|-damage|p2a: Incineroar|83/100\n|\n|-damage|p1a: Garchomp|88/100 brn|[from] brn\n|upkeep\n|turn|3\n|\n|t:|1776613095\n|move|p2a: Incineroar|Fake Out|p1a: Garchomp\n|-damage|p1a: Garchomp|77/100 brn\n|-damage|p2a: Incineroar|70/100|[from] ability: Rough Skin|[of] p1a: Garchomp\n|cant|p1a: Garchomp|flinch\n|\n|-damage|p1a: Garchomp|71/100 brn|[from] brn\n|-start|p1a: Garchomp|confusion|[fatigue]\n|upkeep\n|turn|4\n|\n|t:|1776613098\n|switch|p1a: Primarina|Primarina, L50, F|100/100\n|move|p2a: Incineroar|Parting Shot|p1a: Primarina\n|-unboost|p1a: Primarina|atk|1\n|-unboost|p1a: Primarina|spa|1\n|\n|t:|1776613101\n|switch|p2a: Glimmora|Glimmora, L50, F|100/100|[from] Parting Shot\n|\n|upkeep\n|turn|5\n|inactive|Battle timer is ON: inactive players will automatically lose when time's up. (requested by yarep)\n|\n|t:|1776613106\n|detailschange|p2a: Glimmora|Glimmora-Mega, L50, F\n|-mega|p2a: Glimmora|Glimmora|Glimmoranite\n|move|p2a: Glimmora|Sludge Bomb|p1a: Primarina\n|-supereffective|p1a: Primarina|1\n|-damage|p1a: Primarina|6/100\n|move|p1a: Primarina|Hyper Voice|p2a: Glimmora\n|-supereffective|p2a: Glimmora|1\n|-damage|p2a: Glimmora|37/100\n|\n|-heal|p1a: Primarina|12/100|[from] item: Leftovers\n|upkeep\n|turn|6\n|\n|t:|1776613111\n|switch|p1a: Garchomp|Garchomp, L50, F|71/100 brn\n|move|p2a: Glimmora|Power Gem|p1a: Garchomp\n|-resisted|p1a: Garchomp|1\n|-damage|p1a: Garchomp|39/100 brn\n|\n|-damage|p1a: Garchomp|33/100 brn|[from] brn\n|upkeep\n|turn|7\n|\n|t:|1776613115\n|move|p1a: Garchomp|Outrage|p2a: Glimmora\n|-damage|p2a: Glimmora|2/100\n|move|p2a: Glimmora|Power Gem|p1a: Garchomp\n|-resisted|p1a: Garchomp|1\n|-damage|p1a: Garchomp|0 fnt\n|faint|p1a: Garchomp\n|\n|upkeep\n|\n|t:|1776613119\n|switch|p1a: Corviknight|Corviknight, L50, M|100/100\n|turn|8\n|\n|t:|1776613121\n|move|p2a: Glimmora|Power Gem|p1a: Corviknight\n|-damage|p1a: Corviknight|35/100\n|-enditem|p1a: Corviknight|Sitrus Berry|[eat]\n|-heal|p1a: Corviknight|60/100|[from] item: Sitrus Berry\n|move|p1a: Corviknight|U-turn|p2a: Glimmora\n|-resisted|p2a: Glimmora|1\n|-damage|p2a: Glimmora|0 fnt\n|faint|p2a: Glimmora\n|\n|t:|1776613123\n|switch|p1a: Primarina|Primarina, L50, F|12/100|[from] U-turn\n|\n|-heal|p1a: Primarina|18/100|[from] item: Leftovers\n|upkeep\n|\n|t:|1776613127\n|switch|p2a: Rotom|Rotom-Wash, L50|100/100\n|turn|9\n|\n|t:|1776613132\n|move|p2a: Rotom|Thunderbolt|p1a: Primarina\n|-supereffective|p1a: Primarina|1\n|-damage|p1a: Primarina|0 fnt\n|faint|p1a: Primarina\n|\n|upkeep\n|\n|t:|1776613133\n|switch|p1a: Corviknight|Corviknight, L50, M|60/100\n|turn|10\n|\n|t:|1776613135\n|move|p2a: Rotom|Thunderbolt|p1a: Corviknight\n|-supereffective|p1a: Corviknight|1\n|-damage|p1a: Corviknight|0 fnt\n|faint|p1a: Corviknight\n|\n|win|eljulius\n|l|\u2606yarep\n|player|p1|\n",
  "uploadtime": 1776613135,
  "views": 3,
  "formatid": "gen9championsbssregma",
  "rating": null,
  "private": 0,
  "password": null
}