{
  "id": "gen9championsbssregma-2585886906",
  "format": "[Gen 9 Champions] BSS Reg M-A",
  "players": [
    "Floppa Fan 52",
    "TKW098"
  ],
  "log": "|j|\u2606Floppa Fan 52\n|j|\u2606TKW098\n|t:|1776378508\n|gametype|singles\n|player|p1|Floppa Fan 52|wallace-gen6|1000\n|player|p2|TKW098|170|1000\n|gen|9\n|tier|[Gen 9 Champions] BSS Reg M-A\n|rated|\n|rule|Species Clause: Limit one of each Pok\u00e9mon\n|rule|Item Clause: Limit 1 of each item\n|clearpoke\n|poke|p1|Clefable, L50, F|\n|poke|p1|Arcanine, L50, F|\n|poke|p1|Aegislash, L50, F|\n|poke|p1|Garchomp, L50, F|\n|poke|p1|Chesnaught, L50, M|\n|poke|p1|Glimmora, L50, F|\n|poke|p2|Clefable, L50, F|\n|poke|p2|Mimikyu, L50, F|\n|poke|p2|Espathra, L50, M|\n|poke|p2|Charizard, L50, F|\n|poke|p2|Kingambit, L50, F|\n|poke|p2|Glimmora, L50, F|\n|teampreview|3\n|inactive|Battle timer is ON: inactive players will automatically lose when time's up. (requested by Floppa Fan 52)\n|\n|t:|1776378536\n|teamsize|p1|3\n|teamsize|p2|3\n|start\n|switch|p1a: Clefable|Clefable, L50, F|100/100\n|switch|p2a: Kingambit|Kingambit, L50, F|100/100\n|turn|1\n|inactive|TKW098 has 30 seconds left.\n|\n|t:|1776378565\n|switch|p1a: Arcanine|Arcanine, L50, F|100/100\n|-ability|p1a: Arcanine|Intimidate|boost\n|-unboost|p2a: Kingambit|atk|1\n|-ability|p2a: Kingambit|Defiant|boost\n|-boost|p2a: Kingambit|atk|2\n|move|p2a: Kingambit|Iron Head|p1a: Arcanine\n|-resisted|p1a: Arcanine|1\n|-damage|p1a: Arcanine|78/100\n|\n|upkeep\n|turn|2\n|\n|t:|1776378576\n|switch|p2a: Espathra|Espathra, L50, M|100/100\n|move|p1a: Arcanine|Will-O-Wisp|p2a: Espathra\n|-status|p2a: Espathra|brn\n|\n|-damage|p2a: Espathra|95/100 brn|[from] brn\n|upkeep\n|turn|3\n|\n|t:|1776378581\n|move|p2a: Espathra|Calm Mind|p2a: Espathra\n|-boost|p2a: Espathra|spa|1\n|-boost|p2a: Espathra|spd|1\n|move|p1a: Arcanine|Roar|p2a: Espathra\n|drag|p2a: Clefable|Clefable, L50, F, shiny|100/100\n|\n|upkeep\n|turn|4\n|\n|t:|1776378589\n|detailschange|p2a: Clefable|Clefable-Mega, L50, F, shiny\n|-mega|p2a: Clefable|Clefable|Clefablite\n|move|p1a: Arcanine|Will-O-Wisp|p2a: Clefable\n|move|p2a: Clefable|Will-O-Wisp|p1a: Arcanine|[from] ability: Magic Bounce\n|-immune|p1a: Arcanine\n|move|p2a: Clefable|Cosmic Power|p2a: Clefable\n|-boost|p2a: Clefable|def|1\n|-boost|p2a: Clefable|spd|1\n|\n|upkeep\n|turn|5\n|\n|t:|1776378597\n|switch|p1a: Clefable|Clefable, L50, F|100/100\n|move|p2a: Clefable|Cosmic Power|p2a: Clefable\n|-boost|p2a: Clefable|def|1\n|-boost|p2a: Clefable|spd|1\n|\n|upkeep\n|turn|6\n|\n|t:|1776378602\n|move|p2a: Clefable|Cosmic Power|p2a: Clefable\n|-boost|p2a: Clefable|def|1\n|-boost|p2a: Clefable|spd|1\n|move|p1a: Clefable|Calm Mind|p1a: Clefable\n|-boost|p1a: Clefable|spa|1\n|-boost|p1a: Clefable|spd|1\n|\n|upkeep\n|turn|7\n|\n|t:|1776378608\n|move|p2a: Clefable|Stored Power|p1a: Clefable\n|-damage|p1a: Clefable|81/100\n|move|p1a: Clefable|Calm Mind|p1a: Clefable\n|-boost|p1a: Clefable|spa|1\n|-boost|p1a: Clefable|spd|1\n|\n|upkeep\n|turn|8\n|\n|t:|1776378613\n|move|p2a: Clefable|Stored Power|p1a: Clefable\n|-damage|p1a: Clefable|67/100\n|move|p1a: Clefable|Calm Mind|p1a: Clefable\n|-boost|p1a: Clefable|spa|1\n|-boost|p1a: Clefable|spd|1\n|\n|upkeep\n|turn|9\n|\n|t:|1776378617\n|move|p2a: Clefable|Cosmic Power|p2a: Clefable\n|-boost|p2a: Clefable|def|1\n|-boost|p2a: Clefable|spd|1\n|move|p1a: Clefable|Calm Mind|p1a: Clefable\n|-boost|p1a: Clefable|spa|1\n|-boost|p1a: Clefable|spd|1\n|\n|upkeep\n|turn|10\n|\n|t:|1776378621\n|move|p2a: Clefable|Cosmic Power|p2a: Clefable\n|-boost|p2a: Clefable|def|1\n|-boost|p2a: Clefable|spd|1\n|move|p1a: Clefable|Calm Mind|p1a: Clefable\n|-boost|p1a: Clefable|spa|1\n|-boost|p1a: Clefable|spd|1\n|\n|upkeep\n|turn|11\n|\n|t:|1776378626\n|move|p2a: Clefable|Cosmic Power|p2a: Clefable\n|-boost|p2a: Clefable|def|1\n|-boost|p2a: Clefable|spd|1\n|move|p1a: Clefable|Calm Mind|p1a: Clefable\n|-boost|p1a: Clefable|spa|1\n|-boost|p1a: Clefable|spd|1\n|\n|upkeep\n|turn|12\n|\n|t:|1776378630\n|move|p2a: Clefable|Stored Power|p1a: Clefable\n|-damage|p1a: Clefable|53/100\n|move|p1a: Clefable|Moonlight|p1a: Clefable\n|-heal|p1a: Clefable|100/100\n|\n|upkeep\n|turn|13\n|\n|t:|1776378636\n|move|p2a: Clefable|Stored Power|p1a: Clefable\n|-damage|p1a: Clefable|85/100\n|move|p1a: Clefable|Moonblast|p2a: Clefable\n|-damage|p2a: Clefable|14/100\n|\n|upkeep\n|turn|14\n|\n|t:|1776378648\n|move|p2a: Clefable|Moonlight|p2a: Clefable\n|-heal|p2a: Clefable|64/100\n|move|p1a: Clefable|Moonblast|p2a: Clefable\n|-damage|p2a: Clefable|0 fnt\n|faint|p2a: Clefable\n|\n|upkeep\n|\n|t:|1776378654\n|switch|p2a: Kingambit|Kingambit, L50, F|100/100\n|turn|15\n|\n|t:|1776378661\n|detailschange|p1a: Clefable|Clefable-Mega, L50, F\n|-mega|p1a: Clefable|Clefable|Clefablite\n|move|p2a: Kingambit|Iron Head|p1a: Clefable\n|-supereffective|p1a: Clefable|1\n|-damage|p1a: Clefable|14/100\n|move|p1a: Clefable|Moonblast|p2a: Kingambit\n|-damage|p2a: Kingambit|0 fnt\n|faint|p2a: Kingambit\n|\n|upkeep\n|\n|t:|1776378667\n|switch|p2a: Espathra|Espathra, L50, M|95/100 brn\n|turn|16\n|\n|t:|1776378678\n|move|p2a: Espathra|Lumina Crash|p1a: Clefable\n|-damage|p1a: Clefable|9/100\n|-unboost|p1a: Clefable|spd|2\n|move|p1a: Clefable|Moonlight|p1a: Clefable\n|-heal|p1a: Clefable|59/100\n|\n|-damage|p2a: Espathra|89/100 brn|[from] brn\n|-ability|p2a: Espathra|Speed Boost|boost\n|-boost|p2a: Espathra|spe|1\n|upkeep\n|turn|17\n|\n|t:|1776378686\n|move|p2a: Espathra|Lumina Crash|p1a: Clefable\n|-crit|p1a: Clefable\n|-damage|p1a: Clefable|30/100\n|-unboost|p1a: Clefable|spd|2\n|move|p1a: Clefable|Moonblast|p2a: Espathra\n|-damage|p2a: Espathra|0 fnt\n|faint|p2a: Espathra\n|\n|win|Floppa Fan 52\n|raw|Floppa Fan 52's rating: 1000 &rarr; <strong>1040</strong><br />(+40 for winning)\n|raw|TKW098's rating: 1000 &rarr; <strong>1000</strong><br />(+0 for losing)\n|l|\u2606TKW098\n|player|p2|\n",
  "uploadtime": 1776378700,
  "views": 19,
  "formatid": "gen9championsbssregma",
  "rating": 1000,
  "private": 0,
  "password": null
}