{
  "id": "gen9championsbssregma-2582138806",
  "format": "[Gen 9 Champions] BSS Reg M-A",
  "players": [
    "S0fiane",
    "chanmin"
  ],
  "log": "|j|\u2606S0fiane\n|j|\u2606chanmin\n|t:|1776062986\n|gametype|singles\n|player|p1|S0fiane|boarder|1331\n|player|p2|chanmin|1|1282\n|gen|9\n|tier|[Gen 9 Champions] BSS Reg M-A\n|rated|\n|rule|Species Clause: Limit one of each Pok\u00e9mon\n|rule|Item Clause: Limit 1 of each item\n|clearpoke\n|poke|p1|Scizor, L50, M|\n|poke|p1|Lopunny, L50, M|\n|poke|p1|Archaludon, L50, M|\n|poke|p1|Dragapult, L50, M|\n|poke|p1|Greninja-*, L50, M|\n|poke|p1|Zoroark-Hisui, L50, F|\n|poke|p2|Scovillain, L50, F|\n|poke|p2|Araquanid, L50, M|\n|poke|p2|Kangaskhan, L50, F|\n|poke|p2|Archaludon, L50, F|\n|poke|p2|Arcanine-Hisui, L50, F|\n|poke|p2|Rotom-Wash, L50|\n|teampreview|3\n|inactive|Battle timer is ON: inactive players will automatically lose when time's up. (requested by S0fiane)\n|inactive|chanmin has 60 seconds left.\n|\n|t:|1776063023\n|teamsize|p1|3\n|teamsize|p2|3\n|start\n|switch|p1a: Archaludon|Archaludon, L50, M|100/100\n|switch|p2a: Araquanid|Araquanid, L50, M|100/100\n|turn|1\n|\n|t:|1776063032\n|move|p1a: Archaludon|Thunder Wave|p2a: Araquanid\n|-status|p2a: Araquanid|par\n|move|p2a: Araquanid|Sticky Web|p1a: Archaludon\n|-sidestart|p1: S0fiane|move: Sticky Web\n|\n|upkeep\n|turn|2\n|\n|t:|1776063038\n|move|p1a: Archaludon|Stealth Rock|p2a: Araquanid\n|-sidestart|p2: chanmin|move: Stealth Rock\n|move|p2a: Araquanid|Surf|p1a: Archaludon\n|-resisted|p1a: Archaludon|1\n|-damage|p1a: Archaludon|56/100\n|\n|upkeep\n|turn|3\n|\n|t:|1776063054\n|move|p1a: Archaludon|Flash Cannon|p2a: Araquanid\n|-resisted|p2a: Araquanid|1\n|-damage|p2a: Araquanid|85/100 par\n|-unboost|p2a: Araquanid|spd|1\n|move|p2a: Araquanid|Mirror Coat|p1a: Archaludon\n|-damage|p1a: Archaludon|23/100\n|\n|upkeep\n|turn|4\n|\n|t:|1776063062\n|move|p1a: Archaludon|Draco Meteor|p2a: Araquanid\n|-damage|p2a: Araquanid|1/100 par\n|-unboost|p1a: Archaludon|spa|2\n|-enditem|p1a: Archaludon|White Herb\n|-clearnegativeboost|p1a: Archaludon|[silent]\n|move|p2a: Araquanid|Surf|p1a: Archaludon\n|-resisted|p1a: Archaludon|1\n|-damage|p1a: Archaludon|0 fnt\n|faint|p1a: Archaludon\n|\n|upkeep\n|\n|t:|1776063065\n|switch|p1a: Scizor|Scizor, L50, M|100/100\n|-activate|p1a: Scizor|move: Sticky Web\n|-unboost|p1a: Scizor|spe|1\n|turn|5\n|\n|t:|1776063077\n|move|p1a: Scizor|Swords Dance|p1a: Scizor\n|-boost|p1a: Scizor|atk|2\n|move|p2a: Araquanid|Surf|p1a: Scizor\n|-crit|p1a: Scizor\n|-damage|p1a: Scizor|0 fnt\n|faint|p1a: Scizor\n|\n|upkeep\n|inactive|S0fiane has 30 seconds left.\n|inactive|S0fiane has 20 seconds left.\n|inactive|S0fiane has 15 seconds left.\n|inactive|S0fiane has 10 seconds left.\n|inactive|S0fiane has 5 seconds left.\n|c|\u2606S0fiane|WoW \u2026. Fulll speDef  sure you dont kill without the crit\n|\n|t:|1776063130\n|switch|p1a: Greninja|Greninja, L50, M|100/100\n|-activate|p1a: Greninja|move: Sticky Web\n|-unboost|p1a: Greninja|spe|1\n|turn|6\n|c|\u2606chanmin|dont rly matter tbh\n|c|\u2606S0fiane|I calc it\n|c|\u2606chanmin|with gren in your back you aint winning lol\n|inactive|chanmin has 30 seconds left.\n|\n|t:|1776063160\n|move|p1a: Greninja|Dark Pulse|p2a: Araquanid\n|-start|p1a: Greninja|typechange|Dark|[from] ability: Protean\n|-damage|p2a: Araquanid|0 fnt\n|faint|p2a: Araquanid\n|\n|upkeep\n|\n|t:|1776063172\n|switch|p2a: Rotom|Rotom-Wash, L50|100/100\n|-damage|p2a: Rotom|88/100|[from] Stealth Rock\n|turn|7\n|j| p74\n|\n|t:|1776063186\n|detailschange|p1a: Greninja|Greninja-Mega, L50, M\n|-mega|p1a: Greninja|Greninja|Greninjite\n|move|p1a: Greninja|Sludge Wave|p2a: Rotom\n|-start|p1a: Greninja|typechange|Poison|[from] ability: Protean\n|-damage|p2a: Rotom|38/100\n|-enditem|p2a: Rotom|Sitrus Berry|[eat]\n|-heal|p2a: Rotom|63/100|[from] item: Sitrus Berry\n|move|p2a: Rotom|Thunderbolt|p1a: Greninja\n|-damage|p1a: Greninja|35/100\n|\n|upkeep\n|turn|8\n|\n|t:|1776063200\n|move|p1a: Greninja|Dark Pulse|p2a: Rotom\n|-damage|p2a: Rotom|34/100\n|move|p2a: Rotom|Thunderbolt|p1a: Greninja\n|-crit|p1a: Greninja\n|-damage|p1a: Greninja|0 fnt\n|faint|p1a: Greninja\n|\n|win|chanmin\n|raw|S0fiane's rating: 1331 &rarr; <strong>1308</strong><br />(-23 for losing)\n|raw|chanmin's rating: 1282 &rarr; <strong>1311</strong><br />(+29 for winning)\n|l|\u2606S0fiane\n|player|p1|\n|l|\u2606chanmin\n|player|p2|\n",
  "uploadtime": 1776063294,
  "views": 5,
  "formatid": "gen9championsbssregma",
  "rating": 1308,
  "private": 0,
  "password": null
}