{
  "id": "gen9championsbssregma-2582726478",
  "format": "[Gen 9 Champions] BSS Reg M-A",
  "players": [
    "ST33LH3ART",
    "deepseazapdos"
  ],
  "log": "|j|\u2606ST33LH3ART\n|j|\u2606deepseazapdos\n|t:|1776109898\n|gametype|singles\n|player|p1|ST33LH3ART|cynthia-gen4|1025\n|player|p2|deepseazapdos|nate|1086\n|gen|9\n|tier|[Gen 9 Champions] BSS Reg M-A\n|rated|\n|rule|Species Clause: Limit one of each Pok\u00e9mon\n|rule|Item Clause: Limit 1 of each item\n|clearpoke\n|poke|p1|Froslass, L50, F|\n|poke|p1|Orthworm, L50, M|\n|poke|p1|Garchomp, L50, M|\n|poke|p1|Ceruledge, L50, M|\n|poke|p1|Ninetales-Alola, L50, F|\n|poke|p1|Archaludon, L50, F|\n|poke|p2|Meowscarada, L50, M|\n|poke|p2|Gengar, L50, F|\n|poke|p2|Ditto, L50|\n|poke|p2|Gyarados, L50, M|\n|poke|p2|Primarina, L50, M|\n|poke|p2|Bellibolt, L50, M|\n|teampreview|3\n|inactive|Battle timer is ON: inactive players will automatically lose when time's up. (requested by ST33LH3ART)\n|c|\u2606ST33LH3ART|GL\n|c|\u2606ST33LH3ART|nice ditto\n|c|\u2606deepseazapdos|glhf\n|c|\u2606deepseazapdos|Thanks!\n|\n|t:|1776109936\n|teamsize|p1|3\n|teamsize|p2|3\n|start\n|switch|p1a: Orthworm|Orthworm, L50, M, shiny|100/100\n|switch|p2a: Meowscarada|Meowscarada, L50, M|100/100\n|turn|1\n|\n|t:|1776109943\n|move|p2a: Meowscarada|Knock Off|p1a: Orthworm\n|-start|p2a: Meowscarada|typechange|Dark|[from] ability: Protean\n|-damage|p1a: Orthworm|73/100\n|-enditem|p1a: Orthworm|Leftovers|[from] move: Knock Off|[of] p2a: Meowscarada\n|move|p1a: Orthworm|Shed Tail|p1a: Orthworm\n|-start|p1a: Orthworm|Substitute|[from] move: Shed Tail\n|-damage|p1a: Orthworm|23/100\n|\n|t:|1776109954\n|switch|p1a: Ceruledge|Ceruledge, L50, M, shiny|100/100|[from] Shed Tail\n|\n|upkeep\n|turn|2\n|\n|t:|1776109963\n|move|p2a: Meowscarada|Knock Off|p1a: Ceruledge\n|-supereffective|p1a: Ceruledge|1\n|-end|p1a: Ceruledge|Substitute\n|move|p1a: Ceruledge|Swords Dance|p1a: Ceruledge\n|-boost|p1a: Ceruledge|atk|2\n|\n|upkeep\n|turn|3\n|\n|t:|1776109969\n|switch|p2a: Primarina|Primarina, L50, M|100/100\n|move|p1a: Ceruledge|Bitter Blade|p2a: Primarina\n|-resisted|p2a: Primarina|1\n|-damage|p2a: Primarina|63/100\n|\n|upkeep\n|turn|4\n|\n|t:|1776109983\n|move|p1a: Ceruledge|Shadow Sneak|p2a: Primarina\n|-damage|p2a: Primarina|27/100\n|-enditem|p2a: Primarina|Sitrus Berry|[eat]\n|-heal|p2a: Primarina|51/100|[from] item: Sitrus Berry\n|move|p2a: Primarina|Flip Turn|p1a: Ceruledge\n|-supereffective|p1a: Ceruledge|1\n|-crit|p1a: Ceruledge\n|-damage|p1a: Ceruledge|32/100\n|\n|t:|1776109993\n|switch|p2a: Meowscarada|Meowscarada, L50, M|100/100|[from] Flip Turn\n|\n|upkeep\n|turn|5\n|\n|t:|1776110002\n|move|p2a: Meowscarada|Sucker Punch|p1a: Ceruledge\n|-start|p2a: Meowscarada|typechange|Dark|[from] ability: Protean\n|-supereffective|p1a: Ceruledge|1\n|-damage|p1a: Ceruledge|0 fnt\n|faint|p1a: Ceruledge\n|\n|upkeep\n|\n|t:|1776110008\n|switch|p1a: Froslass|Froslass, L50, F, shiny|100/100\n|turn|6\n|\n|t:|1776110014\n|detailschange|p1a: Froslass|Froslass-Mega, L50, F, shiny\n|-mega|p1a: Froslass|Froslass|Froslassite\n|-weather|Snowscape|[from] ability: Snow Warning|[of] p1a: Froslass\n|move|p2a: Meowscarada|Knock Off|p1a: Froslass\n|-supereffective|p1a: Froslass|1\n|-damage|p1a: Froslass|33/100\n|move|p1a: Froslass|Blizzard|p2a: Meowscarada\n|-damage|p2a: Meowscarada|10/100\n|\n|-weather|Snowscape|[upkeep]\n|upkeep\n|turn|7\n|\n|t:|1776110024\n|move|p1a: Froslass|Protect|p1a: Froslass\n|-singleturn|p1a: Froslass|Protect\n|move|p2a: Meowscarada|Knock Off|p1a: Froslass\n|-activate|p1a: Froslass|move: Protect\n|\n|-weather|Snowscape|[upkeep]\n|upkeep\n|turn|8\n|\n|t:|1776110038\n|move|p2a: Meowscarada|Knock Off|p1a: Froslass\n|-supereffective|p1a: Froslass|1\n|-damage|p1a: Froslass|0 fnt\n|faint|p1a: Froslass\n|\n|-weather|Snowscape|[upkeep]\n|upkeep\n|\n|t:|1776110043\n|switch|p1a: Orthworm|Orthworm, L50, M, shiny|23/100\n|turn|9\n|\n|t:|1776110048\n|move|p2a: Meowscarada|Knock Off|p1a: Orthworm\n|-damage|p1a: Orthworm|4/100\n|move|p1a: Orthworm|Body Press|p2a: Meowscarada\n|-supereffective|p2a: Meowscarada|1\n|-damage|p2a: Meowscarada|0 fnt\n|faint|p2a: Meowscarada\n|\n|-weather|Snowscape|[upkeep]\n|upkeep\n|\n|t:|1776110054\n|switch|p2a: Primarina|Primarina, L50, M|51/100\n|turn|10\n|\n|t:|1776110058\n|move|p1a: Orthworm|Protect|p1a: Orthworm\n|-singleturn|p1a: Orthworm|Protect\n|move|p2a: Primarina|Aqua Jet|p1a: Orthworm\n|-activate|p1a: Orthworm|move: Protect\n|\n|-weather|none\n|upkeep\n|turn|11\n|c|\u2606ST33LH3ART|gg\n|c|\u2606deepseazapdos|ggs\n|\n|t:|1776110065\n|move|p2a: Primarina|Aqua Jet|p1a: Orthworm\n|-damage|p1a: Orthworm|0 fnt\n|faint|p1a: Orthworm\n|\n|win|deepseazapdos\n|raw|ST33LH3ART's rating: 1025 &rarr; <strong>1014</strong><br />(-11 for losing)\n|raw|deepseazapdos's rating: 1086 &rarr; <strong>1108</strong><br />(+22 for winning)\n|c|\u2606deepseazapdos|Cool orthworm btw\n|c|\u2606ST33LH3ART|thx.\n|c|\u2606deepseazapdos|Haven't seen shed tail on the cartridge ladder\n|c|\u2606ST33LH3ART|all my pokemon are shinies, but it's the only good one\n|c|\u2606ST33LH3ART|gotta go put priority on froslass\n|l|\u2606ST33LH3ART\n|player|p1|\n",
  "uploadtime": 1776110118,
  "views": 2,
  "formatid": "gen9championsbssregma",
  "rating": 1014,
  "private": 0,
  "password": null
}