{
  "id": "gen9championsbssregma-2581548282",
  "format": "[Gen 9 Champions] BSS Reg M-A",
  "players": [
    "spindle pit",
    "Dr. Elite"
  ],
  "log": "|j|\u2606spindle pit\n|j|\u2606Dr. Elite\n|inactive|Battle timer is ON: inactive players will automatically lose when time's up.\n|t:|1776010044\n|gametype|singles\n|player|p1|spindle pit|lucas|\n|player|p2|Dr. Elite|#drelite|\n|gen|9\n|tier|[Gen 9 Champions] BSS Reg M-A\n|rated|Tournament battle\n|rule|Species Clause: Limit one of each Pok\u00e9mon\n|rule|Item Clause: Limit 1 of each item\n|clearpoke\n|poke|p1|Diggersby, L50, F|\n|poke|p1|Araquanid, L50, M|\n|poke|p1|Ceruledge, L50, M|\n|poke|p1|Morpeko, L50, M|\n|poke|p1|Dragonite, L50, M|\n|poke|p1|Decidueye, L50, M|\n|poke|p2|Alakazam, L50, M|\n|poke|p2|Gardevoir, L50, F|\n|poke|p2|Slowking, L50, M|\n|poke|p2|Farigiraf, L50, F|\n|poke|p2|Slowbro, L50, M|\n|poke|p2|Gallade, L50, M|\n|teampreview|3\n|j| ACharizardTrainer\n|j| CloudWatcherTian\n|inactive|spindle pit has 60 seconds left.\n|\n|t:|1776010076\n|teamsize|p1|3\n|teamsize|p2|3\n|start\n|switch|p1a: Decidueye|Decidueye, L50, M|100/100\n|switch|p2a: Lithium|Alakazam, L50, M, shiny|100/100\n|turn|1\n|\n|t:|1776010086\n|move|p1a: Decidueye|Shadow Ball|p2a: Lithium\n|-supereffective|p2a: Lithium|1\n|-damage|p2a: Lithium|5/100\n|move|p2a: Lithium|Thunder Wave|p1a: Decidueye\n|-status|p1a: Decidueye|par\n|\n|upkeep\n|turn|2\n|\n|t:|1776010093\n|switch|p2a: Clozapine|Farigiraf, L50, F, shiny|100/100\n|move|p1a: Decidueye|Shadow Ball|p2a: Clozapine\n|-immune|p2a: Clozapine\n|\n|upkeep\n|turn|3\n|-activate|p2a: Clozapine|item: Quick Claw\n|\n|t:|1776010099\n|switch|p1a: Dragonite|Dragonite, L50, M|100/100\n|move|p2a: Clozapine|Foul Play|p1a: Dragonite\n|-damage|p1a: Dragonite|85/100\n|\n|upkeep\n|turn|4\n|-activate|p2a: Clozapine|item: Quick Claw\n|\n|t:|1776010103\n|detailschange|p1a: Dragonite|Dragonite-Mega, L50, M\n|-mega|p1a: Dragonite|Dragonite|Dragoninite\n|move|p2a: Clozapine|Thunder Wave|p1a: Dragonite\n|-status|p1a: Dragonite|par\n|move|p1a: Dragonite|Draco Meteor|p2a: Clozapine\n|-damage|p2a: Clozapine|26/100\n|-unboost|p1a: Dragonite|spa|2\n|\n|upkeep\n|turn|5\n|-activate|p2a: Clozapine|item: Quick Claw\n|\n|t:|1776010111\n|move|p1a: Dragonite|Extreme Speed||[still]\n|cant|p2a: Clozapine|ability: Armor Tail|Extreme Speed|[of] p1a: Dragonite\n|move|p2a: Clozapine|Light Screen|p2a: Clozapine\n|-sidestart|p2: Dr. Elite|move: Light Screen\n|\n|upkeep\n|turn|6\n|j| shotot28\n|\n|t:|1776010125\n|move|p1a: Dragonite|Draco Meteor|p2a: Clozapine\n|-damage|p2a: Clozapine|8/100\n|-unboost|p1a: Dragonite|spa|2\n|move|p2a: Clozapine|Reflect|p2a: Clozapine\n|-sidestart|p2: Dr. Elite|Reflect\n|\n|upkeep\n|turn|7\n|\n|t:|1776010135\n|switch|p2a: Haloperidol|Slowbro, L50, M, shiny|100/100\n|cant|p1a: Dragonite|par\n|\n|upkeep\n|turn|8\n|\n|t:|1776010139\n|switch|p1a: Decidueye|Decidueye, L50, M|100/100 par\n|move|p2a: Haloperidol|Iron Defense|p2a: Haloperidol\n|-boost|p2a: Haloperidol|def|2\n|\n|upkeep\n|turn|9\n|\n|t:|1776010143\n|detailschange|p2a: Haloperidol|Slowbro-Mega, L50, M, shiny\n|-mega|p2a: Haloperidol|Slowbro|Slowbronite\n|move|p1a: Decidueye|Leaf Storm|p2a: Haloperidol\n|-supereffective|p2a: Haloperidol|1\n|-damage|p2a: Haloperidol|60/100\n|-unboost|p1a: Decidueye|spa|2\n|move|p2a: Haloperidol|Iron Defense|p2a: Haloperidol\n|-boost|p2a: Haloperidol|def|2\n|\n|-sideend|p2: Dr. Elite|move: Light Screen\n|upkeep\n|turn|10\n|j| ekun20\n|c| ekun20|Spindle\n|c|\u2606spindle pit|?\n|c| ekun20|Start cooking\n|\n|t:|1776010162\n|switch|p1a: Dragonite|Dragonite-Mega, L50, M|85/100 par\n|move|p2a: Haloperidol|Calm Mind|p2a: Haloperidol\n|-boost|p2a: Haloperidol|spa|1\n|-boost|p2a: Haloperidol|spd|1\n|\n|-sideend|p2: Dr. Elite|Reflect\n|upkeep\n|turn|11\n|c|\u2606spindle pit|ok\n|\n|t:|1776010167\n|move|p1a: Dragonite|Draco Meteor|p2a: Haloperidol\n|-damage|p2a: Haloperidol|21/100\n|-unboost|p1a: Dragonite|spa|2\n|move|p2a: Haloperidol|Slack Off|p2a: Haloperidol\n|-heal|p2a: Haloperidol|71/100\n|\n|upkeep\n|turn|12\n|\n|t:|1776010173\n|switch|p1a: Ceruledge|Ceruledge, L50, M|100/100\n|move|p2a: Haloperidol|Calm Mind|p2a: Haloperidol\n|-boost|p2a: Haloperidol|spa|1\n|-boost|p2a: Haloperidol|spd|1\n|\n|upkeep\n|turn|13\n|\n|t:|1776010177\n|move|p1a: Ceruledge|Poltergeist|p2a: Haloperidol\n|-activate|p2a: Haloperidol|move: Poltergeist|Slowbronite\n|-supereffective|p2a: Haloperidol|1\n|-damage|p2a: Haloperidol|48/100\n|move|p2a: Haloperidol|Scald|p1a: Ceruledge\n|-supereffective|p1a: Ceruledge|1\n|-enditem|p1a: Ceruledge|Focus Sash\n|-damage|p1a: Ceruledge|1/100\n|\n|upkeep\n|turn|14\n|\n|t:|1776010182\n|move|p1a: Ceruledge|Destiny Bond|p1a: Ceruledge\n|-singlemove|p1a: Ceruledge|Destiny Bond\n|move|p2a: Haloperidol|Slack Off|p2a: Haloperidol\n|-heal|p2a: Haloperidol|98/100\n|\n|upkeep\n|turn|15\n|\n|t:|1776010189\n|switch|p1a: Dragonite|Dragonite-Mega, L50, M|85/100 par\n|move|p2a: Haloperidol|Scald|p1a: Dragonite\n|-resisted|p1a: Dragonite|1\n|-damage|p1a: Dragonite|49/100 par\n|\n|upkeep\n|turn|16\n|\n|t:|1776010198\n|move|p1a: Dragonite|Draco Meteor|p2a: Haloperidol\n|-damage|p2a: Haloperidol|70/100\n|-unboost|p1a: Dragonite|spa|2\n|move|p2a: Haloperidol|Calm Mind|p2a: Haloperidol\n|-boost|p2a: Haloperidol|spa|1\n|-boost|p2a: Haloperidol|spd|1\n|\n|upkeep\n|turn|17\n|\n|t:|1776010202\n|move|p1a: Dragonite|Extreme Speed|p2a: Haloperidol\n|-damage|p2a: Haloperidol|66/100\n|move|p2a: Haloperidol|Slack Off|p2a: Haloperidol\n|-heal|p2a: Haloperidol|100/100\n|\n|upkeep\n|turn|18\n|l| shotot28\n|c| ACharizardTrainer|Game is over, gg to Elite\n|\n|t:|1776010210\n|switch|p1a: Decidueye|Decidueye, L50, M|100/100 par\n|move|p2a: Haloperidol|Scald|p1a: Decidueye\n|-resisted|p1a: Decidueye|1\n|-damage|p1a: Decidueye|46/100 par\n|\n|upkeep\n|turn|19\n|c| ekun20|No\n|c| ekun20|He could still\n|\n|t:|1776010227\n|move|p1a: Decidueye|Shadow Ball|p2a: Haloperidol\n|-supereffective|p2a: Haloperidol|1\n|-damage|p2a: Haloperidol|80/100\n|move|p2a: Haloperidol|Scald|p1a: Decidueye\n|-resisted|p1a: Decidueye|1\n|-damage|p1a: Decidueye|0 fnt\n|faint|p1a: Decidueye\n|\n|upkeep\n|\n|t:|1776010229\n|switch|p1a: Ceruledge|Ceruledge, L50, M|1/100\n|turn|20\n|\n|t:|1776010236\n|move|p1a: Ceruledge|Destiny Bond|p1a: Ceruledge\n|-singlemove|p1a: Ceruledge|Destiny Bond\n|move|p2a: Haloperidol|Iron Defense|p2a: Haloperidol\n|-boost|p2a: Haloperidol|def|2\n|\n|upkeep\n|turn|21\n|\n|t:|1776010241\n|switch|p1a: Dragonite|Dragonite-Mega, L50, M|49/100 par\n|move|p2a: Haloperidol|Scald|p1a: Dragonite\n|-resisted|p1a: Dragonite|1\n|-damage|p1a: Dragonite|7/100 par\n|\n|upkeep\n|turn|22\n|\n|t:|1776010247\n|move|p1a: Dragonite|Draco Meteor|p2a: Haloperidol\n|-damage|p2a: Haloperidol|56/100\n|-unboost|p1a: Dragonite|spa|2\n|move|p2a: Haloperidol|Slack Off|p2a: Haloperidol\n|-heal|p2a: Haloperidol|100/100\n|\n|upkeep\n|turn|23\n|\n|t:|1776010251\n|cant|p1a: Dragonite|par\n|move|p2a: Haloperidol|Scald|p1a: Dragonite\n|-resisted|p1a: Dragonite|1\n|-damage|p1a: Dragonite|0 fnt\n|faint|p1a: Dragonite\n|\n|upkeep\n|\n|t:|1776010257\n|switch|p1a: Ceruledge|Ceruledge, L50, M|1/100\n|turn|24\n|c|\u2606spindle pit|gg\n|c| ACharizardTrainer|Elite got this wrapped up\n|j| sjjjjjjj\n|\n|t:|1776010265\n|move|p1a: Ceruledge|Destiny Bond|p1a: Ceruledge\n|-singlemove|p1a: Ceruledge|Destiny Bond\n|move|p2a: Haloperidol|Calm Mind|p2a: Haloperidol\n|-boost|p2a: Haloperidol|spa|1\n|-boost|p2a: Haloperidol|spd|1\n|\n|upkeep\n|turn|25\n|c| ACharizardTrainer|Slowbro is too broken with boosts\n|\n|t:|1776010274\n|move|p1a: Ceruledge|Poltergeist|p2a: Haloperidol|[miss]\n|-miss|p1a: Ceruledge|p2a: Haloperidol\n|move|p2a: Haloperidol|Scald|p1a: Ceruledge\n|-supereffective|p1a: Ceruledge|1\n|-damage|p1a: Ceruledge|0 fnt\n|faint|p1a: Ceruledge\n|\n|win|Dr. Elite\n|n|\u2606spindle pit|spindlepit\n|n|\u2606Dr. Elite|drelite\n|n| ACharizardTrainer|acharizardtrainer\n|n| CloudWatcherTian|cloudwatchertian\n|n| ekun20|ekun20\n|n| sjjjjjjj|sjjjjjjj\n",
  "uploadtime": 1776010274,
  "views": 12,
  "formatid": "gen9championsbssregma",
  "rating": null,
  "private": 0,
  "password": null
}