{
  "id": "gen9championsbssregma-2584614303",
  "format": "[Gen 9 Champions] BSS Reg M-A",
  "players": [
    "Millygan15",
    "cokesensei"
  ],
  "log": "|j|\u2606Millygan15\n|j|\u2606cokesensei\n|t:|1776272201\n|gametype|singles\n|player|p1|Millygan15|volkner|1080\n|player|p2|cokesensei|169|1022\n|gen|9\n|tier|[Gen 9 Champions] BSS Reg M-A\n|rated|\n|rule|Species Clause: Limit one of each Pok\u00e9mon\n|rule|Item Clause: Limit 1 of each item\n|clearpoke\n|poke|p1|Garchomp, L50, M|\n|poke|p1|Corviknight, L50, M|\n|poke|p1|Meganium, L50, M|\n|poke|p1|Greninja-*, L50, F|\n|poke|p1|Arcanine-Hisui, L50, M|\n|poke|p1|Zoroark-Hisui, L50, M|\n|poke|p2|Greninja-*, L50, F|\n|poke|p2|Dragapult, L50, F|\n|poke|p2|Incineroar, L50, F|\n|poke|p2|Garchomp, L50, M|\n|poke|p2|Pelipper, L50, M|\n|poke|p2|Charizard, L50, M|\n|teampreview|3\n|inactive|Battle timer is ON: inactive players will automatically lose when time's up. (requested by Millygan15)\n|\n|t:|1776272234\n|teamsize|p1|3\n|teamsize|p2|3\n|start\n|switch|p1a: Garchomp|Garchomp, L50, M|100/100\n|switch|p2a: Incineroar|Incineroar, L50, F|100/100\n|-ability|p2a: Incineroar|Intimidate|boost\n|-unboost|p1a: Garchomp|atk|1\n|turn|1\n|\n|t:|1776272246\n|move|p2a: Incineroar|Fake Out|p1a: Garchomp\n|-immune|p1a: Garchomp\n|move|p1a: Garchomp|Icy Wind|p2a: Incineroar\n|-resisted|p2a: Incineroar|1\n|-damage|p2a: Incineroar|93/100\n|-unboost|p2a: Incineroar|spe|1\n|\n|upkeep\n|turn|2\n|\n|t:|1776272256\n|move|p1a: Garchomp|Bitter Malice|p2a: Incineroar\n|-resisted|p2a: Incineroar|1\n|-damage|p2a: Incineroar|78/100\n|-unboost|p2a: Incineroar|atk|1\n|move|p2a: Incineroar|Parting Shot|p1a: Garchomp\n|-unboost|p1a: Garchomp|atk|1\n|-unboost|p1a: Garchomp|spa|1\n|\n|t:|1776272266\n|switch|p2a: Dragapult|Dragapult, L50, F|100/100|[from] Parting Shot\n|\n|upkeep\n|turn|3\n|\n|t:|1776272272\n|move|p2a: Dragapult|Sucker Punch|p1a: Garchomp\n|-supereffective|p1a: Garchomp|1\n|-damage|p1a: Garchomp|21/100\n|replace|p1a: Vulpen|Zoroark-Hisui, L50, M, shiny\n|-end|p1a: Vulpen|Illusion\n|move|p1a: Vulpen|Icy Wind|p2a: Dragapult\n|-supereffective|p2a: Dragapult|1\n|-damage|p2a: Dragapult|71/100\n|\n|upkeep\n|turn|4\n|\n|t:|1776272286\n|move|p2a: Dragapult|Sucker Punch|p1a: Vulpen\n|-supereffective|p1a: Vulpen|1\n|-damage|p1a: Vulpen|0 fnt\n|faint|p1a: Vulpen\n|\n|upkeep\n|\n|t:|1776272289\n|switch|p1a: Arcanine|Arcanine-Hisui, L50, M|100/100\n|turn|5\n|\n|t:|1776272304\n|move|p2a: Dragapult|Dragon Darts|p1a: Arcanine\n|-damage|p1a: Arcanine|72/100\n|-anim|p2a: Dragapult|Dragon Darts|p1a: Arcanine\n|-damage|p1a: Arcanine|39/100\n|move|p1a: Arcanine|Head Smash|p2a: Dragapult\n|-damage|p2a: Dragapult|0 fnt\n|faint|p2a: Dragapult\n|\n|upkeep\n|\n|t:|1776272315\n|switch|p2a: Incineroar|Incineroar, L50, F|78/100\n|-ability|p2a: Incineroar|Intimidate|boost\n|-unboost|p1a: Arcanine|atk|1\n|turn|6\n|\n|t:|1776272321\n|switch|p1a: Garchomp|Garchomp, L50, M|100/100\n|move|p2a: Incineroar|Fake Out|p1a: Garchomp\n|-damage|p1a: Garchomp|89/100\n|-damage|p2a: Incineroar|66/100|[from] ability: Rough Skin|[of] p1a: Garchomp\n|\n|upkeep\n|turn|7\n|\n|t:|1776272332\n|switch|p2a: Charizard|Charizard, L50, M|100/100\n|move|p1a: Garchomp|Swords Dance|p1a: Garchomp\n|-boost|p1a: Garchomp|atk|2\n|\n|upkeep\n|turn|8\n|\n|t:|1776272345\n|move|p2a: Charizard|Protect|p2a: Charizard\n|-singleturn|p2a: Charizard|Protect\n|move|p1a: Garchomp|Dragon Claw|p2a: Charizard\n|-activate|p2a: Charizard|move: Protect\n|\n|upkeep\n|turn|9\n|\n|t:|1776272362\n|switch|p2a: Incineroar|Incineroar, L50, F|66/100\n|-ability|p2a: Incineroar|Intimidate|boost\n|-unboost|p1a: Garchomp|atk|1\n|move|p1a: Garchomp|Dragon Claw|p2a: Incineroar\n|-damage|p2a: Incineroar|15/100\n|\n|upkeep\n|turn|10\n|\n|t:|1776272370\n|move|p1a: Garchomp|Swords Dance|p1a: Garchomp\n|-boost|p1a: Garchomp|atk|2\n|move|p2a: Incineroar|Parting Shot|p1a: Garchomp\n|-unboost|p1a: Garchomp|atk|1\n|-unboost|p1a: Garchomp|spa|1\n|\n|t:|1776272377\n|switch|p2a: Charizard|Charizard, L50, M|100/100|[from] Parting Shot\n|\n|upkeep\n|turn|11\n|\n|t:|1776272383\n|move|p2a: Charizard|Protect|p2a: Charizard\n|-singleturn|p2a: Charizard|Protect\n|move|p1a: Garchomp|Dragon Claw|p2a: Charizard\n|-activate|p2a: Charizard|move: Protect\n|\n|upkeep\n|turn|12\n|\n|t:|1776272394\n|detailschange|p2a: Charizard|Charizard-Mega-Y, L50, M\n|-mega|p2a: Charizard|Charizard|Charizardite Y\n|-weather|SunnyDay|[from] ability: Drought|[of] p2a: Charizard\n|move|p1a: Garchomp|Swords Dance|p1a: Garchomp\n|-boost|p1a: Garchomp|atk|2\n|move|p2a: Charizard|Weather Ball|p1a: Garchomp\n|-resisted|p1a: Garchomp|1\n|-damage|p1a: Garchomp|37/100\n|\n|-weather|SunnyDay|[upkeep]\n|upkeep\n|turn|13\n|\n|t:|1776272406\n|move|p2a: Charizard|Protect|p2a: Charizard\n|-singleturn|p2a: Charizard|Protect\n|move|p1a: Garchomp|Dragon Claw|p2a: Charizard\n|-activate|p2a: Charizard|move: Protect\n|\n|-weather|SunnyDay|[upkeep]\n|upkeep\n|turn|14\n|\n|t:|1776272416\n|switch|p2a: Incineroar|Incineroar, L50, F|15/100\n|-ability|p2a: Incineroar|Intimidate|boost\n|-unboost|p1a: Garchomp|atk|1\n|move|p1a: Garchomp|Dragon Claw|p2a: Incineroar\n|-damage|p2a: Incineroar|0 fnt\n|faint|p2a: Incineroar\n|\n|-weather|SunnyDay|[upkeep]\n|upkeep\n|\n|t:|1776272427\n|switch|p2a: Charizard|Charizard-Mega-Y, L50, M|100/100\n|turn|15\n|\n|t:|1776272434\n|move|p1a: Garchomp|Dragon Claw|p2a: Charizard\n|-damage|p2a: Charizard|0 fnt\n|faint|p2a: Charizard\n|\n|win|Millygan15\n|raw|Millygan15's rating: 1080 &rarr; <strong>1103</strong><br />(+23 for winning)\n|raw|cokesensei's rating: 1022 &rarr; <strong>1011</strong><br />(-11 for losing)\n",
  "uploadtime": 1776272443,
  "views": 4,
  "formatid": "gen9championsbssregma",
  "rating": 1011,
  "private": 0,
  "password": null
}