{
  "id": "gen9championsbssregma-2587707443",
  "format": "[Gen 9 Champions] BSS Reg M-A",
  "players": [
    "peko877",
    "ruriripoke"
  ],
  "log": "|j|\u2606peko877\n|j|\u2606ruriripoke\n|t:|1776555929\n|gametype|singles\n|player|p1|peko877|iono|1333\n|player|p2|ruriripoke|265|1396\n|gen|9\n|tier|[Gen 9 Champions] BSS Reg M-A\n|rated|\n|rule|Species Clause: Limit one of each Pok\u00e9mon\n|rule|Item Clause: Limit 1 of each item\n|clearpoke\n|poke|p1|Greninja, L50, M, shiny|\n|poke|p1|Kingambit, L50, M, shiny|\n|poke|p1|Garchomp, L50, M, shiny|\n|poke|p1|Primarina, L50, F, shiny|\n|poke|p1|Volcarona, L50, M, shiny|\n|poke|p1|Bellibolt, L50, M, shiny|\n|poke|p2|Hippowdon, L50, M|\n|poke|p2|Charizard, L50, M|\n|poke|p2|Primarina, L50, F|\n|poke|p2|Meowscarada, L50, F|\n|poke|p2|Gengar, L50, F|\n|poke|p2|Kingambit, L50, F|\n|teampreview|3\n|inactive|Battle timer is ON: inactive players will automatically lose when time's up. (requested by ruriripoke)\n|j| huhyuhyuhyuh\n|j| ZwagTastic\n|j| p74\n|inactive|ruriripoke has 60 seconds left.\n|inactive|ruriripoke has 30 seconds left.\n|\n|t:|1776555990\n|teamsize|p1|3\n|teamsize|p2|3\n|start\n|switch|p1a: Primarina|Primarina, L50, F, shiny|100/100\n|switch|p2a: Meowscarada|Meowscarada, L50, F|100/100\n|turn|1\n|\n|t:|1776555996\n|switch|p1a: Kingambit|Kingambit, L50, M, shiny|100/100\n|move|p2a: Meowscarada|Flower Trick|p1a: Kingambit\n|-start|p2a: Meowscarada|typechange|Grass|[from] ability: Protean\n|-resisted|p1a: Kingambit|1\n|-crit|p1a: Kingambit\n|-damage|p1a: Kingambit|82/100\n|\n|upkeep\n|turn|2\n|\n|t:|1776556000\n|switch|p2a: Hippowdon|Hippowdon, L50, M|100/100\n|-weather|Sandstorm|[from] ability: Sand Stream|[of] p2a: Hippowdon\n|move|p1a: Kingambit|Kowtow Cleave|p2a: Hippowdon\n|-damage|p2a: Hippowdon|75/100\n|\n|-weather|Sandstorm|[upkeep]\n|upkeep\n|turn|3\n|\n|t:|1776556004\n|-end|p1a: Kingambit|fallenundefined|[silent]\n|switch|p1a: Primarina|Primarina, L50, F, shiny|100/100\n|move|p2a: Hippowdon|Yawn|p1a: Primarina\n|-start|p1a: Primarina|move: Yawn|[of] p2a: Hippowdon\n|\n|-weather|Sandstorm|[upkeep]\n|-damage|p1a: Primarina|95/100|[from] Sandstorm\n|-heal|p1a: Primarina|100/100|[from] item: Leftovers\n|upkeep\n|turn|4\n|\n|t:|1776556006\n|move|p1a: Primarina|Encore|p2a: Hippowdon\n|-start|p2a: Hippowdon|Encore\n|move|p2a: Hippowdon|Yawn||[still]\n|-fail|p2a: Hippowdon\n|\n|-weather|Sandstorm|[upkeep]\n|-damage|p1a: Primarina|95/100|[from] Sandstorm\n|-heal|p1a: Primarina|100/100|[from] item: Leftovers\n|-end|p1a: Primarina|move: Yawn|[silent]\n|-status|p1a: Primarina|slp\n|upkeep\n|turn|5\n|\n|t:|1776556013\n|switch|p2a: Charizard|Charizard, L50, M|100/100\n|cant|p1a: Primarina|slp\n|\n|-weather|Sandstorm|[upkeep]\n|-damage|p2a: Charizard|95/100|[from] Sandstorm\n|-damage|p1a: Primarina|95/100 slp|[from] Sandstorm\n|-heal|p1a: Primarina|100/100 slp|[from] item: Leftovers\n|upkeep\n|turn|6\n|\n|t:|1776556018\n|detailschange|p2a: Charizard|Charizard-Mega-X, L50, M\n|-mega|p2a: Charizard|Charizard|Charizardite X\n|move|p2a: Charizard|Dragon Dance|p2a: Charizard\n|-boost|p2a: Charizard|atk|1\n|-boost|p2a: Charizard|spe|1\n|cant|p1a: Primarina|slp\n|\n|-weather|none\n|upkeep\n|turn|7\n|\n|t:|1776556022\n|move|p2a: Charizard|Thunder Punch|p1a: Primarina\n|-supereffective|p1a: Primarina|1\n|-damage|p1a: Primarina|0 fnt\n|faint|p1a: Primarina\n|\n|upkeep\n|\n|t:|1776556024\n|switch|p1a: Bellibolt|Bellibolt, L50, M, shiny|100/100\n|turn|8\n|\n|t:|1776556026\n|move|p2a: Charizard|Flare Blitz|p1a: Bellibolt\n|-damage|p1a: Bellibolt|0 fnt\n|faint|p1a: Bellibolt\n|-damage|p2a: Charizard|53/100|[from] Recoil\n|\n|upkeep\n|\n|t:|1776556029\n|switch|p1a: Kingambit|Kingambit, L50, M, shiny|82/100\n|-activate|p1a: Kingambit|ability: Supreme Overlord\n|-start|p1a: Kingambit|fallen2|[silent]\n|turn|9\n|\n|t:|1776556031\n|move|p1a: Kingambit|Sucker Punch|p2a: Charizard\n|-damage|p2a: Charizard|0 fnt\n|faint|p2a: Charizard\n|\n|upkeep\n|\n|t:|1776556033\n|switch|p2a: Hippowdon|Hippowdon, L50, M|75/100\n|-weather|Sandstorm|[from] ability: Sand Stream|[of] p2a: Hippowdon\n|turn|10\n|\n|t:|1776556036\n|move|p1a: Kingambit|Guillotine|p2a: Hippowdon|[miss]\n|-miss|p1a: Kingambit|p2a: Hippowdon\n|move|p2a: Hippowdon|Earthquake|p1a: Kingambit\n|-supereffective|p1a: Kingambit|1\n|-enditem|p1a: Kingambit|Shuca Berry|[eat]\n|-enditem|p1a: Kingambit|Shuca Berry|[weaken]\n|-damage|p1a: Kingambit|54/100\n|\n|-weather|Sandstorm|[upkeep]\n|upkeep\n|turn|11\n|\n|t:|1776556040\n|move|p1a: Kingambit|Kowtow Cleave|p2a: Hippowdon\n|-damage|p2a: Hippowdon|45/100\n|-enditem|p2a: Hippowdon|Sitrus Berry|[eat]\n|-heal|p2a: Hippowdon|69/100|[from] item: Sitrus Berry\n|move|p2a: Hippowdon|Earthquake|p1a: Kingambit\n|-supereffective|p1a: Kingambit|1\n|-damage|p1a: Kingambit|0 fnt\n|faint|p1a: Kingambit\n|-end|p1a: Kingambit|fallen2|[silent]\n|\n|win|ruriripoke\n|raw|peko877's rating: 1333 &rarr; <strong>1317</strong><br />(-16 for losing)\n|raw|ruriripoke's rating: 1396 &rarr; <strong>1412</strong><br />(+16 for winning)\n|l|\u2606peko877\n|player|p1|\n|l|\u2606ruriripoke\n|player|p2|\n|l| ZwagTastic\n|l| huhyuhyuhyuh\n",
  "uploadtime": 1776556069,
  "views": 2,
  "formatid": "gen9championsbssregma",
  "rating": 1317,
  "private": 0,
  "password": null
}