{
  "id": "gen9championsbssregma-2586854840",
  "format": "[Gen 9 Champions] BSS Reg M-A",
  "players": [
    "dialestdial",
    "bandozo100"
  ],
  "log": "|j|\u2606dialestdial\n|j|\u2606bandozo100\n|t:|1776465630\n|gametype|singles\n|player|p1|dialestdial|plasmagruntf|1145\n|player|p2|bandozo100|lacey|1104\n|gen|9\n|tier|[Gen 9 Champions] BSS Reg M-A\n|rated|\n|rule|Species Clause: Limit one of each Pok\u00e9mon\n|rule|Item Clause: Limit 1 of each item\n|clearpoke\n|poke|p1|Floette-Eternal, L50, F|\n|poke|p1|Sneasler, L50, M|\n|poke|p1|Meowscarada, L50, M|\n|poke|p1|Basculegion, L50, M|\n|poke|p1|Clefable, L50, M|\n|poke|p1|Primarina, L50, M|\n|poke|p2|Emboar, L50, M|\n|poke|p2|Meowscarada, L50, F|\n|poke|p2|Primarina, L50, F|\n|poke|p2|Garchomp, L50, F|\n|poke|p2|Rotom-Heat, L50|\n|poke|p2|Archaludon, L50, F|\n|teampreview|3\n|inactive|Battle timer is ON: inactive players will automatically lose when time's up. (requested by dialestdial)\n|inactive|dialestdial has 60 seconds left.\n|\n|t:|1776465661\n|teamsize|p1|3\n|teamsize|p2|3\n|start\n|switch|p1a: Floette|Floette-Eternal, L50, F|100/100\n|switch|p2a: Bridget|Archaludon, L50, F|100/100\n|turn|1\n|\n|t:|1776465665\n|detailschange|p1a: Floette|Floette-Mega, L50, F\n|-mega|p1a: Floette|Floette|Floettite\n|-ability|p1a: Floette|Fairy Aura\n|move|p1a: Floette|Light of Ruin|p2a: Bridget\n|-ability|p2a: Bridget|Sturdy\n|-damage|p2a: Bridget|1/100\n|-damage|p1a: Floette|45/100|[from] Recoil\n|move|p2a: Bridget|Stealth Rock|p1a: Floette\n|-sidestart|p1: dialestdial|move: Stealth Rock\n|\n|upkeep\n|turn|2\n|\n|t:|1776465675\n|move|p1a: Floette|Trailblaze|p2a: Bridget\n|-resisted|p2a: Bridget|2\n|-damage|p2a: Bridget|0 fnt\n|-boost|p1a: Floette|spe|1\n|faint|p2a: Bridget\n|\n|upkeep\n|\n|t:|1776465678\n|switch|p2a: Emboar|Emboar, L50, M|100/100\n|turn|3\n|\n|t:|1776465685\n|detailschange|p2a: Emboar|Emboar-Mega, L50, M\n|-mega|p2a: Emboar|Emboar|Emboarite\n|-ability|p2a: Emboar|Mold Breaker\n|move|p1a: Floette|Light of Ruin|p2a: Emboar|[miss]\n|-miss|p1a: Floette|p2a: Emboar\n|move|p2a: Emboar|Flare Blitz|p1a: Floette\n|-damage|p1a: Floette|0 fnt\n|faint|p1a: Floette\n|-damage|p2a: Emboar|89/100|[from] Recoil\n|\n|upkeep\n|\n|t:|1776465697\n|switch|p1a: Sneasler|Sneasler, L50, M, shiny|100/100\n|-damage|p1a: Sneasler|95/100|[from] Stealth Rock\n|turn|4\n|c|\u2606dialestdial|Unfortunate\n|\n|t:|1776465705\n|move|p1a: Sneasler|Fake Out|p2a: Emboar\n|-damage|p2a: Emboar|73/100\n|cant|p2a: Emboar|flinch\n|\n|upkeep\n|turn|5\n|\n|t:|1776465712\n|move|p1a: Sneasler|Close Combat|p2a: Emboar\n|-damage|p2a: Emboar|0 fnt\n|-unboost|p1a: Sneasler|def|1\n|-unboost|p1a: Sneasler|spd|1\n|faint|p2a: Emboar\n|-enditem|p1a: Sneasler|White Herb\n|-clearnegativeboost|p1a: Sneasler|[silent]\n|\n|upkeep\n|\n|t:|1776465717\n|switch|p2a: Meowscarada|Meowscarada, L50, F|100/100\n|turn|6\n|\n|t:|1776465722\n|move|p1a: Sneasler|Dire Claw|p2a: Meowscarada\n|-supereffective|p2a: Meowscarada|1\n|-enditem|p2a: Meowscarada|Focus Sash\n|-damage|p2a: Meowscarada|1/100\n|move|p2a: Meowscarada|Triple Axel|p1a: Sneasler\n|-start|p2a: Meowscarada|typechange|Ice|[from] ability: Protean\n|-damage|p1a: Sneasler|77/100\n|-damage|p1a: Sneasler|48/100\n|-damage|p1a: Sneasler|0 fnt\n|faint|p1a: Sneasler\n|-hitcount|p1: Sneasler|3\n|\n|upkeep\n|\n|t:|1776465733\n|switch|p1a: Clefable|Clefable, L50, M, shiny|100/100\n|-damage|p1a: Clefable|88/100|[from] Stealth Rock\n|turn|7\n|\n|t:|1776465737\n|move|p2a: Meowscarada|Triple Axel|p1a: Clefable\n|-damage|p1a: Clefable|79/100\n|-damage|p1a: Clefable|60/100\n|-damage|p1a: Clefable|36/100\n|-hitcount|p1a: Clefable|3\n|move|p1a: Clefable|Stored Power|p2a: Meowscarada\n|-damage|p2a: Meowscarada|0 fnt\n|faint|p2a: Meowscarada\n|\n|win|dialestdial\n|raw|dialestdial's rating: 1145 &rarr; <strong>1167</strong><br />(+22 for winning)\n|raw|bandozo100's rating: 1104 &rarr; <strong>1082</strong><br />(-22 for losing)\n|l|\u2606bandozo100\n|player|p2|\n|c|\u2606dialestdial|GG\n",
  "uploadtime": 1776465762,
  "views": 4,
  "formatid": "gen9championsbssregma",
  "rating": 1082,
  "private": 0,
  "password": null
}