{
  "id": "gen9championsbssregma-2582089172",
  "format": "[Gen 9 Champions] BSS Reg M-A",
  "players": [
    "coffeineadd1ct",
    "Pomme de mer"
  ],
  "log": "|j|\u2606coffeineadd1ct\n|j|\u2606Pomme de mer\n|t:|1776056478\n|gametype|singles\n|player|p1|coffeineadd1ct|265|1197\n|player|p2|Pomme de mer|n|1223\n|gen|9\n|tier|[Gen 9 Champions] BSS Reg M-A\n|rated|\n|rule|Species Clause: Limit one of each Pok\u00e9mon\n|rule|Item Clause: Limit 1 of each item\n|clearpoke\n|poke|p1|Kangaskhan, L50, F|\n|poke|p1|Garchomp, L50, M|\n|poke|p1|Rotom-Wash, L50|\n|poke|p1|Aegislash, L50, M|\n|poke|p1|Greninja-*, L50, M|\n|poke|p1|Mimikyu, L50, F|\n|poke|p2|Meganium, L50, F|\n|poke|p2|Scizor, L50, M|\n|poke|p2|Basculegion, L50, M|\n|poke|p2|Tyranitar, L50, M|\n|poke|p2|Volcarona, L50, F|\n|poke|p2|Floette-Eternal, L50, F|\n|teampreview|3\n|inactive|Battle timer is ON: inactive players will automatically lose when time's up. (requested by Pomme de mer)\n|inactive|coffeineadd1ct has 60 seconds left.\n|\n|t:|1776056509\n|teamsize|p1|3\n|teamsize|p2|3\n|start\n|switch|p1a: Kangaskhan|Kangaskhan, L50, F|100/100\n|switch|p2a: Tyranitar|Tyranitar, L50, M|100/100\n|-weather|Sandstorm|[from] ability: Sand Stream|[of] p2a: Tyranitar\n|turn|1\n|\n|t:|1776056518\n|detailschange|p1a: Kangaskhan|Kangaskhan-Mega, L50, F\n|-mega|p1a: Kangaskhan|Kangaskhan|Kangaskhanite\n|move|p1a: Kangaskhan|Earthquake|p2a: Tyranitar\n|-supereffective|p2a: Tyranitar|1\n|-damage|p2a: Tyranitar|43/100\n|-supereffective|p2a: Tyranitar|1\n|-damage|p2a: Tyranitar|27/100\n|-hitcount|p2a: Tyranitar|2\n|move|p2a: Tyranitar|Stealth Rock|p1a: Kangaskhan\n|-sidestart|p1: coffeineadd1ct|move: Stealth Rock\n|\n|-weather|Sandstorm|[upkeep]\n|-damage|p1a: Kangaskhan|94/100|[from] Sandstorm\n|-heal|p2a: Tyranitar|33/100|[from] item: Leftovers\n|upkeep\n|turn|2\n|\n|t:|1776056529\n|move|p1a: Kangaskhan|Earthquake|p2a: Tyranitar\n|-supereffective|p2a: Tyranitar|1\n|-damage|p2a: Tyranitar|0 fnt\n|faint|p2a: Tyranitar\n|-hitcount|p2: Tyranitar|1\n|\n|-weather|Sandstorm|[upkeep]\n|-damage|p1a: Kangaskhan|88/100|[from] Sandstorm\n|upkeep\n|\n|t:|1776056531\n|switch|p2a: Scizor|Scizor, L50, M|100/100\n|turn|3\n|j| p74\n|\n|t:|1776056545\n|switch|p1a: Garchomp|Garchomp, L50, M, shiny|100/100\n|-damage|p1a: Garchomp|94/100|[from] Stealth Rock\n|detailschange|p2a: Scizor|Scizor-Mega, L50, M\n|-mega|p2a: Scizor|Scizor|Scizorite\n|move|p2a: Scizor|Close Combat|p1a: Garchomp\n|-damage|p1a: Garchomp|40/100\n|-unboost|p2a: Scizor|def|1\n|-unboost|p2a: Scizor|spd|1\n|-damage|p2a: Scizor|88/100|[from] ability: Rough Skin|[of] p1a: Garchomp\n|\n|-weather|Sandstorm|[upkeep]\n|upkeep\n|turn|4\n|\n|t:|1776056557\n|move|p1a: Garchomp|Fire Fang|p2a: Scizor\n|-supereffective|p2a: Scizor|2\n|-damage|p2a: Scizor|0 fnt\n|faint|p2a: Scizor\n|\n|-weather|Sandstorm|[upkeep]\n|upkeep\n|\n|t:|1776056560\n|switch|p2a: Basculegion|Basculegion, L50, M|100/100\n|turn|5\n|\n|t:|1776056577\n|switch|p1a: Greninja|Greninja, L50, M, shiny|100/100\n|-damage|p1a: Greninja|88/100|[from] Stealth Rock\n|move|p2a: Basculegion|Wave Crash|p1a: Greninja\n|-resisted|p1a: Greninja|1\n|-damage|p1a: Greninja|30/100\n|-damage|p2a: Basculegion|86/100|[from] Recoil\n|\n|-weather|none\n|upkeep\n|turn|6\n|\n|t:|1776056586\n|move|p1a: Greninja|Water Shuriken|p2a: Basculegion\n|-resisted|p2a: Basculegion|1\n|-crit|p2a: Basculegion\n|-damage|p2a: Basculegion|76/100\n|-resisted|p2a: Basculegion|1\n|-damage|p2a: Basculegion|70/100\n|-resisted|p2a: Basculegion|1\n|-damage|p2a: Basculegion|63/100\n|-hitcount|p2a: Basculegion|3\n|move|p2a: Basculegion|Wave Crash|p1a: Greninja\n|-resisted|p1a: Greninja|1\n|-damage|p1a: Greninja|0 fnt\n|faint|p1a: Greninja\n|-damage|p2a: Basculegion|56/100|[from] Recoil\n|\n|upkeep\n|\n|t:|1776056598\n|switch|p1a: Kangaskhan|Kangaskhan-Mega, L50, F|88/100\n|-damage|p1a: Kangaskhan|76/100|[from] Stealth Rock\n|turn|7\n|\n|t:|1776056601\n|move|p1a: Kangaskhan|Sucker Punch|p2a: Basculegion\n|-supereffective|p2a: Basculegion|1\n|-damage|p2a: Basculegion|0 fnt\n|faint|p2a: Basculegion\n|-hitcount|p2: Basculegion|1\n|\n|win|coffeineadd1ct\n|raw|coffeineadd1ct's rating: 1197 &rarr; <strong>1224</strong><br />(+27 for winning)\n|raw|Pomme de mer's rating: 1223 &rarr; <strong>1196</strong><br />(-27 for losing)\n|l|\u2606Pomme de mer\n|player|p2|\n|l|\u2606coffeineadd1ct\n|player|p1|\n",
  "uploadtime": 1776056614,
  "views": 8,
  "formatid": "gen9championsbssregma",
  "rating": 1196,
  "private": 0,
  "password": null
}