{
  "id": "gen9championsbssregma-2583675141",
  "format": "[Gen 9 Champions] BSS Reg M-A",
  "players": [
    "miojinhoo",
    "rai_grov_wat"
  ],
  "log": "|j|\u2606miojinhoo\n|j|\u2606rai_grov_wat\n|t:|1776190306\n|gametype|singles\n|player|p1|miojinhoo|sabrina|1132\n|player|p2|rai_grov_wat|102|1205\n|gen|9\n|tier|[Gen 9 Champions] BSS Reg M-A\n|rated|\n|rule|Species Clause: Limit one of each Pok\u00e9mon\n|rule|Item Clause: Limit 1 of each item\n|clearpoke\n|poke|p1|Floette-Eternal, L50, F|\n|poke|p1|Garchomp, L50, F|\n|poke|p1|Sneasler, L50, M|\n|poke|p1|Rotom-Wash, L50|\n|poke|p1|Aerodactyl, L50, M|\n|poke|p1|Incineroar, L50, M|\n|poke|p2|Gyarados, L50, F|\n|poke|p2|Slowking-Galar, L50, M|\n|poke|p2|Garchomp, L50, F|\n|poke|p2|Clefable, L50, M|\n|poke|p2|Quaquaval, L50, F|\n|poke|p2|Charizard, L50, M|\n|teampreview|3\n|\n|t:|1776190381\n|teamsize|p1|3\n|teamsize|p2|3\n|start\n|switch|p1a: Garchomp|Garchomp, L50, F|100/100\n|switch|p2a: Clefable|Clefable, L50, M|100/100\n|turn|1\n|\n|t:|1776190397\n|switch|p1a: Sneasler|Sneasler, L50, M|100/100\n|move|p2a: Clefable|Icy Wind|p1a: Sneasler\n|-damage|p1a: Sneasler|79/100\n|-unboost|p1a: Sneasler|spe|1\n|-enditem|p1a: Sneasler|White Herb\n|-clearnegativeboost|p1a: Sneasler|[silent]\n|\n|upkeep\n|turn|2\n|\n|t:|1776190408\n|switch|p2a: Garchomp|Garchomp, L50, F|100/100\n|move|p1a: Sneasler|Fake Out|p2a: Garchomp\n|-damage|p2a: Garchomp|86/100\n|-damage|p1a: Sneasler|67/100|[from] ability: Rough Skin|[of] p2a: Garchomp\n|\n|upkeep\n|turn|3\n|\n|t:|1776190432\n|move|p1a: Sneasler|Dire Claw|p2a: Garchomp\n|-resisted|p2a: Garchomp|1\n|-damage|p2a: Garchomp|64/100\n|-damage|p1a: Sneasler|55/100|[from] ability: Rough Skin|[of] p2a: Garchomp\n|move|p2a: Garchomp|Earthquake|p1a: Sneasler\n|-supereffective|p1a: Sneasler|1\n|-damage|p1a: Sneasler|0 fnt\n|faint|p1a: Sneasler\n|\n|upkeep\n|\n|t:|1776190448\n|switch|p1a: Aerodactyl|Aerodactyl, L50, M|100/100\n|-ability|p1a: Aerodactyl|Unnerve\n|turn|4\n|j| The Educated Fool\n|\n|t:|1776190468\n|move|p1a: Aerodactyl|Tailwind|p1a: Aerodactyl\n|-sidestart|p1: miojinhoo|move: Tailwind\n|move|p2a: Garchomp|Rock Tomb|p1a: Aerodactyl\n|-supereffective|p1a: Aerodactyl|1\n|-damage|p1a: Aerodactyl|31/100\n|-unboost|p1a: Aerodactyl|spe|1\n|\n|upkeep\n|turn|5\n|\n|t:|1776190491\n|switch|p1a: Garchomp|Garchomp, L50, F|100/100\n|move|p2a: Garchomp|Rock Tomb|p1a: Garchomp\n|-resisted|p1a: Garchomp|1\n|-damage|p1a: Garchomp|90/100\n|-unboost|p1a: Garchomp|spe|1\n|\n|upkeep\n|turn|6\n|\n|t:|1776190509\n|move|p1a: Garchomp|Earthquake|p2a: Garchomp\n|-crit|p2a: Garchomp\n|-damage|p2a: Garchomp|0 fnt\n|faint|p2a: Garchomp\n|\n|upkeep\n|\n|t:|1776190519\n|switch|p2a: Charizard|Charizard, L50, M|100/100\n|turn|7\n|\n|t:|1776190527\n|detailschange|p2a: Charizard|Charizard-Mega-X, L50, M\n|-mega|p2a: Charizard|Charizard|Charizardite X\n|move|p1a: Garchomp|Dragon Claw|p2a: Charizard\n|-supereffective|p2a: Charizard|1\n|-damage|p2a: Charizard|18/100\n|move|p2a: Charizard|Dragon Dance|p2a: Charizard\n|-boost|p2a: Charizard|atk|1\n|-boost|p2a: Charizard|spe|1\n|\n|-sideend|p1: miojinhoo|move: Tailwind\n|upkeep\n|turn|8\n|\n|t:|1776190544\n|move|p2a: Charizard|Outrage|p1a: Garchomp\n|-supereffective|p1a: Garchomp|1\n|-damage|p1a: Garchomp|0 fnt\n|-damage|p2a: Charizard|6/100|[from] ability: Rough Skin|[of] p1a: Garchomp\n|faint|p1a: Garchomp\n|\n|upkeep\n|\n|t:|1776190546\n|switch|p1a: Aerodactyl|Aerodactyl, L50, M|31/100\n|-ability|p1a: Aerodactyl|Unnerve\n|turn|9\n|-message|miojinhoo forfeited.\n|\n|win|rai_grov_wat\n|raw|miojinhoo's rating: 1132 &rarr; <strong>1112</strong><br />(-20 for losing)\n|raw|rai_grov_wat's rating: 1205 &rarr; <strong>1225</strong><br />(+20 for winning)\n|l|\u2606miojinhoo\n|player|p1|\n|l|\u2606rai_grov_wat\n|player|p2|\n",
  "uploadtime": 1776190556,
  "views": 2,
  "formatid": "gen9championsbssregma",
  "rating": 1112,
  "private": 0,
  "password": null
}