{
  "id": "gen9championsbssregma-2586891404",
  "format": "[Gen 9 Champions] BSS Reg M-A",
  "players": [
    "GirlriG",
    "TrainerXay"
  ],
  "log": "|j|\u2606GirlriG\n|j|\u2606TrainerXay\n|t:|1776469077\n|gametype|singles\n|player|p1|GirlriG|swimmerf-gen4dp|1107\n|player|p2|TrainerXay|hilbert-wonderlauncher|1186\n|gen|9\n|tier|[Gen 9 Champions] BSS Reg M-A\n|rated|\n|rule|Species Clause: Limit one of each Pok\u00e9mon\n|rule|Item Clause: Limit 1 of each item\n|clearpoke\n|poke|p1|Charizard, L50, M|\n|poke|p1|Lucario, L50, M|\n|poke|p1|Infernape, L50, M|\n|poke|p1|Gyarados, L50, M|\n|poke|p1|Orthworm, L50, M|\n|poke|p1|Mimikyu, L50, M|\n|poke|p2|Meowscarada, L50, F|\n|poke|p2|Milotic, L50, F|\n|poke|p2|Gyarados, L50, F|\n|poke|p2|Lopunny, L50, F|\n|poke|p2|Garchomp, L50, M|\n|poke|p2|Aegislash, L50, F|\n|teampreview|3\n|inactive|Battle timer is ON: inactive players will automatically lose when time's up. (requested by TrainerXay)\n|inactive|GirlriG also wants the timer to be on.\n|inactive|TrainerXay has 60 seconds left.\n|inactive|TrainerXay has 30 seconds left.\n|inactive|TrainerXay has 20 seconds left.\n|inactive|TrainerXay has 15 seconds left.\n|inactive|TrainerXay has 10 seconds left.\n|\n|t:|1776469159\n|teamsize|p1|3\n|teamsize|p2|3\n|start\n|switch|p1a: Orthworm|Orthworm, L50, M, shiny|100/100\n|switch|p2a: Gyattados|Gyarados, L50, F|100/100\n|-ability|p2a: Gyattados|Intimidate|boost\n|-unboost|p1a: Orthworm|atk|1\n|turn|1\n|\n|t:|1776469183\n|move|p2a: Gyattados|Dragon Dance|p2a: Gyattados\n|-boost|p2a: Gyattados|atk|1\n|-boost|p2a: Gyattados|spe|1\n|move|p1a: Orthworm|Shed Tail|p1a: Orthworm\n|-start|p1a: Orthworm|Substitute|[from] move: Shed Tail\n|-damage|p1a: Orthworm|50/100\n|-enditem|p1a: Orthworm|Sitrus Berry|[eat]\n|-heal|p1a: Orthworm|75/100|[from] item: Sitrus Berry\n|\n|t:|1776469192\n|switch|p1a: Mimikyu|Mimikyu, L50, M, shiny|100/100|[from] Shed Tail\n|\n|upkeep\n|turn|2\n|inactive|TrainerXay has 30 seconds left.\n|\n|t:|1776469219\n|detailschange|p2a: Gyattados|Gyarados-Mega, L50, F\n|-mega|p2a: Gyattados|Gyarados|Gyaradosite\n|-ability|p2a: Gyattados|Mold Breaker\n|move|p2a: Gyattados|Waterfall|p1a: Mimikyu\n|-end|p1a: Mimikyu|Substitute\n|move|p1a: Mimikyu|Swords Dance|p1a: Mimikyu\n|-boost|p1a: Mimikyu|atk|2\n|\n|upkeep\n|turn|3\n|inactive|GirlriG has 30 seconds left.\n|inactive|GirlriG has 20 seconds left.\n|inactive|GirlriG has 15 seconds left.\n|inactive|GirlriG has 10 seconds left.\n|inactive|GirlriG has 5 seconds left.\n|\n|t:|1776469274\n|move|p1a: Mimikyu|Shadow Sneak|p2a: Gyattados\n|-resisted|p2a: Gyattados|1\n|-damage|p2a: Gyattados|84/100\n|move|p2a: Gyattados|Waterfall|p1a: Mimikyu\n|-damage|p1a: Mimikyu|0 fnt\n|faint|p1a: Mimikyu\n|\n|upkeep\n|inactive|GirlriG has 30 seconds left.\n|\n|t:|1776469302\n|switch|p1a: Lucario|Lucario, L50, M, shiny|100/100\n|turn|4\n|inactive|TrainerXay has 30 seconds left.\n|\n|t:|1776469333\n|switch|p2a: Garchomp|Garchomp, L50, M|100/100\n|move|p1a: Lucario|Nasty Plot|p1a: Lucario\n|-boost|p1a: Lucario|spa|2\n|\n|upkeep\n|turn|5\n|\n|t:|1776469344\n|move|p2a: Garchomp|Earthquake|p1a: Lucario\n|-supereffective|p1a: Lucario|1\n|-enditem|p1a: Lucario|Focus Sash\n|-damage|p1a: Lucario|1/100\n|move|p1a: Lucario|Aura Sphere|p2a: Garchomp\n|-damage|p2a: Garchomp|21/100\n|\n|upkeep\n|turn|6\n|\n|t:|1776469363\n|move|p1a: Lucario|Vacuum Wave|p2a: Garchomp\n|-damage|p2a: Garchomp|0 fnt\n|faint|p2a: Garchomp\n|\n|upkeep\n|\n|t:|1776469366\n|switch|p2a: Milotic|Milotic, L50, F|100/100\n|turn|7\n|\n|t:|1776469372\n|move|p1a: Lucario|Aura Sphere|p2a: Milotic\n|-damage|p2a: Milotic|44/100\n|-enditem|p2a: Milotic|Sitrus Berry|[eat]\n|-heal|p2a: Milotic|68/100|[from] item: Sitrus Berry\n|move|p2a: Milotic|Scald|p1a: Lucario\n|-damage|p1a: Lucario|0 fnt\n|faint|p1a: Lucario\n|\n|upkeep\n|\n|t:|1776469381\n|switch|p1a: Orthworm|Orthworm, L50, M, shiny|75/100\n|turn|8\n|\n|t:|1776469386\n|move|p2a: Milotic|Recover|p2a: Milotic\n|-heal|p2a: Milotic|100/100\n|move|p1a: Orthworm|Iron Defense|p1a: Orthworm\n|-boost|p1a: Orthworm|def|2\n|\n|upkeep\n|turn|9\n|\n|t:|1776469391\n|move|p2a: Milotic|Scald|p1a: Orthworm\n|-damage|p1a: Orthworm|40/100\n|move|p1a: Orthworm|Body Press|p2a: Milotic\n|-damage|p2a: Milotic|52/100\n|\n|upkeep\n|turn|10\n|\n|t:|1776469398\n|move|p2a: Milotic|Scald|p1a: Orthworm\n|-damage|p1a: Orthworm|1/100\n|move|p1a: Orthworm|Body Press|p2a: Milotic\n|-damage|p2a: Milotic|6/100\n|\n|upkeep\n|turn|11\n|-message|GirlriG forfeited.\n|\n|win|TrainerXay\n|raw|GirlriG's rating: 1107 &rarr; <strong>1088</strong><br />(-19 for losing)\n|raw|TrainerXay's rating: 1186 &rarr; <strong>1205</strong><br />(+19 for winning)\n|l|\u2606GirlriG\n|player|p1|\n|c|\u2606TrainerXay|Gg\n",
  "uploadtime": 1776469412,
  "views": 7,
  "formatid": "gen9championsbssregma",
  "rating": 1088,
  "private": 0,
  "password": null
}