{
  "id": "gen9championsbssregma-2582251101",
  "format": "[Gen 9 Champions] BSS Reg M-A",
  "players": [
    "tikpen",
    "GreenTeaMousse"
  ],
  "log": "|j|\u2606tikpen\n|j|\u203dGreenTeaMousse\n|t:|1776076224\n|gametype|singles\n|player|p1|tikpen|265|1365\n|player|p2|GreenTeaMousse|skyla-masters2|1287\n|gen|9\n|tier|[Gen 9 Champions] BSS Reg M-A\n|rated|\n|rule|Species Clause: Limit one of each Pok\u00e9mon\n|rule|Item Clause: Limit 1 of each item\n|clearpoke\n|poke|p1|Archaludon, L50, F|\n|poke|p1|Delphox, L50, M|\n|poke|p1|Kingambit, L50, F|\n|poke|p1|Primarina, L50, F|\n|poke|p1|Meowscarada, L50, M|\n|poke|p1|Scizor, L50, M|\n|poke|p2|Primarina, L50, F|\n|poke|p2|Ninetales-Alola, L50, F|\n|poke|p2|Mamoswine, L50, M|\n|poke|p2|Delphox, L50, F|\n|poke|p2|Gyarados, L50, M|\n|poke|p2|Scizor, L50, M|\n|teampreview|3\n|inactive|Battle timer is ON: inactive players will automatically lose when time's up. (requested by GreenTeaMousse)\n|inactive|tikpen has 60 seconds left.\n|inactive|GreenTeaMousse has 60 seconds left.\n|\n|t:|1776076281\n|teamsize|p1|3\n|teamsize|p2|3\n|start\n|switch|p1a: Primarina|Primarina, L50, F|100/100\n|switch|p2a: Mamoswine|Mamoswine, L50, M|100/100\n|turn|1\n|\n|t:|1776076288\n|move|p2a: Mamoswine|Earthquake|p1a: Primarina\n|-damage|p1a: Primarina|26/100\n|-enditem|p1a: Primarina|Sitrus Berry|[eat]\n|-heal|p1a: Primarina|51/100|[from] item: Sitrus Berry\n|move|p1a: Primarina|Sparkling Aria|p2a: Mamoswine\n|-supereffective|p2a: Mamoswine|1\n|-enditem|p2a: Mamoswine|Focus Sash\n|-damage|p2a: Mamoswine|1/100\n|\n|upkeep\n|turn|2\n|\n|t:|1776076300\n|move|p2a: Mamoswine|Earthquake|p1a: Primarina\n|-damage|p1a: Primarina|0 fnt\n|faint|p1a: Primarina\n|\n|upkeep\n|\n|t:|1776076305\n|switch|p1a: Delphox|Delphox, L50, M|100/100\n|turn|3\n|\n|t:|1776076312\n|detailschange|p1a: Delphox|Delphox-Mega, L50, M\n|-mega|p1a: Delphox|Delphox|Delphoxite\n|move|p2a: Mamoswine|Ice Shard|p1a: Delphox\n|-resisted|p1a: Delphox|1\n|-damage|p1a: Delphox|83/100\n|move|p1a: Delphox|Psychic|p2a: Mamoswine\n|-damage|p2a: Mamoswine|0 fnt\n|faint|p2a: Mamoswine\n|\n|upkeep\n|\n|t:|1776076319\n|switch|p2a: Primarina|Primarina, L50, F|100/100\n|turn|4\n|\n|t:|1776076325\n|switch|p1a: Archaludon|Archaludon, L50, F|100/100\n|move|p2a: Primarina|Sparkling Aria|p1a: Archaludon\n|-resisted|p1a: Archaludon|1\n|-damage|p1a: Archaludon|78/100\n|-ability|p1a: Archaludon|Stamina|boost\n|-boost|p1a: Archaludon|def|1\n|\n|-heal|p1a: Archaludon|84/100|[from] item: Leftovers\n|upkeep\n|turn|5\n|j| p74\n|\n|t:|1776076337\n|move|p1a: Archaludon|Thunderbolt|p2a: Primarina\n|-supereffective|p2a: Primarina|1\n|-damage|p2a: Primarina|56/100\n|move|p2a: Primarina|Moonblast|p1a: Archaludon\n|-damage|p1a: Archaludon|38/100\n|-ability|p1a: Archaludon|Stamina|boost\n|-boost|p1a: Archaludon|def|1\n|\n|-heal|p1a: Archaludon|44/100|[from] item: Leftovers\n|upkeep\n|turn|6\n|\n|t:|1776076348\n|move|p1a: Archaludon|Thunderbolt|p2a: Primarina\n|-supereffective|p2a: Primarina|1\n|-damage|p2a: Primarina|12/100\n|move|p2a: Primarina|Moonblast|p1a: Archaludon\n|-damage|p1a: Archaludon|0 fnt\n|faint|p1a: Archaludon\n|\n|upkeep\n|\n|t:|1776076356\n|switch|p1a: Delphox|Delphox-Mega, L50, M|83/100\n|turn|7\n|\n|t:|1776076360\n|move|p1a: Delphox|Psychic|p2a: Primarina\n|-damage|p2a: Primarina|0 fnt\n|faint|p2a: Primarina\n|\n|upkeep\n|\n|t:|1776076362\n|switch|p2a: Delphox|Delphox, L50, F|100/100\n|turn|8\n|\n|t:|1776076368\n|detailschange|p2a: Delphox|Delphox-Mega, L50, F\n|-mega|p2a: Delphox|Delphox|Delphoxite\n|move|p2a: Delphox|Psychic|p1a: Delphox\n|-resisted|p1a: Delphox|1\n|-damage|p1a: Delphox|57/100\n|move|p1a: Delphox|Psychic|p2a: Delphox\n|-resisted|p2a: Delphox|1\n|-damage|p2a: Delphox|75/100\n|\n|upkeep\n|turn|9\n|\n|t:|1776076377\n|move|p1a: Delphox|Psychic|p2a: Delphox\n|-resisted|p2a: Delphox|1\n|-damage|p2a: Delphox|50/100\n|move|p2a: Delphox|Psychic|p1a: Delphox\n|-resisted|p1a: Delphox|1\n|-damage|p1a: Delphox|29/100\n|\n|upkeep\n|turn|10\n|\n|t:|1776076384\n|move|p1a: Delphox|Psychic|p2a: Delphox\n|-resisted|p2a: Delphox|1\n|-damage|p2a: Delphox|24/100\n|move|p2a: Delphox|Psychic|p1a: Delphox\n|-resisted|p1a: Delphox|1\n|-crit|p1a: Delphox\n|-damage|p1a: Delphox|0 fnt\n|faint|p1a: Delphox\n|\n|win|GreenTeaMousse\n|raw|tikpen's rating: 1365 &rarr; <strong>1341</strong><br />(-24 for losing)\n|raw|GreenTeaMousse's rating: 1287 &rarr; <strong>1318</strong><br />(+31 for winning)\n|l|\u203dGreenTeaMousse\n|player|p2|\n|l|\u2606tikpen\n|player|p1|\n",
  "uploadtime": 1776076404,
  "views": 13,
  "formatid": "gen9championsbssregma",
  "rating": 1318,
  "private": 0,
  "password": null
}