{
  "id": "gen9championsbssregma-2582123546",
  "format": "[Gen 9 Champions] BSS Reg M-A",
  "players": [
    "Splitz9842",
    "Mikeflem12326171"
  ],
  "log": "|j|\u2606Splitz9842\n|j|\u2606Mikeflem12326171\n|t:|1776060974\n|gametype|singles\n|player|p1|Splitz9842|170|1088\n|player|p2|Mikeflem12326171|colress|1158\n|gen|9\n|tier|[Gen 9 Champions] BSS Reg M-A\n|rated|\n|rule|Species Clause: Limit one of each Pok\u00e9mon\n|rule|Item Clause: Limit 1 of each item\n|clearpoke\n|poke|p1|Garchomp, L50, M|\n|poke|p1|Scizor, L50, M|\n|poke|p1|Primarina, L50, F|\n|poke|p1|Gengar, L50, M|\n|poke|p1|Umbreon, L50, F|\n|poke|p1|Corviknight, L50, M|\n|poke|p2|Pelipper, L50, M|\n|poke|p2|Greninja-*, L50, M|\n|poke|p2|Basculegion, L50, M|\n|poke|p2|Rotom-Wash, L50|\n|poke|p2|Clefable, L50, F|\n|poke|p2|Lopunny, L50, F|\n|teampreview|3\n|\n|t:|1776061001\n|teamsize|p1|3\n|teamsize|p2|3\n|start\n|switch|p1a: Garchomp|Garchomp, L50, M, shiny|100/100\n|switch|p2a: Pelipper|Pelipper, L50, M|100/100\n|-weather|RainDance|[from] ability: Drizzle|[of] p2a: Pelipper\n|turn|1\n|\n|t:|1776061018\n|move|p2a: Pelipper|Ice Beam|p1a: Garchomp\n|-supereffective|p1a: Garchomp|2\n|-damage|p1a: Garchomp|28/100\n|-enditem|p1a: Garchomp|Sitrus Berry|[eat]\n|-heal|p1a: Garchomp|53/100|[from] item: Sitrus Berry\n|move|p1a: Garchomp|Stealth Rock|p2a: Pelipper\n|-sidestart|p2: Mikeflem12326171|move: Stealth Rock\n|\n|-weather|RainDance|[upkeep]\n|upkeep\n|turn|2\n|\n|t:|1776061026\n|switch|p1a: Umbreon|Umbreon, L50, F, shiny|100/100\n|move|p2a: Pelipper|Surf|p1a: Umbreon\n|-damage|p1a: Umbreon|60/100\n|\n|-weather|RainDance|[upkeep]\n|-heal|p1a: Umbreon|66/100|[from] item: Leftovers\n|upkeep\n|turn|3\n|\n|t:|1776061043\n|move|p2a: Pelipper|Surf|p1a: Umbreon\n|-damage|p1a: Umbreon|21/100\n|move|p1a: Umbreon|Wish|p1a: Umbreon\n|\n|-weather|RainDance|[upkeep]\n|-heal|p1a: Umbreon|27/100|[from] item: Leftovers\n|upkeep\n|turn|4\n|\n|t:|1776061053\n|switch|p2a: Greninja|Greninja, L50, M|100/100\n|-damage|p2a: Greninja|88/100|[from] Stealth Rock\n|move|p1a: Umbreon|Protect||[still]\n|-fail|p1a: Umbreon\n|\n|-weather|RainDance|[upkeep]\n|-heal|p1a: Umbreon|77/100|[from] move: Wish|[wisher] Umbreon\n|-heal|p1a: Umbreon|83/100|[from] item: Leftovers\n|upkeep\n|turn|5\n|\n|t:|1776061058\n|detailschange|p2a: Greninja|Greninja-Mega, L50, M\n|-mega|p2a: Greninja|Greninja|Greninjite\n|move|p2a: Greninja|Surf|p1a: Umbreon\n|-start|p2a: Greninja|typechange|Water|[from] ability: Protean\n|-damage|p1a: Umbreon|32/100\n|move|p1a: Umbreon|Yawn|p2a: Greninja\n|-start|p2a: Greninja|move: Yawn|[of] p1a: Umbreon\n|\n|-weather|none\n|-heal|p1a: Umbreon|38/100|[from] item: Leftovers\n|upkeep\n|turn|6\n|\n|t:|1776061080\n|move|p1a: Umbreon|Protect|p1a: Umbreon\n|-singleturn|p1a: Umbreon|Protect\n|move|p2a: Greninja|Surf|p1a: Umbreon\n|-activate|p1a: Umbreon|move: Protect\n|\n|-heal|p1a: Umbreon|44/100|[from] item: Leftovers\n|-end|p2a: Greninja|move: Yawn|[silent]\n|-status|p2a: Greninja|slp\n|upkeep\n|turn|7\n|\n|t:|1776061090\n|switch|p2a: Pelipper|Pelipper, L50, M|100/100\n|-damage|p2a: Pelipper|76/100|[from] Stealth Rock\n|-weather|RainDance|[from] ability: Drizzle|[of] p2a: Pelipper\n|move|p1a: Umbreon|Wish|p1a: Umbreon\n|\n|-weather|RainDance|[upkeep]\n|-heal|p1a: Umbreon|50/100|[from] item: Leftovers\n|upkeep\n|turn|8\n|\n|t:|1776061103\n|move|p2a: Pelipper|Surf|p1a: Umbreon\n|-crit|p1a: Umbreon\n|-damage|p1a: Umbreon|0 fnt\n|faint|p1a: Umbreon\n|\n|-weather|RainDance|[upkeep]\n|upkeep\n|\n|t:|1776061114\n|switch|p1a: Gengar|Gengar, L50, M, shiny|100/100\n|turn|9\n|\n|t:|1776061126\n|detailschange|p1a: Gengar|Gengar-Mega, L50, M, shiny\n|-mega|p1a: Gengar|Gengar|Gengarite\n|move|p1a: Gengar|Protect|p1a: Gengar\n|-singleturn|p1a: Gengar|Protect\n|move|p2a: Pelipper|Surf|p1a: Gengar\n|-activate|p1a: Gengar|move: Protect\n|\n|-weather|RainDance|[upkeep]\n|upkeep\n|turn|10\n|\n|t:|1776061131\n|move|p1a: Gengar|Sludge Wave|p2a: Pelipper\n|-damage|p2a: Pelipper|0 fnt\n|faint|p2a: Pelipper\n|\n|-weather|RainDance|[upkeep]\n|upkeep\n|\n|t:|1776061136\n|switch|p2a: Basculegion|Basculegion, L50, M|100/100\n|-damage|p2a: Basculegion|88/100|[from] Stealth Rock\n|turn|11\n|\n|t:|1776061143\n|switch|p1a: Garchomp|Garchomp, L50, M, shiny|53/100\n|move|p2a: Basculegion|Last Respects|p1a: Garchomp\n|-damage|p1a: Garchomp|0 fnt\n|faint|p1a: Garchomp\n|\n|-weather|none\n|upkeep\n|\n|t:|1776061146\n|switch|p1a: Gengar|Gengar-Mega, L50, M, shiny|100/100\n|turn|12\n|\n|t:|1776061151\n|move|p2a: Basculegion|Last Respects|p1a: Gengar\n|-supereffective|p1a: Gengar|1\n|-damage|p1a: Gengar|0 fnt\n|faint|p1a: Gengar\n|\n|win|Mikeflem12326171\n|raw|Splitz9842's rating: 1088 &rarr; <strong>1069</strong><br />(-19 for losing)\n|raw|Mikeflem12326171's rating: 1158 &rarr; <strong>1178</strong><br />(+20 for winning)\n|l|\u2606Splitz9842\n|player|p1|\n",
  "uploadtime": 1776061164,
  "views": 6,
  "formatid": "gen9championsbssregma",
  "rating": 1069,
  "private": 0,
  "password": null
}