{
  "id": "gen9championsbssregma-2582284325",
  "format": "[Gen 9 Champions] BSS Reg M-A",
  "players": [
    "plop chicken",
    "ayame_pk"
  ],
  "log": "|j|\u2606plop chicken\n|j|\u2606ayame_pk\n|t:|1776079701\n|gametype|singles\n|player|p1|plop chicken|elio|1315\n|player|p2|ayame_pk|caitlin|1283\n|gen|9\n|tier|[Gen 9 Champions] BSS Reg M-A\n|rated|\n|rule|Species Clause: Limit one of each Pok\u00e9mon\n|rule|Item Clause: Limit 1 of each item\n|clearpoke\n|poke|p1|Lopunny, L50, F|\n|poke|p1|Froslass, L50, F|\n|poke|p1|Archaludon, L50, M|\n|poke|p1|Arcanine-Hisui, L50, F|\n|poke|p1|Blastoise, L50, M|\n|poke|p1|Hydreigon, L50, M|\n|poke|p2|Gyarados, L50, F|\n|poke|p2|Diggersby, L50, F|\n|poke|p2|Polteageist-Antique, L50|\n|poke|p2|Archaludon, L50, F|\n|poke|p2|Sneasler, L50, F|\n|poke|p2|Mimikyu, L50, F|\n|teampreview|3\n|inactive|Battle timer is ON: inactive players will automatically lose when time's up. (requested by plop chicken)\n|inactive|plop chicken has 60 seconds left.\n|inactive|ayame_pk has 60 seconds left.\n|j| p74\n|inactive|plop chicken has 30 seconds left.\n|inactive|ayame_pk has 30 seconds left.\n|inactive|plop chicken has 20 seconds left.\n|inactive|ayame_pk has 20 seconds left.\n|inactive|plop chicken has 15 seconds left.\n|inactive|ayame_pk has 15 seconds left.\n|inactive|plop chicken has 10 seconds left.\n|inactive|ayame_pk has 10 seconds left.\n|\n|t:|1776079784\n|teamsize|p1|3\n|teamsize|p2|3\n|start\n|switch|p1a: Froslass|Froslass, L50, F|100/100\n|switch|p2a: Polteageist|Polteageist-Antique, L50, shiny|100/100\n|turn|1\n|\n|t:|1776079797\n|switch|p2a: Archaludon|Archaludon, L50, F, shiny|100/100\n|move|p1a: Froslass|Spikes|p2a: Archaludon\n|-sidestart|p2: ayame_pk|Spikes\n|\n|upkeep\n|turn|2\n|\n|t:|1776079802\n|move|p1a: Froslass|Taunt|p2a: Archaludon\n|-start|p2a: Archaludon|move: Taunt\n|move|p2a: Archaludon|Flash Cannon|p1a: Froslass\n|-supereffective|p1a: Froslass|1\n|-enditem|p1a: Froslass|Focus Sash\n|-damage|p1a: Froslass|1/100\n|\n|upkeep\n|turn|3\n|\n|t:|1776079809\n|switch|p2a: Polteageist|Polteageist-Antique, L50, shiny|100/100\n|-damage|p2a: Polteageist|89/100|[from] Spikes\n|move|p1a: Froslass|Destiny Bond|p1a: Froslass\n|-singlemove|p1a: Froslass|Destiny Bond\n|\n|upkeep\n|turn|4\n|\n|t:|1776079827\n|move|p1a: Froslass|Taunt|p2a: Polteageist\n|-start|p2a: Polteageist|move: Taunt\n|cant|p2a: Polteageist|move: Taunt|Shell Smash\n|\n|upkeep\n|turn|5\n|\n|t:|1776079840\n|move|p1a: Froslass|Spikes|p2a: Polteageist\n|-sidestart|p2: ayame_pk|Spikes\n|move|p2a: Polteageist|Giga Drain|p1a: Froslass\n|-damage|p1a: Froslass|0 fnt\n|-heal|p2a: Polteageist|89/100|[from] drain|[of] p1a: Froslass\n|faint|p1a: Froslass\n|\n|upkeep\n|\n|t:|1776079844\n|switch|p1a: Arcanine|Arcanine-Hisui, L50, F|100/100\n|turn|6\n|\n|t:|1776079848\n|move|p1a: Arcanine|Flare Blitz|p2a: Polteageist\n|-damage|p2a: Polteageist|17/100\n|move|p2a: Polteageist|Shadow Ball|p1a: Arcanine\n|-damage|p1a: Arcanine|54/100\n|\n|-end|p2a: Polteageist|move: Taunt\n|upkeep\n|turn|7\n|\n|t:|1776079859\n|move|p1a: Arcanine|Flare Blitz|p2a: Polteageist\n|-damage|p2a: Polteageist|0 fnt\n|-start|p1a: Arcanine|Disable|Flare Blitz|[from] ability: Cursed Body|[of] p2a: Polteageist\n|faint|p2a: Polteageist\n|\n|upkeep\n|\n|t:|1776079861\n|switch|p2a: Sneasler|Sneasler, L50, F, shiny|100/100\n|-damage|p2a: Sneasler|84/100|[from] Spikes\n|turn|8\n|\n|t:|1776079872\n|-activate|p1a: Arcanine|move: Struggle\n|move|p1a: Arcanine|Struggle|p2a: Sneasler\n|-damage|p2a: Sneasler|62/100\n|-damage|p1a: Arcanine|29/100|[from] recoil\n|move|p2a: Sneasler|Swords Dance|p2a: Sneasler\n|-boost|p2a: Sneasler|atk|2\n|\n|upkeep\n|turn|9\n|\n|t:|1776079888\n|switch|p1a: Blastoise|Blastoise, L50, M|100/100\n|move|p2a: Sneasler|Dire Claw|p1a: Blastoise\n|-damage|p1a: Blastoise|10/100\n|\n|upkeep\n|turn|10\n|\n|t:|1776079895\n|detailschange|p1a: Blastoise|Blastoise-Mega, L50, M\n|-mega|p1a: Blastoise|Blastoise|Blastoisinite\n|move|p2a: Sneasler|Dire Claw|p1a: Blastoise\n|-damage|p1a: Blastoise|0 fnt\n|faint|p1a: Blastoise\n|\n|upkeep\n|\n|t:|1776079897\n|switch|p1a: Arcanine|Arcanine-Hisui, L50, F|29/100\n|turn|11\n|\n|t:|1776079904\n|move|p1a: Arcanine|Flare Blitz|p2a: Sneasler\n|-damage|p2a: Sneasler|0 fnt\n|faint|p2a: Sneasler\n|\n|upkeep\n|\n|t:|1776079907\n|switch|p2a: Archaludon|Archaludon, L50, F, shiny|100/100\n|-damage|p2a: Archaludon|84/100|[from] Spikes\n|turn|12\n|\n|t:|1776079909\n|move|p1a: Arcanine|Flare Blitz|p2a: Archaludon\n|-damage|p2a: Archaludon|46/100\n|-ability|p2a: Archaludon|Stamina|boost\n|-boost|p2a: Archaludon|def|1\n|move|p2a: Archaludon|Flash Cannon|p1a: Arcanine\n|-damage|p1a: Arcanine|0 fnt\n|faint|p1a: Arcanine\n|\n|win|ayame_pk\n|raw|plop chicken's rating: 1315 &rarr; <strong>1293</strong><br />(-22 for losing)\n|raw|ayame_pk's rating: 1283 &rarr; <strong>1310</strong><br />(+27 for winning)\n|l|\u2606plop chicken\n|player|p1|\n|l|\u2606ayame_pk\n|player|p2|\n",
  "uploadtime": 1776080011,
  "views": 9,
  "formatid": "gen9championsbssregma",
  "rating": 1293,
  "private": 0,
  "password": null
}