{
  "id": "gen9championsbssregma-2583329365",
  "format": "[Gen 9 Champions] BSS Reg M-A",
  "players": [
    "paisar",
    "jamel1"
  ],
  "log": "|j|\u2606paisar\n|j|\u2606jamel1\n|t:|1776167414\n|gametype|singles\n|player|p1|paisar|266|1253\n|player|p2|jamel1|cyrus|1379\n|gen|9\n|tier|[Gen 9 Champions] BSS Reg M-A\n|rated|\n|rule|Species Clause: Limit one of each Pok\u00e9mon\n|rule|Item Clause: Limit 1 of each item\n|clearpoke\n|poke|p1|Gardevoir, L50, F|\n|poke|p1|Scizor, L50, M|\n|poke|p1|Primarina, L50, F|\n|poke|p1|Ceruledge, L50, M|\n|poke|p1|Archaludon, L50, F|\n|poke|p1|Garchomp, L50, F|\n|poke|p2|Emboar, L50, F|\n|poke|p2|Abomasnow, L50, M|\n|poke|p2|Gyarados, L50, M|\n|poke|p2|Gengar, L50, M|\n|poke|p2|Lopunny, L50, M|\n|poke|p2|Espeon, L50, M|\n|teampreview|3\n|inactive|Battle timer is ON: inactive players will automatically lose when time's up. (requested by paisar)\n|\n|t:|1776167466\n|teamsize|p1|3\n|teamsize|p2|3\n|start\n|switch|p1a: Ceruledge|Ceruledge, L50, M|100/100\n|switch|p2a: Gengar|Gengar, L50, M, shiny|100/100\n|turn|1\n|\n|t:|1776167475\n|move|p2a: Gengar|Hex|p1a: Ceruledge\n|-supereffective|p1a: Ceruledge|1\n|-damage|p1a: Ceruledge|24/100\n|move|p1a: Ceruledge|Poltergeist|p2a: Gengar|[miss]\n|-miss|p1a: Ceruledge|p2a: Gengar\n|\n|upkeep\n|turn|2\n|\n|t:|1776167487\n|switch|p2a: Lopunny|Lopunny, L50, M|100/100\n|move|p1a: Ceruledge|Shadow Sneak|p2a: Lopunny\n|-immune|p2a: Lopunny\n|\n|upkeep\n|turn|3\n|\n|t:|1776167493\n|move|p2a: Lopunny|Cotton Guard|p2a: Lopunny\n|-boost|p2a: Lopunny|def|3\n|move|p1a: Ceruledge|Close Combat|p2a: Lopunny\n|-supereffective|p2a: Lopunny|1\n|-damage|p2a: Lopunny|62/100\n|-unboost|p1a: Ceruledge|def|1\n|-unboost|p1a: Ceruledge|spd|1\n|\n|upkeep\n|turn|4\n|\n|t:|1776167500\n|move|p2a: Lopunny|Cotton Guard|p2a: Lopunny\n|-boost|p2a: Lopunny|def|3\n|move|p1a: Ceruledge|Close Combat|p2a: Lopunny\n|-supereffective|p2a: Lopunny|1\n|-damage|p2a: Lopunny|39/100\n|-unboost|p1a: Ceruledge|def|1\n|-unboost|p1a: Ceruledge|spd|1\n|\n|upkeep\n|turn|5\n|\n|t:|1776167508\n|move|p2a: Lopunny|Agility|p2a: Lopunny\n|-boost|p2a: Lopunny|spe|2\n|move|p1a: Ceruledge|Close Combat|p2a: Lopunny\n|-supereffective|p2a: Lopunny|1\n|-damage|p2a: Lopunny|12/100\n|-unboost|p1a: Ceruledge|def|1\n|-unboost|p1a: Ceruledge|spd|1\n|\n|upkeep\n|turn|6\n|\n|t:|1776167514\n|move|p2a: Lopunny|Rest|p2a: Lopunny\n|-status|p2a: Lopunny|slp|[from] move: Rest\n|-heal|p2a: Lopunny|100/100 slp|[silent]\n|-enditem|p2a: Lopunny|Chesto Berry|[eat]\n|-curestatus|p2a: Lopunny|slp|[msg]\n|move|p1a: Ceruledge|Close Combat|p2a: Lopunny\n|-supereffective|p2a: Lopunny|1\n|-damage|p2a: Lopunny|77/100\n|-unboost|p1a: Ceruledge|def|1\n|-unboost|p1a: Ceruledge|spd|1\n|\n|upkeep\n|turn|7\n|\n|t:|1776167524\n|move|p2a: Lopunny|Baton Pass|p2a: Lopunny\n|\n|t:|1776167526\n|switch|p2a: Gyarados|Gyarados, L50, M, shiny|100/100|[from] Baton Pass\n|move|p1a: Ceruledge|Close Combat|p2a: Gyarados\n|-resisted|p2a: Gyarados|1\n|-damage|p2a: Gyarados|93/100\n|-unboost|p1a: Ceruledge|def|1\n|-unboost|p1a: Ceruledge|spd|1\n|\n|-heal|p2a: Gyarados|99/100|[from] item: Leftovers\n|upkeep\n|turn|8\n|j| p74\n|-message|paisar forfeited.\n|\n|win|jamel1\n|raw|paisar's rating: 1253 &rarr; <strong>1237</strong><br />(-16 for losing)\n|raw|jamel1's rating: 1379 &rarr; <strong>1392</strong><br />(+13 for winning)\n|l|\u2606paisar\n|player|p1|\n|l|\u2606jamel1\n|player|p2|\n",
  "uploadtime": 1776167601,
  "views": 5,
  "formatid": "gen9championsbssregma",
  "rating": 1237,
  "private": 0,
  "password": null
}