{
  "id": "gen9championsbssregma-2584212151",
  "format": "[Gen 9 Champions] BSS Reg M-A",
  "players": [
    "Lonewolf3593",
    "txqz6p"
  ],
  "log": "|j|\u2606Lonewolf3593\n|j|\u2606txqz6p\n|t:|1776238819\n|gametype|singles\n|player|p1|Lonewolf3593|101|1183\n|player|p2|txqz6p|265|1231\n|gen|9\n|tier|[Gen 9 Champions] BSS Reg M-A\n|rated|\n|rule|Species Clause: Limit one of each Pok\u00e9mon\n|rule|Item Clause: Limit 1 of each item\n|clearpoke\n|poke|p1|Glimmora, L50, F|\n|poke|p1|Palafin, L50, F|\n|poke|p1|Kingambit, L50, M|\n|poke|p1|Excadrill, L50, M|\n|poke|p1|Dragapult, L50, M|\n|poke|p1|Typhlosion-Hisui, L50, M|\n|poke|p2|Archaludon, L50, M|\n|poke|p2|Victreebel, L50, F|\n|poke|p2|Basculegion, L50, M|\n|poke|p2|Kingambit, L50, F|\n|poke|p2|Azumarill, L50, M|\n|poke|p2|Mimikyu, L50, F|\n|teampreview|3\n|\n|t:|1776238840\n|teamsize|p1|3\n|teamsize|p2|3\n|start\n|switch|p1a: Typhlosion|Typhlosion-Hisui, L50, M|100/100\n|switch|p2a: Archaludon|Archaludon, L50, M|100/100\n|-item|p2a: Archaludon|Quick Claw|[from] ability: Frisk|[of] p1a: Typhlosion\n|turn|1\n|-activate|p2a: Archaludon|item: Quick Claw\n|\n|t:|1776238850\n|move|p1a: Typhlosion|Eruption|p2a: Archaludon\n|-ability|p2a: Archaludon|Sturdy\n|-damage|p2a: Archaludon|1/100\n|move|p2a: Archaludon|Mirror Coat|p1a: Typhlosion\n|-damage|p1a: Typhlosion|0 fnt\n|faint|p1a: Typhlosion\n|\n|upkeep\n|\n|t:|1776238858\n|switch|p1a: Excadrill|Excadrill, L50, M|100/100\n|turn|2\n|inactive|Battle timer is ON: inactive players will automatically lose when time's up. (requested by Lonewolf3593)\n|\n|t:|1776238870\n|detailschange|p1a: Excadrill|Excadrill-Mega, L50, M\n|-mega|p1a: Excadrill|Excadrill|Excadrite\n|move|p1a: Excadrill|Rapid Spin|p2a: Archaludon\n|-resisted|p2a: Archaludon|1\n|-damage|p2a: Archaludon|0 fnt\n|-boost|p1a: Excadrill|spe|1\n|faint|p2a: Archaludon\n|\n|upkeep\n|\n|t:|1776238876\n|switch|p2a: Victreebel|Victreebel, L50, F|100/100\n|turn|3\n|\n|t:|1776238883\n|detailschange|p2a: Victreebel|Victreebel-Mega, L50, F\n|-mega|p2a: Victreebel|Victreebel|Victreebelite\n|move|p1a: Excadrill|Rock Slide|p2a: Victreebel\n|-damage|p2a: Victreebel|51/100\n|move|p2a: Victreebel|Strength Sap|p1a: Excadrill\n|-unboost|p1a: Excadrill|atk|1\n|-heal|p2a: Victreebel|100/100\n|\n|upkeep\n|turn|4\n|\n|t:|1776238892\n|switch|p1a: Dragapult|Dragapult, L50, M|100/100\n|move|p2a: Victreebel|Giga Drain|p1a: Dragapult\n|-resisted|p1a: Dragapult|1\n|-damage|p1a: Dragapult|71/100\n|\n|upkeep\n|turn|5\n|\n|t:|1776238898\n|move|p1a: Dragapult|Fire Blast|p2a: Victreebel\n|-supereffective|p2a: Victreebel|1\n|-damage|p2a: Victreebel|26/100\n|move|p2a: Victreebel|Strength Sap|p1a: Dragapult\n|-unboost|p1a: Dragapult|atk|1\n|-heal|p2a: Victreebel|100/100\n|\n|upkeep\n|turn|6\n|\n|t:|1776238916\n|move|p1a: Dragapult|Fire Blast|p2a: Victreebel\n|-supereffective|p2a: Victreebel|1\n|-damage|p2a: Victreebel|19/100\n|move|p2a: Victreebel|Sludge Bomb|p1a: Dragapult\n|-resisted|p1a: Dragapult|1\n|-damage|p1a: Dragapult|33/100\n|\n|upkeep\n|turn|7\n|\n|t:|1776238923\n|move|p2a: Victreebel|Sucker Punch|p1a: Dragapult\n|-supereffective|p1a: Dragapult|1\n|-damage|p1a: Dragapult|0 fnt\n|faint|p1a: Dragapult\n|\n|upkeep\n|\n|t:|1776238927\n|switch|p1a: Excadrill|Excadrill-Mega, L50, M|100/100\n|turn|8\n|\n|t:|1776238936\n|move|p2a: Victreebel|Sucker Punch|p1a: Excadrill\n|-damage|p1a: Excadrill|83/100\n|move|p1a: Excadrill|Rapid Spin|p2a: Victreebel\n|-damage|p2a: Victreebel|0 fnt\n|-boost|p1a: Excadrill|spe|1\n|-damage|p1a: Excadrill|67/100|[from] ability: Innards Out|[of] p2a: Victreebel\n|faint|p2a: Victreebel\n|\n|upkeep\n|\n|t:|1776238944\n|switch|p2a: Kingambit|Kingambit, L50, F|100/100\n|-activate|p2a: Kingambit|ability: Supreme Overlord\n|-start|p2a: Kingambit|fallen2|[silent]\n|turn|9\n|\n|t:|1776238953\n|move|p1a: Excadrill|Earthquake|p2a: Kingambit\n|-supereffective|p2a: Kingambit|1\n|-damage|p2a: Kingambit|4/100\n|move|p2a: Kingambit|Kowtow Cleave|p1a: Excadrill\n|-damage|p1a: Excadrill|8/100\n|\n|upkeep\n|turn|10\n|\n|t:|1776238961\n|move|p2a: Kingambit|Sucker Punch|p1a: Excadrill\n|-crit|p1a: Excadrill\n|-damage|p1a: Excadrill|0 fnt\n|faint|p1a: Excadrill\n|\n|win|txqz6p\n|raw|Lonewolf3593's rating: 1183 &rarr; <strong>1161</strong><br />(-22 for losing)\n|raw|txqz6p's rating: 1231 &rarr; <strong>1253</strong><br />(+22 for winning)\n|l|\u2606Lonewolf3593\n|player|p1|\n",
  "uploadtime": 1776238986,
  "views": 7,
  "formatid": "gen9championsbssregma",
  "rating": 1161,
  "private": 0,
  "password": null
}