{
  "id": "gen9championsbssregma-2588704885",
  "format": "[Gen 9 Champions] BSS Reg M-A",
  "players": [
    "kimgihyun",
    "sion0911"
  ],
  "log": "|j|\u2606kimgihyun\n|j|\u2606sion0911\n|t:|1776659857\n|gametype|singles\n|player|p1|kimgihyun|265|1211\n|player|p2|sion0911|red|1225\n|gen|9\n|tier|[Gen 9 Champions] BSS Reg M-A\n|rated|\n|rule|Species Clause: Limit one of each Pok\u00e9mon\n|rule|Item Clause: Limit 1 of each item\n|clearpoke\n|poke|p1|Archaludon, L50, F|\n|poke|p1|Pelipper, L50, M|\n|poke|p1|Kangaskhan, L50, F|\n|poke|p1|Beedrill, L50, M|\n|poke|p1|Araquanid, L50, M|\n|poke|p1|Excadrill, L50, F|\n|poke|p2|Tyrantrum, L50, M, shiny|\n|poke|p2|Archaludon, L50, M|\n|poke|p2|Armarouge, L50, M|\n|poke|p2|Scizor, L50, M|\n|poke|p2|Sylveon, L50, F|\n|poke|p2|Gyarados, L50, M|\n|teampreview|3\n|inactive|Battle timer is ON: inactive players will automatically lose when time's up. (requested by kimgihyun)\n|inactive|sion0911 also wants the timer to be on.\n|\n|t:|1776659885\n|teamsize|p1|3\n|teamsize|p2|3\n|start\n|switch|p1a: Pelipper|Pelipper, L50, M|100/100\n|switch|p2a: \uc120\ubd09\uc7a5|Archaludon, L50, M|100/100\n|-weather|RainDance|[from] ability: Drizzle|[of] p1a: Pelipper\n|turn|1\n|\n|t:|1776659904\n|move|p2a: \uc120\ubd09\uc7a5|Thunderbolt|p1a: Pelipper\n|-supereffective|p1a: Pelipper|2\n|-damage|p1a: Pelipper|0 fnt\n|faint|p1a: Pelipper\n|\n|-weather|RainDance|[upkeep]\n|upkeep\n|\n|t:|1776659910\n|switch|p1a: Archaludon|Archaludon, L50, F|100/100\n|turn|2\n|\n|t:|1776659914\n|move|p1a: Archaludon|Draco Meteor|p2a: \uc120\ubd09\uc7a5\n|-damage|p2a: \uc120\ubd09\uc7a5|29/100\n|-unboost|p1a: Archaludon|spa|2\n|-ability|p2a: \uc120\ubd09\uc7a5|Stamina|boost\n|-boost|p2a: \uc120\ubd09\uc7a5|def|1\n|-enditem|p2a: \uc120\ubd09\uc7a5|Sitrus Berry|[eat]\n|-heal|p2a: \uc120\ubd09\uc7a5|54/100|[from] item: Sitrus Berry\n|move|p2a: \uc120\ubd09\uc7a5|Mirror Coat|p1a: Archaludon\n|-damage|p1a: Archaludon|0 fnt\n|faint|p1a: Archaludon\n|\n|-weather|RainDance|[upkeep]\n|upkeep\n|\n|t:|1776659919\n|switch|p1a: Beedrill|Beedrill, L50, M|100/100\n|turn|3\n|\n|t:|1776659924\n|detailschange|p1a: Beedrill|Beedrill-Mega, L50, M\n|-mega|p1a: Beedrill|Beedrill|Beedrillite\n|move|p1a: Beedrill|Drill Run|p2a: \uc120\ubd09\uc7a5\n|-supereffective|p2a: \uc120\ubd09\uc7a5|1\n|-damage|p2a: \uc120\ubd09\uc7a5|22/100\n|-ability|p2a: \uc120\ubd09\uc7a5|Stamina|boost\n|-boost|p2a: \uc120\ubd09\uc7a5|def|1\n|move|p2a: \uc120\ubd09\uc7a5|Thunderbolt|p1a: Beedrill\n|-crit|p1a: Beedrill\n|-damage|p1a: Beedrill|44/100\n|\n|-weather|RainDance|[upkeep]\n|upkeep\n|turn|4\n|\n|t:|1776659932\n|move|p1a: Beedrill|Drill Run|p2a: \uc120\ubd09\uc7a5\n|-supereffective|p2a: \uc120\ubd09\uc7a5|1\n|-damage|p2a: \uc120\ubd09\uc7a5|0 fnt\n|faint|p2a: \uc120\ubd09\uc7a5\n|\n|-weather|RainDance|[upkeep]\n|upkeep\n|\n|t:|1776659935\n|switch|p2a: \ub300\ud3ec\uc0ac\uc218|Armarouge, L50, M|100/100\n|turn|5\n|\n|t:|1776659941\n|move|p1a: Beedrill|Drill Run|p2a: \ub300\ud3ec\uc0ac\uc218\n|-supereffective|p2a: \ub300\ud3ec\uc0ac\uc218|1\n|-crit|p2a: \ub300\ud3ec\uc0ac\uc218\n|-enditem|p2a: \ub300\ud3ec\uc0ac\uc218|Focus Sash\n|-damage|p2a: \ub300\ud3ec\uc0ac\uc218|1/100\n|-ability|p2a: \ub300\ud3ec\uc0ac\uc218|Weak Armor|boost\n|-unboost|p2a: \ub300\ud3ec\uc0ac\uc218|def|1\n|-boost|p2a: \ub300\ud3ec\uc0ac\uc218|spe|2\n|move|p2a: \ub300\ud3ec\uc0ac\uc218|Psyshock|p1a: Beedrill\n|-supereffective|p1a: Beedrill|1\n|-damage|p1a: Beedrill|0 fnt\n|faint|p1a: Beedrill\n|\n|win|sion0911\n|raw|kimgihyun's rating: 1211 &rarr; <strong>1187</strong><br />(-24 for losing)\n|raw|sion0911's rating: 1225 &rarr; <strong>1249</strong><br />(+24 for winning)\n|l|\u2606kimgihyun\n|player|p1|\n",
  "uploadtime": 1776659947,
  "views": 5,
  "formatid": "gen9championsbssregma",
  "rating": 1187,
  "private": 0,
  "password": null
}