{
  "id": "gen9championsbssregma-2586002793",
  "format": "[Gen 9 Champions] BSS Reg M-A",
  "players": [
    "MiraidonGaming",
    "Mmorpg fan"
  ],
  "log": "|j|\u2606MiraidonGaming\n|j|\u2606Mmorpg fan\n|t:|1776389262\n|gametype|singles\n|player|p1|MiraidonGaming|lucas|1153\n|player|p2|Mmorpg fan|1|1054\n|gen|9\n|tier|[Gen 9 Champions] BSS Reg M-A\n|rated|\n|rule|Species Clause: Limit one of each Pok\u00e9mon\n|rule|Item Clause: Limit 1 of each item\n|clearpoke\n|poke|p1|Ninetales-Alola, L50, F|\n|poke|p1|Charizard, L50, M|\n|poke|p1|Scizor, L50, M|\n|poke|p1|Sinistcha, L50|\n|poke|p1|Rotom-Wash, L50|\n|poke|p1|Salazzle, L50, F|\n|poke|p2|Victreebel, L50, F|\n|poke|p2|Skeledirge, L50, M|\n|poke|p2|Typhlosion-Hisui, L50, F|\n|poke|p2|Leafeon, L50, F|\n|poke|p2|Ninetales, L50, F|\n|poke|p2|Delphox, L50, M|\n|teampreview|3\n|\n|t:|1776389288\n|teamsize|p1|3\n|teamsize|p2|3\n|start\n|switch|p1a: Put a brick in|Rotom-Wash, L50|100/100\n|switch|p2a: Victreebel|Victreebel, L50, F|100/100\n|turn|1\n|\n|t:|1776389302\n|detailschange|p2a: Victreebel|Victreebel-Mega, L50, F\n|-mega|p2a: Victreebel|Victreebel|Victreebelite\n|move|p1a: Put a brick in|Volt Switch|p2a: Victreebel\n|-resisted|p2a: Victreebel|1\n|-damage|p2a: Victreebel|84/100\n|\n|t:|1776389305\n|switch|p1a: I ran out of ideas|Salazzle, L50, F|100/100|[from] Volt Switch\n|move|p2a: Victreebel|Sunny Day|p2a: Victreebel\n|-weather|SunnyDay\n|\n|-weather|SunnyDay|[upkeep]\n|upkeep\n|turn|2\n|\n|t:|1776389312\n|move|p1a: I ran out of ideas|Substitute|p1a: I ran out of ideas\n|-start|p1a: I ran out of ideas|Substitute\n|-damage|p1a: I ran out of ideas|76/100\n|move|p2a: Victreebel|Sleep Powder||[still]\n|-fail|p2a: Victreebel\n|\n|-weather|SunnyDay|[upkeep]\n|-heal|p1a: I ran out of ideas|82/100|[from] item: Leftovers\n|upkeep\n|turn|3\n|\n|t:|1776389318\n|move|p1a: I ran out of ideas|Toxic|p2a: Victreebel\n|-status|p2a: Victreebel|tox\n|move|p2a: Victreebel|Solar Beam||[still]\n|-prepare|p2a: Victreebel|Solar Beam\n|-anim|p2a: Victreebel|Solar Beam|p1a: I ran out of ideas\n|-resisted|p1a: I ran out of ideas|2\n|-end|p1a: I ran out of ideas|Substitute\n|\n|-weather|SunnyDay|[upkeep]\n|-heal|p1a: I ran out of ideas|88/100|[from] item: Leftovers\n|-damage|p2a: Victreebel|78/100 tox|[from] psn\n|upkeep\n|turn|4\n|\n|t:|1776389324\n|move|p1a: I ran out of ideas|Substitute|p1a: I ran out of ideas\n|-start|p1a: I ran out of ideas|Substitute\n|-damage|p1a: I ran out of ideas|63/100\n|move|p2a: Victreebel|Solar Beam||[still]\n|-prepare|p2a: Victreebel|Solar Beam\n|-anim|p2a: Victreebel|Solar Beam|p1a: I ran out of ideas\n|-resisted|p1a: I ran out of ideas|2\n|-activate|p1a: I ran out of ideas|move: Substitute|[damage]\n|\n|-weather|SunnyDay|[upkeep]\n|-heal|p1a: I ran out of ideas|69/100|[from] item: Leftovers\n|-damage|p2a: Victreebel|66/100 tox|[from] psn\n|upkeep\n|turn|5\n|\n|t:|1776389329\n|move|p1a: I ran out of ideas|Protect|p1a: I ran out of ideas\n|-singleturn|p1a: I ran out of ideas|Protect\n|move|p2a: Victreebel|Solar Beam||[still]\n|-prepare|p2a: Victreebel|Solar Beam\n|-anim|p2a: Victreebel|Solar Beam|p1a: I ran out of ideas\n|-activate|p1a: I ran out of ideas|move: Protect\n|\n|-weather|none\n|-heal|p1a: I ran out of ideas|76/100|[from] item: Leftovers\n|-damage|p2a: Victreebel|49/100 tox|[from] psn\n|upkeep\n|turn|6\n|\n|t:|1776389336\n|move|p1a: I ran out of ideas|Substitute|p1a: I ran out of ideas\n|-fail|p1a: I ran out of ideas|move: Substitute\n|move|p2a: Victreebel|Sunny Day|p2a: Victreebel\n|-weather|SunnyDay\n|\n|-weather|SunnyDay|[upkeep]\n|-heal|p1a: I ran out of ideas|82/100|[from] item: Leftovers\n|-damage|p2a: Victreebel|25/100 tox|[from] psn\n|upkeep\n|turn|7\n|\n|t:|1776389341\n|switch|p2a: Typhlosion|Typhlosion-Hisui, L50, F|100/100\n|-item|p1a: I ran out of ideas|Leftovers|[from] ability: Frisk|[of] p2a: Typhlosion\n|move|p1a: I ran out of ideas|Protect||[still]\n|-fail|p1a: I ran out of ideas\n|\n|-weather|SunnyDay|[upkeep]\n|-heal|p1a: I ran out of ideas|88/100|[from] item: Leftovers\n|upkeep\n|turn|8\n|\n|t:|1776389344\n|move|p1a: I ran out of ideas|Toxic|p2a: Typhlosion\n|-status|p2a: Typhlosion|tox\n|move|p2a: Typhlosion|Flamethrower|p1a: I ran out of ideas\n|-resisted|p1a: I ran out of ideas|1\n|-end|p1a: I ran out of ideas|Substitute\n|\n|-weather|SunnyDay|[upkeep]\n|-heal|p1a: I ran out of ideas|94/100|[from] item: Leftovers\n|-damage|p2a: Typhlosion|94/100 tox|[from] psn\n|upkeep\n|turn|9\n|\n|t:|1776389351\n|move|p1a: I ran out of ideas|Substitute|p1a: I ran out of ideas\n|-start|p1a: I ran out of ideas|Substitute\n|-damage|p1a: I ran out of ideas|69/100\n|move|p2a: Typhlosion|Flamethrower|p1a: I ran out of ideas\n|-resisted|p1a: I ran out of ideas|1\n|-end|p1a: I ran out of ideas|Substitute\n|\n|-weather|SunnyDay|[upkeep]\n|-heal|p1a: I ran out of ideas|76/100|[from] item: Leftovers\n|-damage|p2a: Typhlosion|82/100 tox|[from] psn\n|upkeep\n|turn|10\n|\n|t:|1776389356\n|move|p1a: I ran out of ideas|Protect|p1a: I ran out of ideas\n|-singleturn|p1a: I ran out of ideas|Protect\n|move|p2a: Typhlosion|Flamethrower|p1a: I ran out of ideas\n|-activate|p1a: I ran out of ideas|move: Protect\n|\n|-weather|none\n|-heal|p1a: I ran out of ideas|82/100|[from] item: Leftovers\n|-damage|p2a: Typhlosion|64/100 tox|[from] psn\n|upkeep\n|turn|11\n|\n|t:|1776389358\n|move|p1a: I ran out of ideas|Substitute|p1a: I ran out of ideas\n|-start|p1a: I ran out of ideas|Substitute\n|-damage|p1a: I ran out of ideas|57/100\n|move|p2a: Typhlosion|Flamethrower|p1a: I ran out of ideas\n|-resisted|p1a: I ran out of ideas|1\n|-end|p1a: I ran out of ideas|Substitute\n|\n|-heal|p1a: I ran out of ideas|63/100|[from] item: Leftovers\n|-damage|p2a: Typhlosion|40/100 tox|[from] psn\n|upkeep\n|turn|12\n|\n|t:|1776389361\n|move|p1a: I ran out of ideas|Protect|p1a: I ran out of ideas\n|-singleturn|p1a: I ran out of ideas|Protect\n|move|p2a: Typhlosion|Flamethrower|p1a: I ran out of ideas\n|-activate|p1a: I ran out of ideas|move: Protect\n|\n|-heal|p1a: I ran out of ideas|69/100|[from] item: Leftovers\n|-damage|p2a: Typhlosion|10/100 tox|[from] psn\n|upkeep\n|turn|13\n|\n|t:|1776389363\n|move|p1a: I ran out of ideas|Substitute|p1a: I ran out of ideas\n|-start|p1a: I ran out of ideas|Substitute\n|-damage|p1a: I ran out of ideas|45/100\n|move|p2a: Typhlosion|Flamethrower|p1a: I ran out of ideas\n|-resisted|p1a: I ran out of ideas|1\n|-end|p1a: I ran out of ideas|Substitute\n|\n|-heal|p1a: I ran out of ideas|51/100|[from] item: Leftovers\n|-damage|p2a: Typhlosion|0 fnt|[from] psn\n|faint|p2a: Typhlosion\n|upkeep\n|\n|t:|1776389367\n|switch|p2a: Leafeon|Leafeon, L50, F|100/100\n|turn|14\n|\n|t:|1776389371\n|move|p1a: I ran out of ideas|Overheat|p2a: Leafeon\n|-supereffective|p2a: Leafeon|1\n|-enditem|p2a: Leafeon|Focus Sash\n|-damage|p2a: Leafeon|1/100\n|-unboost|p1a: I ran out of ideas|spa|2\n|move|p2a: Leafeon|Double-Edge|p1a: I ran out of ideas\n|-damage|p1a: I ran out of ideas|0 fnt\n|faint|p1a: I ran out of ideas\n|-damage|p2a: Leafeon|0 fnt|[from] Recoil\n|faint|p2a: Leafeon\n|\n|upkeep\n|\n|t:|1776389378\n|switch|p1a: Bruce|Charizard, L50, M|100/100\n|switch|p2a: Victreebel|Victreebel-Mega, L50, F|25/100 tox\n|turn|15\n|\n|t:|1776389381\n|detailschange|p1a: Bruce|Charizard-Mega-X, L50, M\n|-mega|p1a: Bruce|Charizard|Charizardite X\n|move|p1a: Bruce|Flare Blitz|p2a: Victreebel\n|-supereffective|p2a: Victreebel|1\n|-damage|p2a: Victreebel|0 fnt\n|-damage|p1a: Bruce|75/100|[from] ability: Innards Out|[of] p2a: Victreebel\n|faint|p2a: Victreebel\n|-damage|p1a: Bruce|67/100|[from] Recoil\n|\n|win|MiraidonGaming\n|raw|MiraidonGaming's rating: 1153 &rarr; <strong>1171</strong><br />(+18 for winning)\n|raw|Mmorpg fan's rating: 1054 &rarr; <strong>1041</strong><br />(-13 for losing)\n",
  "uploadtime": 1776389383,
  "views": 7,
  "formatid": "gen9championsbssregma",
  "rating": 1041,
  "private": 0,
  "password": null
}