{
  "id": "gen9championsbssregma-2582928413",
  "format": "[Gen 9 Champions] BSS Reg M-A",
  "players": [
    "Orasusum",
    "Gshs5"
  ],
  "log": "|j|\u2606Orasusum\n|j|\u2606Gshs5\n|t:|1776125797\n|gametype|singles\n|player|p1|Orasusum|ghetsis-gen5bw|1062\n|player|p2|Gshs5|2|1175\n|gen|9\n|tier|[Gen 9 Champions] BSS Reg M-A\n|rated|\n|rule|Species Clause: Limit one of each Pok\u00e9mon\n|rule|Item Clause: Limit 1 of each item\n|clearpoke\n|poke|p1|Gengar, L50, M|\n|poke|p1|Garchomp, L50, M|\n|poke|p1|Corviknight, L50, M|\n|poke|p1|Hippowdon, L50, F|\n|poke|p1|Arcanine, L50, M|\n|poke|p1|Quaquaval, L50, F|\n|poke|p2|Absol, L50, M|\n|poke|p2|Zoroark-Hisui, L50, M|\n|poke|p2|Gyarados, L50, F|\n|poke|p2|Garchomp, L50, F|\n|poke|p2|Empoleon, L50, M|\n|poke|p2|Gardevoir, L50, F|\n|teampreview|3\n|inactive|Battle timer is ON: inactive players will automatically lose when time's up. (requested by Orasusum)\n|\n|t:|1776125815\n|teamsize|p1|3\n|teamsize|p2|3\n|start\n|switch|p1a: Hippowdon|Hippowdon, L50, F, shiny|100/100\n|switch|p2a: \ud0b9\uac13\ud669\uc194|Absol, L50, M|100/100\n|-ability|p2a: \ud0b9\uac13\ud669\uc194|Pressure\n|-weather|Sandstorm|[from] ability: Sand Stream|[of] p1a: Hippowdon\n|turn|1\n|\n|t:|1776125821\n|detailschange|p2a: \ud0b9\uac13\ud669\uc194|Absol-Mega, L50, M\n|-mega|p2a: \ud0b9\uac13\ud669\uc194|Absol|Absolite\n|move|p2a: \ud0b9\uac13\ud669\uc194|Will-O-Wisp|p1a: Hippowdon\n|-status|p1a: Hippowdon|brn\n|move|p1a: Hippowdon|Yawn|p2a: \ud0b9\uac13\ud669\uc194\n|move|p2a: \ud0b9\uac13\ud669\uc194|Yawn||[from] ability: Magic Bounce|[still]\n|-fail|p2a: \ud0b9\uac13\ud669\uc194\n|\n|-weather|Sandstorm|[upkeep]\n|-damage|p2a: \ud0b9\uac13\ud669\uc194|95/100|[from] Sandstorm\n|-damage|p1a: Hippowdon|94/100 brn|[from] brn\n|upkeep\n|turn|2\n|\n|t:|1776125835\n|switch|p1a: Corviknight|Corviknight, L50, M, shiny|100/100\n|-ability|p1a: Corviknight|Pressure\n|move|p2a: \ud0b9\uac13\ud669\uc194|Knock Off|p1a: Corviknight\n|-damage|p1a: Corviknight|56/100\n|-enditem|p1a: Corviknight|Leftovers|[from] move: Knock Off|[of] p2a: \ud0b9\uac13\ud669\uc194\n|\n|-weather|Sandstorm|[upkeep]\n|-damage|p2a: \ud0b9\uac13\ud669\uc194|89/100|[from] Sandstorm\n|upkeep\n|turn|3\n|\n|t:|1776125847\n|move|p2a: \ud0b9\uac13\ud669\uc194|Will-O-Wisp|p1a: Corviknight|[miss]\n|-miss|p2a: \ud0b9\uac13\ud669\uc194|p1a: Corviknight\n|move|p1a: Corviknight|Roost|p1a: Corviknight\n|-heal|p1a: Corviknight|100/100\n|-singleturn|p1a: Corviknight|move: Roost\n|\n|-weather|Sandstorm|[upkeep]\n|-damage|p2a: \ud0b9\uac13\ud669\uc194|84/100|[from] Sandstorm\n|upkeep\n|turn|4\n|\n|t:|1776125852\n|move|p2a: \ud0b9\uac13\ud669\uc194|Will-O-Wisp|p1a: Corviknight\n|-status|p1a: Corviknight|brn\n|move|p1a: Corviknight|U-turn|p2a: \ud0b9\uac13\ud669\uc194\n|-supereffective|p2a: \ud0b9\uac13\ud669\uc194|1\n|-damage|p2a: \ud0b9\uac13\ud669\uc194|55/100\n|\n|t:|1776125859\n|switch|p1a: Hippowdon|Hippowdon, L50, F, shiny|94/100 brn|[from] U-turn\n|\n|-weather|Sandstorm|[upkeep]\n|-damage|p2a: \ud0b9\uac13\ud669\uc194|49/100|[from] Sandstorm\n|-damage|p1a: Hippowdon|88/100 brn|[from] brn\n|upkeep\n|turn|5\n|\n|t:|1776125863\n|move|p2a: \ud0b9\uac13\ud669\uc194|Knock Off|p1a: Hippowdon\n|-damage|p1a: Hippowdon|51/100 brn\n|-enditem|p1a: Hippowdon|Sitrus Berry|[from] move: Knock Off|[of] p2a: \ud0b9\uac13\ud669\uc194\n|move|p1a: Hippowdon|Earthquake|p2a: \ud0b9\uac13\ud669\uc194\n|-damage|p2a: \ud0b9\uac13\ud669\uc194|12/100\n|\n|-weather|none\n|-damage|p1a: Hippowdon|45/100 brn|[from] brn\n|upkeep\n|turn|6\n|\n|t:|1776125877\n|move|p2a: \ud0b9\uac13\ud669\uc194|Knock Off|p1a: Hippowdon\n|-damage|p1a: Hippowdon|19/100 brn\n|move|p1a: Hippowdon|Slack Off|p1a: Hippowdon\n|-heal|p1a: Hippowdon|69/100 brn\n|\n|-damage|p1a: Hippowdon|63/100 brn|[from] brn\n|upkeep\n|turn|7\n|\n|t:|1776125885\n|switch|p2a: Gyarados|Gyarados, L50, F|100/100\n|-ability|p2a: Gyarados|Intimidate|boost\n|-unboost|p1a: Hippowdon|atk|1\n|move|p1a: Hippowdon|Earthquake|p2a: Gyarados\n|-immune|p2a: Gyarados\n|\n|-damage|p1a: Hippowdon|57/100 brn|[from] brn\n|upkeep\n|turn|8\n|\n|t:|1776125889\n|switch|p1a: Corviknight|Corviknight, L50, M, shiny|100/100 brn\n|-ability|p1a: Corviknight|Pressure\n|move|p2a: Gyarados|Taunt|p1a: Corviknight\n|-start|p1a: Corviknight|move: Taunt\n|\n|-damage|p1a: Corviknight|95/100 brn|[from] brn\n|upkeep\n|turn|9\n|\n|t:|1776125896\n|move|p2a: Gyarados|Waterfall|p1a: Corviknight\n|-damage|p1a: Corviknight|69/100 brn\n|move|p1a: Corviknight|U-turn|p2a: Gyarados\n|-resisted|p2a: Gyarados|1\n|-damage|p2a: Gyarados|98/100\n|\n|t:|1776125902\n|switch|p1a: Hippowdon|Hippowdon, L50, F, shiny|57/100 brn|[from] U-turn\n|-weather|Sandstorm|[from] ability: Sand Stream|[of] p1a: Hippowdon\n|\n|-weather|Sandstorm|[upkeep]\n|-damage|p2a: Gyarados|92/100|[from] Sandstorm\n|-damage|p1a: Hippowdon|51/100 brn|[from] brn\n|upkeep\n|turn|10\n|\n|t:|1776125906\n|move|p2a: Gyarados|Taunt|p1a: Hippowdon\n|-start|p1a: Hippowdon|move: Taunt\n|cant|p1a: Hippowdon|move: Taunt|Stealth Rock\n|\n|-weather|Sandstorm|[upkeep]\n|-damage|p2a: Gyarados|85/100|[from] Sandstorm\n|-damage|p1a: Hippowdon|45/100 brn|[from] brn\n|upkeep\n|turn|11\n|\n|t:|1776125909\n|switch|p1a: Corviknight|Corviknight, L50, M, shiny|69/100 brn\n|-ability|p1a: Corviknight|Pressure\n|move|p2a: Gyarados|Waterfall|p1a: Corviknight\n|-damage|p1a: Corviknight|44/100 brn\n|\n|-weather|Sandstorm|[upkeep]\n|-damage|p2a: Gyarados|79/100|[from] Sandstorm\n|-damage|p1a: Corviknight|38/100 brn|[from] brn\n|upkeep\n|turn|12\n|\n|t:|1776125912\n|move|p2a: Gyarados|Taunt|p1a: Corviknight\n|-start|p1a: Corviknight|move: Taunt\n|cant|p1a: Corviknight|move: Taunt|Roost\n|\n|-weather|Sandstorm|[upkeep]\n|-damage|p2a: Gyarados|73/100|[from] Sandstorm\n|-damage|p1a: Corviknight|32/100 brn|[from] brn\n|upkeep\n|turn|13\n|\n|t:|1776125916\n|move|p2a: Gyarados|Waterfall|p1a: Corviknight\n|-damage|p1a: Corviknight|6/100 brn\n|cant|p1a: Corviknight|flinch\n|\n|-weather|none\n|-damage|p1a: Corviknight|0 fnt|[from] brn\n|faint|p1a: Corviknight\n|upkeep\n|\n|t:|1776125922\n|switch|p1a: Gengar|Gengar, L50, M, shiny|100/100\n|turn|14\n|\n|t:|1776125933\n|detailschange|p1a: Gengar|Gengar-Mega, L50, M, shiny\n|-mega|p1a: Gengar|Gengar|Gengarite\n|move|p1a: Gengar|Sludge Bomb|p2a: Gyarados\n|-crit|p2a: Gyarados\n|-damage|p2a: Gyarados|0 fnt\n|faint|p2a: Gyarados\n|\n|upkeep\n|\n|t:|1776125939\n|switch|p2a: Gardevoir|Gardevoir, L50, F|100/100\n|-ability|p2a: Gardevoir|Shadow Tag|Trace|[from] ability: Trace|[of] p1a: Gengar\n|turn|15\n|\n|t:|1776125948\n|move|p2a: Gardevoir|Psychic|p1a: Gengar\n|-supereffective|p1a: Gengar|1\n|-damage|p1a: Gengar|0 fnt\n|faint|p1a: Gengar\n|\n|upkeep\n|-message|Orasusum forfeited.\n|\n|win|Gshs5\n|raw|Orasusum's rating: 1062 &rarr; <strong>1049</strong><br />(-13 for losing)\n|raw|Gshs5's rating: 1175 &rarr; <strong>1192</strong><br />(+17 for winning)\n|l|\u2606Orasusum\n|player|p1|\n",
  "uploadtime": 1776125957,
  "views": 2,
  "formatid": "gen9championsbssregma",
  "rating": 1049,
  "private": 0,
  "password": null
}