{
  "id": "gen9championsbssregma-2586917563",
  "format": "[Gen 9 Champions] BSS Reg M-A",
  "players": [
    "kyotoyoko",
    "pgupp"
  ],
  "log": "|j|\u2606kyotoyoko\n|j|\u2606pgupp\n|t:|1776471635\n|gametype|singles\n|player|p1|kyotoyoko|caitlin|1417\n|player|p2|pgupp|169|1339\n|gen|9\n|tier|[Gen 9 Champions] BSS Reg M-A\n|rated|\n|rule|Species Clause: Limit one of each Pok\u00e9mon\n|rule|Item Clause: Limit 1 of each item\n|clearpoke\n|poke|p1|Hippowdon, L50, F|\n|poke|p1|Charizard, L50, F|\n|poke|p1|Lucario, L50, F|\n|poke|p1|Corviknight, L50, F|\n|poke|p1|Greninja-*, L50, F|\n|poke|p1|Mimikyu, L50, F|\n|poke|p2|Kangaskhan, L50, F|\n|poke|p2|Basculegion, L50, M|\n|poke|p2|Pelipper, L50, F|\n|poke|p2|Rotom-Heat, L50|\n|poke|p2|Gengar, L50, M|\n|poke|p2|Mimikyu, L50, F|\n|teampreview|3\n|j| p74\n|inactive|Battle timer is ON: inactive players will automatically lose when time's up. (requested by pgupp)\n|\n|t:|1776471676\n|teamsize|p1|3\n|teamsize|p2|3\n|start\n|switch|p1a: Hippowdon|Hippowdon, L50, F|100/100\n|switch|p2a: Kangaskhan|Kangaskhan, L50, F|100/100\n|-weather|Sandstorm|[from] ability: Sand Stream|[of] p1a: Hippowdon\n|turn|1\n|\n|t:|1776471682\n|detailschange|p2a: Kangaskhan|Kangaskhan-Mega, L50, F\n|-mega|p2a: Kangaskhan|Kangaskhan|Kangaskhanite\n|move|p2a: Kangaskhan|Fake Out|p1a: Hippowdon\n|-damage|p1a: Hippowdon|87/100\n|-damage|p1a: Hippowdon|83/100\n|-hitcount|p1a: Hippowdon|2\n|cant|p1a: Hippowdon|flinch\n|\n|-weather|Sandstorm|[upkeep]\n|-damage|p2a: Kangaskhan|94/100|[from] Sandstorm\n|upkeep\n|turn|2\n|\n|t:|1776471694\n|move|p2a: Kangaskhan|Ice Punch|p1a: Hippowdon\n|-supereffective|p1a: Hippowdon|1\n|-damage|p1a: Hippowdon|50/100\n|-enditem|p1a: Hippowdon|Sitrus Berry|[eat]\n|-heal|p1a: Hippowdon|74/100|[from] item: Sitrus Berry\n|-supereffective|p1a: Hippowdon|1\n|-damage|p1a: Hippowdon|66/100\n|-hitcount|p1a: Hippowdon|2\n|move|p1a: Hippowdon|Yawn|p2a: Kangaskhan\n|-start|p2a: Kangaskhan|move: Yawn|[of] p1a: Hippowdon\n|\n|-weather|Sandstorm|[upkeep]\n|-damage|p2a: Kangaskhan|88/100|[from] Sandstorm\n|upkeep\n|turn|3\n|\n|t:|1776471702\n|switch|p2a: Pelipper|Pelipper, L50, F|100/100\n|-weather|RainDance|[from] ability: Drizzle|[of] p2a: Pelipper\n|move|p1a: Hippowdon|Yawn|p2a: Pelipper\n|-start|p2a: Pelipper|move: Yawn|[of] p1a: Hippowdon\n|\n|-weather|RainDance|[upkeep]\n|upkeep\n|turn|4\n|\n|t:|1776471718\n|move|p2a: Pelipper|U-turn|p1a: Hippowdon\n|-damage|p1a: Hippowdon|60/100\n|\n|t:|1776471720\n|switch|p2a: Kangaskhan|Kangaskhan-Mega, L50, F|88/100|[from] U-turn\n|move|p1a: Hippowdon|Yawn|p2a: Kangaskhan\n|-start|p2a: Kangaskhan|move: Yawn|[of] p1a: Hippowdon\n|\n|-weather|RainDance|[upkeep]\n|upkeep\n|turn|5\n|\n|t:|1776471732\n|switch|p2a: Pelipper|Pelipper, L50, F|100/100\n|move|p1a: Hippowdon|Yawn|p2a: Pelipper\n|-start|p2a: Pelipper|move: Yawn|[of] p1a: Hippowdon\n|\n|-weather|RainDance|[upkeep]\n|upkeep\n|turn|6\n|\n|t:|1776471737\n|move|p2a: Pelipper|U-turn|p1a: Hippowdon\n|-damage|p1a: Hippowdon|53/100\n|\n|t:|1776471740\n|switch|p2a: Kangaskhan|Kangaskhan-Mega, L50, F|88/100|[from] U-turn\n|move|p1a: Hippowdon|Stealth Rock|p2a: Kangaskhan\n|-sidestart|p2: pgupp|move: Stealth Rock\n|\n|-weather|RainDance|[upkeep]\n|upkeep\n|turn|7\n|\n|t:|1776471747\n|move|p2a: Kangaskhan|Fake Out|p1a: Hippowdon\n|-damage|p1a: Hippowdon|38/100\n|-damage|p1a: Hippowdon|34/100\n|-hitcount|p1a: Hippowdon|2\n|cant|p1a: Hippowdon|flinch\n|\n|-weather|none\n|upkeep\n|turn|8\n|\n|t:|1776471756\n|move|p2a: Kangaskhan|Ice Punch|p1a: Hippowdon\n|-supereffective|p1a: Hippowdon|1\n|-damage|p1a: Hippowdon|1/100\n|-supereffective|p1a: Hippowdon|1\n|-crit|p1a: Hippowdon\n|-damage|p1a: Hippowdon|0 fnt\n|faint|p1a: Hippowdon\n|-hitcount|p1: Hippowdon|2\n|\n|upkeep\n|\n|t:|1776471761\n|switch|p1a: Mimikyu|Mimikyu, L50, F, shiny|100/100\n|turn|9\n|\n|t:|1776471765\n|move|p2a: Kangaskhan|Ice Punch|p1a: Mimikyu\n|-activate|p1a: Mimikyu|ability: Disguise\n|-damage|p1a: Mimikyu|100/100\n|detailschange|p1a: Mimikyu|Mimikyu-Busted, L50, F, shiny\n|-damage|p1a: Mimikyu|89/100|[from] pokemon: Mimikyu-Busted\n|-damage|p1a: Mimikyu|80/100\n|-hitcount|p1a: Mimikyu|2\n|move|p1a: Mimikyu|Swords Dance|p1a: Mimikyu\n|-boost|p1a: Mimikyu|atk|2\n|\n|upkeep\n|turn|10\n|\n|t:|1776471776\n|move|p2a: Kangaskhan|Ice Punch|p1a: Mimikyu\n|-damage|p1a: Mimikyu|46/100\n|-damage|p1a: Mimikyu|39/100\n|-hitcount|p1a: Mimikyu|2\n|move|p1a: Mimikyu|Drain Punch|p2a: Kangaskhan\n|-supereffective|p2a: Kangaskhan|1\n|-damage|p2a: Kangaskhan|0 fnt\n|-heal|p1a: Mimikyu|89/100|[from] drain|[of] p2a: Kangaskhan\n|faint|p2a: Kangaskhan\n|\n|upkeep\n|\n|t:|1776471785\n|switch|p2a: Mimikyu|Mimikyu, L50, F|100/100\n|-damage|p2a: Mimikyu|88/100|[from] Stealth Rock\n|turn|11\n|\n|t:|1776471788\n|move|p1a: Mimikyu|Shadow Sneak|p2a: Mimikyu\n|-activate|p2a: Mimikyu|ability: Disguise\n|-damage|p2a: Mimikyu|88/100\n|detailschange|p2a: Mimikyu|Mimikyu-Busted, L50, F\n|-damage|p2a: Mimikyu|76/100|[from] pokemon: Mimikyu-Busted\n|move|p2a: Mimikyu|Shadow Claw|p1a: Mimikyu\n|-supereffective|p1a: Mimikyu|1\n|-crit|p1a: Mimikyu\n|-damage|p1a: Mimikyu|0 fnt\n|faint|p1a: Mimikyu\n|\n|upkeep\n|\n|t:|1776471797\n|switch|p1a: Charizard|Charizard, L50, F|100/100\n|turn|12\n|\n|t:|1776471802\n|detailschange|p1a: Charizard|Charizard-Mega-X, L50, F\n|-mega|p1a: Charizard|Charizard|Charizardite X\n|move|p2a: Mimikyu|Shadow Claw|p1a: Charizard\n|-damage|p1a: Charizard|64/100\n|move|p1a: Charizard|Flare Blitz|p2a: Mimikyu\n|-crit|p2a: Mimikyu\n|-damage|p2a: Mimikyu|0 fnt\n|faint|p2a: Mimikyu\n|-damage|p1a: Charizard|45/100|[from] Recoil\n|\n|upkeep\n|-message|pgupp forfeited.\n|\n|win|kyotoyoko\n|raw|kyotoyoko's rating: 1417 &rarr; <strong>1433</strong><br />(+16 for winning)\n|raw|pgupp's rating: 1339 &rarr; <strong>1323</strong><br />(-16 for losing)\n|l|\u2606pgupp\n|player|p2|\n",
  "uploadtime": 1776472385,
  "views": 11,
  "formatid": "gen9championsbssregma",
  "rating": 1323,
  "private": 0,
  "password": null
}