{
  "id": "gen9championsbssregma-2587964974",
  "format": "[Gen 9 Champions] BSS Reg M-A",
  "players": [
    "Keyan_Sans",
    "peko877"
  ],
  "log": "|j|\u2606Keyan_Sans\n|j|\u2606peko877\n|t:|1776585803\n|gametype|singles\n|player|p1|Keyan_Sans|hugh|1269\n|player|p2|peko877|iono|1364\n|gen|9\n|tier|[Gen 9 Champions] BSS Reg M-A\n|rated|\n|rule|Species Clause: Limit one of each Pok\u00e9mon\n|rule|Item Clause: Limit 1 of each item\n|clearpoke\n|poke|p1|Gyarados, L50, F|\n|poke|p1|Aegislash, L50, M|\n|poke|p1|Garchomp, L50, F|\n|poke|p1|Meowscarada, L50, F|\n|poke|p1|Gengar, L50, F|\n|poke|p1|Primarina, L50, F|\n|poke|p2|Greninja, L50, M, shiny|\n|poke|p2|Corviknight, L50, M, shiny|\n|poke|p2|Garchomp, L50, M, shiny|\n|poke|p2|Sylveon, L50, F, shiny|\n|poke|p2|Venusaur, L50, M, shiny|\n|poke|p2|Bellibolt, L50, M, shiny|\n|teampreview|3\n|inactive|Battle timer is ON: inactive players will automatically lose when time's up. (requested by peko877)\n|inactive|Keyan_Sans also wants the timer to be on.\n|inactive|Keyan_Sans has 60 seconds left.\n|\n|t:|1776585853\n|teamsize|p1|3\n|teamsize|p2|3\n|start\n|switch|p1a: Garchomp|Garchomp, L50, F|100/100\n|switch|p2a: Garchomp|Garchomp, L50, M, shiny|100/100\n|turn|1\n|inactive|peko877 has 30 seconds left.\n|\n|t:|1776585886\n|move|p2a: Garchomp|Rock Tomb|p1a: Garchomp\n|-resisted|p1a: Garchomp|1\n|-damage|p1a: Garchomp|90/100\n|-unboost|p1a: Garchomp|spe|1\n|move|p1a: Garchomp|Stealth Rock|p2a: Garchomp\n|-sidestart|p2: peko877|move: Stealth Rock\n|\n|upkeep\n|turn|2\n|\n|t:|1776585890\n|switch|p1a: Primarina|Primarina, L50, F|100/100\n|move|p2a: Garchomp|Stealth Rock|p1a: Primarina\n|-sidestart|p1: Keyan_Sans|move: Stealth Rock\n|\n|upkeep\n|turn|3\n|\n|t:|1776585897\n|move|p2a: Garchomp|Earthquake|p1a: Primarina\n|-damage|p1a: Primarina|59/100\n|move|p1a: Primarina|Calm Mind|p1a: Primarina\n|-boost|p1a: Primarina|spa|1\n|-boost|p1a: Primarina|spd|1\n|\n|-heal|p1a: Primarina|65/100|[from] item: Leftovers\n|upkeep\n|turn|4\n|\n|t:|1776585902\n|move|p2a: Garchomp|Earthquake|p1a: Primarina\n|-damage|p1a: Primarina|17/100\n|move|p1a: Primarina|Draining Kiss|p2a: Garchomp\n|-supereffective|p2a: Garchomp|1\n|-damage|p2a: Garchomp|19/100\n|-heal|p1a: Primarina|77/100|[from] drain|[of] p2a: Garchomp\n|-damage|p1a: Primarina|65/100|[from] ability: Rough Skin|[of] p2a: Garchomp\n|\n|-heal|p1a: Primarina|71/100|[from] item: Leftovers\n|upkeep\n|turn|5\n|\n|t:|1776585904\n|move|p2a: Garchomp|Earthquake|p1a: Primarina\n|-damage|p1a: Primarina|25/100\n|move|p1a: Primarina|Draining Kiss|p2a: Garchomp\n|-supereffective|p2a: Garchomp|1\n|-damage|p2a: Garchomp|0 fnt\n|-heal|p1a: Primarina|39/100|[from] drain|[of] p2a: Garchomp\n|-damage|p1a: Primarina|27/100|[from] ability: Rough Skin|[of] p2a: Garchomp\n|faint|p2a: Garchomp\n|\n|-heal|p1a: Primarina|33/100|[from] item: Leftovers\n|upkeep\n|\n|t:|1776585907\n|switch|p2a: Venusaur|Venusaur, L50, M, shiny|100/100\n|-damage|p2a: Venusaur|88/100|[from] Stealth Rock\n|turn|6\n|\n|t:|1776585909\n|detailschange|p2a: Venusaur|Venusaur-Mega, L50, M, shiny\n|-mega|p2a: Venusaur|Venusaur|Venusaurite\n|move|p2a: Venusaur|Sludge Bomb|p1a: Primarina\n|-supereffective|p1a: Primarina|1\n|-damage|p1a: Primarina|0 fnt\n|faint|p1a: Primarina\n|\n|upkeep\n|\n|t:|1776585918\n|switch|p1a: Garchomp|Garchomp, L50, F|90/100\n|-damage|p1a: Garchomp|84/100|[from] Stealth Rock\n|turn|7\n|\n|t:|1776585920\n|move|p2a: Venusaur|Sleep Powder|p1a: Garchomp\n|-status|p1a: Garchomp|slp|[from] move: Sleep Powder\n|cant|p1a: Garchomp|slp\n|\n|upkeep\n|turn|8\n|\n|t:|1776585923\n|move|p2a: Venusaur|Giga Drain|p1a: Garchomp\n|-damage|p1a: Garchomp|51/100 slp\n|-heal|p2a: Venusaur|100/100|[from] drain|[of] p1a: Garchomp\n|-curestatus|p1a: Garchomp|slp|[msg]\n|move|p1a: Garchomp|Dragon Tail|p2a: Venusaur|[miss]\n|-miss|p1a: Garchomp|p2a: Venusaur\n|\n|upkeep\n|turn|9\n|\n|t:|1776585925\n|move|p2a: Venusaur|Giga Drain|p1a: Garchomp\n|-damage|p1a: Garchomp|14/100\n|move|p1a: Garchomp|Dragon Tail|p2a: Venusaur\n|-damage|p2a: Venusaur|76/100\n|drag|p2a: Corviknight|Corviknight, L50, M, shiny|100/100\n|-damage|p2a: Corviknight|88/100|[from] Stealth Rock\n|-ability|p2a: Corviknight|Pressure\n|\n|-heal|p2a: Corviknight|94/100|[from] item: Leftovers\n|upkeep\n|turn|10\n|\n|t:|1776585935\n|switch|p1a: Gengar|Gengar, L50, F|100/100\n|-damage|p1a: Gengar|89/100|[from] Stealth Rock\n|move|p2a: Corviknight|Body Press|p1a: Gengar\n|-immune|p1a: Gengar\n|\n|-heal|p2a: Corviknight|99/100|[from] item: Leftovers\n|upkeep\n|turn|11\n|\n|t:|1776585947\n|detailschange|p1a: Gengar|Gengar-Mega, L50, F\n|-mega|p1a: Gengar|Gengar|Gengarite\n|move|p1a: Gengar|Substitute|p1a: Gengar\n|-start|p1a: Gengar|Substitute\n|-damage|p1a: Gengar|64/100\n|move|p2a: Corviknight|U-turn|p1a: Gengar\n|-resisted|p1a: Gengar|2\n|-activate|p1a: Gengar|move: Substitute|[damage]\n|\n|t:|1776585950\n|switch|p2a: Venusaur|Venusaur-Mega, L50, M, shiny|76/100|[from] U-turn\n|-damage|p2a: Venusaur|64/100|[from] Stealth Rock\n|\n|upkeep\n|turn|12\n|\n|t:|1776585954\n|move|p1a: Gengar|Shadow Ball|p2a: Venusaur\n|-damage|p2a: Venusaur|30/100\n|move|p2a: Venusaur|Earth Power|p1a: Gengar\n|-supereffective|p1a: Gengar|1\n|-end|p1a: Gengar|Substitute\n|\n|upkeep\n|turn|13\n|\n|t:|1776585957\n|move|p1a: Gengar|Shadow Ball|p2a: Venusaur\n|-damage|p2a: Venusaur|0 fnt\n|faint|p2a: Venusaur\n|\n|upkeep\n|\n|t:|1776585960\n|switch|p2a: Corviknight|Corviknight, L50, M, shiny|99/100\n|-damage|p2a: Corviknight|88/100|[from] Stealth Rock\n|-ability|p2a: Corviknight|Pressure\n|turn|14\n|\n|t:|1776585963\n|move|p1a: Gengar|Shadow Ball|p2a: Corviknight\n|-damage|p2a: Corviknight|37/100\n|move|p2a: Corviknight|Iron Defense|p2a: Corviknight\n|-boost|p2a: Corviknight|def|2\n|\n|-heal|p2a: Corviknight|42/100|[from] item: Leftovers\n|upkeep\n|turn|15\n|c|\u2606Keyan_Sans|Gg\n|\n|t:|1776585966\n|move|p1a: Gengar|Shadow Ball|p2a: Corviknight\n|-damage|p2a: Corviknight|0 fnt\n|faint|p2a: Corviknight\n|\n|win|Keyan_Sans\n|raw|Keyan_Sans's rating: 1269 &rarr; <strong>1301</strong><br />(+32 for winning)\n|raw|peko877's rating: 1364 &rarr; <strong>1339</strong><br />(-25 for losing)\n|l|\u2606peko877\n|player|p2|\n",
  "uploadtime": 1776585967,
  "views": 9,
  "formatid": "gen9championsbssregma",
  "rating": 1301,
  "private": 0,
  "password": null
}