{
  "id": "gen9championsbssregma-2583316779",
  "format": "[Gen 9 Champions] BSS Reg M-A",
  "players": [
    "coldcandy",
    "jamel1"
  ],
  "log": "|j|\u2606coldcandy\n|j|\u2606jamel1\n|t:|1776166272\n|gametype|singles\n|player|p1|coldcandy|swimmerf|1310\n|player|p2|jamel1|cyrus|1341\n|gen|9\n|tier|[Gen 9 Champions] BSS Reg M-A\n|rated|\n|rule|Species Clause: Limit one of each Pok\u00e9mon\n|rule|Item Clause: Limit 1 of each item\n|clearpoke\n|poke|p1|Corviknight, L50, M|\n|poke|p1|Gardevoir, L50, F|\n|poke|p1|Garchomp, L50, F|\n|poke|p1|Kingambit, L50, F|\n|poke|p1|Primarina, L50, F|\n|poke|p1|Gengar, L50, M|\n|poke|p2|Emboar, L50, F|\n|poke|p2|Abomasnow, L50, M|\n|poke|p2|Gyarados, L50, F|\n|poke|p2|Gengar, L50, M|\n|poke|p2|Clefable, L50, F|\n|poke|p2|Lopunny, L50, F|\n|teampreview|3\n|inactive|Battle timer is ON: inactive players will automatically lose when time's up. (requested by coldcandy)\n|j| p74\n|\n|t:|1776166300\n|teamsize|p1|3\n|teamsize|p2|3\n|start\n|switch|p1a: Garchomp|Garchomp, L50, F, shiny|100/100\n|switch|p2a: Gengar|Gengar, L50, M, shiny|100/100\n|turn|1\n|\n|t:|1776166306\n|move|p2a: Gengar|Hypnosis|p1a: Garchomp|[miss]\n|-miss|p2a: Gengar|p1a: Garchomp\n|move|p1a: Garchomp|Rock Tomb|p2a: Gengar\n|-damage|p2a: Gengar|55/100\n|-unboost|p2a: Gengar|spe|1\n|-start|p1a: Garchomp|Disable|Rock Tomb|[from] ability: Cursed Body|[of] p2a: Gengar\n|\n|upkeep\n|turn|2\n|\n|t:|1776166315\n|move|p1a: Garchomp|Stealth Rock|p2a: Gengar\n|-sidestart|p2: jamel1|move: Stealth Rock\n|move|p2a: Gengar|Hypnosis|p1a: Garchomp|[miss]\n|-miss|p2a: Gengar|p1a: Garchomp\n|\n|upkeep\n|turn|3\n|\n|t:|1776166323\n|move|p1a: Garchomp|Earthquake|p2a: Gengar\n|-supereffective|p2a: Gengar|1\n|-damage|p2a: Gengar|0 fnt\n|faint|p2a: Gengar\n|\n|upkeep\n|\n|t:|1776166325\n|switch|p2a: Lopunny|Lopunny, L50, F|100/100\n|-damage|p2a: Lopunny|88/100|[from] Stealth Rock\n|turn|4\n|\n|t:|1776166331\n|switch|p1a: Corviknight|Corviknight, L50, M, shiny|100/100\n|move|p2a: Lopunny|Switcheroo|p1a: Corviknight\n|-activate|p2a: Lopunny|move: Trick|[of] p1a: Corviknight\n|-item|p1a: Corviknight|Choice Scarf|[from] move: Switcheroo\n|-item|p2a: Lopunny|Leftovers|[from] move: Switcheroo\n|\n|upkeep\n|turn|5\n|\n|t:|1776166343\n|move|p2a: Lopunny|Cosmic Power|p2a: Lopunny\n|-boost|p2a: Lopunny|def|1\n|-boost|p2a: Lopunny|spd|1\n|move|p1a: Corviknight|Body Press|p2a: Lopunny\n|-supereffective|p2a: Lopunny|1\n|-damage|p2a: Lopunny|53/100\n|\n|upkeep\n|turn|6\n|\n|t:|1776166349\n|move|p2a: Lopunny|Cosmic Power|p2a: Lopunny\n|-boost|p2a: Lopunny|def|1\n|-boost|p2a: Lopunny|spd|1\n|move|p1a: Corviknight|Body Press|p2a: Lopunny\n|-supereffective|p2a: Lopunny|1\n|-damage|p2a: Lopunny|23/100\n|\n|upkeep\n|turn|7\n|\n|t:|1776166370\n|switch|p1a: Gardevoir|Gardevoir, L50, F, shiny|100/100\n|-ability|p1a: Gardevoir|Klutz|Trace|[from] ability: Trace|[of] p2a: Lopunny\n|move|p2a: Lopunny|Baton Pass|p2a: Lopunny\n|\n|t:|1776166375\n|switch|p2a: Clefable|Clefable, L50, F|100/100|[from] Baton Pass\n|\n|upkeep\n|turn|8\n|\n|t:|1776166391\n|detailschange|p1a: Gardevoir|Gardevoir-Mega, L50, F, shiny\n|-mega|p1a: Gardevoir|Gardevoir|Gardevoirite\n|move|p1a: Gardevoir|Calm Mind|p1a: Gardevoir\n|-boost|p1a: Gardevoir|spa|1\n|-boost|p1a: Gardevoir|spd|1\n|move|p2a: Clefable|Cosmic Power|p2a: Clefable\n|-boost|p2a: Clefable|def|1\n|-boost|p2a: Clefable|spd|1\n|\n|upkeep\n|turn|9\n|\n|t:|1776166400\n|move|p1a: Gardevoir|Calm Mind|p1a: Gardevoir\n|-boost|p1a: Gardevoir|spa|1\n|-boost|p1a: Gardevoir|spd|1\n|move|p2a: Clefable|Cosmic Power|p2a: Clefable\n|-boost|p2a: Clefable|def|1\n|-boost|p2a: Clefable|spd|1\n|\n|upkeep\n|turn|10\n|\n|t:|1776166407\n|move|p1a: Gardevoir|Calm Mind|p1a: Gardevoir\n|-boost|p1a: Gardevoir|spa|1\n|-boost|p1a: Gardevoir|spd|1\n|move|p2a: Clefable|Cosmic Power|p2a: Clefable\n|-boost|p2a: Clefable|def|1\n|-boost|p2a: Clefable|spd|1\n|\n|upkeep\n|turn|11\n|\n|t:|1776166415\n|move|p1a: Gardevoir|Calm Mind|p1a: Gardevoir\n|-boost|p1a: Gardevoir|spa|1\n|-boost|p1a: Gardevoir|spd|1\n|move|p2a: Clefable|Cosmic Power|p2a: Clefable\n|-boost|p2a: Clefable|def|1\n|-boost|p2a: Clefable|spd|1\n|\n|upkeep\n|turn|12\n|\n|t:|1776166422\n|move|p1a: Gardevoir|Calm Mind|p1a: Gardevoir\n|-boost|p1a: Gardevoir|spa|1\n|-boost|p1a: Gardevoir|spd|1\n|move|p2a: Clefable|Charge Beam|p1a: Gardevoir|[miss]\n|-miss|p2a: Clefable|p1a: Gardevoir\n|\n|upkeep\n|turn|13\n|\n|t:|1776166429\n|move|p1a: Gardevoir|Calm Mind|p1a: Gardevoir\n|-boost|p1a: Gardevoir|spa|1\n|-boost|p1a: Gardevoir|spd|1\n|move|p2a: Clefable|Charge Beam|p1a: Gardevoir\n|-crit|p1a: Gardevoir\n|-damage|p1a: Gardevoir|88/100\n|-boost|p2a: Clefable|spa|1\n|\n|upkeep\n|turn|14\n|\n|t:|1776166437\n|move|p1a: Gardevoir|Hyper Voice|p2a: Clefable\n|-damage|p2a: Clefable|41/100\n|move|p2a: Clefable|Stored Power|p1a: Gardevoir\n|-resisted|p1a: Gardevoir|1\n|-damage|p1a: Gardevoir|79/100\n|\n|upkeep\n|turn|15\n|\n|t:|1776166448\n|move|p1a: Gardevoir|Hyper Voice|p2a: Clefable\n|-damage|p2a: Clefable|0 fnt\n|faint|p2a: Clefable\n|\n|upkeep\n|-message|jamel1 forfeited.\n|\n|win|coldcandy\n|raw|coldcandy's rating: 1310 &rarr; <strong>1332</strong><br />(+22 for winning)\n|raw|jamel1's rating: 1341 &rarr; <strong>1319</strong><br />(-22 for losing)\n|l|\u2606jamel1\n|player|p2|\n|l|\u2606coldcandy\n|player|p1|\n",
  "uploadtime": 1776166487,
  "views": 5,
  "formatid": "gen9championsbssregma",
  "rating": 1319,
  "private": 0,
  "password": null
}