{
  "id": "gen9championsbssregma-2588625683",
  "format": "[Gen 9 Champions] BSS Reg M-A",
  "players": [
    "mega.CHIVA",
    "sir_speed1"
  ],
  "log": "|j|\u2606mega.CHIVA\n|j|\u2606sir_speed1\n|t:|1776651363\n|gametype|singles\n|player|p1|mega.CHIVA|unknown|1149\n|player|p2|sir_speed1|marlon|1197\n|gen|9\n|tier|[Gen 9 Champions] BSS Reg M-A\n|rated|\n|rule|Species Clause: Limit one of each Pok\u00e9mon\n|rule|Item Clause: Limit 1 of each item\n|clearpoke\n|poke|p1|Corviknight, L50, M|\n|poke|p1|Garchomp, L50, M|\n|poke|p1|Hawlucha, L50, M|\n|poke|p1|Sylveon, L50, F|\n|poke|p1|Greninja, L50, M|\n|poke|p1|Blastoise, L50, M|\n|poke|p2|Espathra, L50, F, shiny|\n|poke|p2|Lucario, L50, F|\n|poke|p2|Incineroar, L50, M, shiny|\n|poke|p2|Talonflame, L50, F|\n|poke|p2|Ditto, L50|\n|poke|p2|Glimmora, L50, M|\n|teampreview|3\n|\n|t:|1776651379\n|teamsize|p1|3\n|teamsize|p2|3\n|start\n|switch|p1a: Sylveon|Sylveon, L50, F|100/100\n|switch|p2a: Ditto|Ditto, L50|100/100\n|-transform|p2a: Ditto|p1a: Sylveon|[from] ability: Imposter\n|turn|1\n|\n|t:|1776651388\n|move|p2a: Ditto|Hyper Voice|p1a: Sylveon\n|-damage|p1a: Sylveon|58/100\n|move|p1a: Sylveon|Hyper Voice|p2a: Ditto\n|-damage|p2a: Ditto|39/100\n|\n|upkeep\n|turn|2\n|\n|t:|1776651397\n|switch|p2a: Espathra|Espathra, L50, F, shiny|100/100\n|move|p1a: Sylveon|Hyper Voice|p2a: Espathra\n|-damage|p2a: Espathra|10/100\n|\n|upkeep\n|turn|3\n|\n|t:|1776651403\n|move|p2a: Espathra|Protect|p2a: Espathra\n|-singleturn|p2a: Espathra|Protect\n|move|p1a: Sylveon|Shadow Ball|p2a: Espathra\n|-activate|p2a: Espathra|move: Protect\n|\n|-ability|p2a: Espathra|Speed Boost|boost\n|-boost|p2a: Espathra|spe|1\n|upkeep\n|turn|4\n|\n|t:|1776651413\n|move|p2a: Espathra|Baton Pass|p2a: Espathra\n|\n|t:|1776651414\n|switch|p2a: QueenVon|Lucario, L50, F|100/100|[from] Baton Pass\n|move|p1a: Sylveon|Shadow Ball|p2a: QueenVon\n|-damage|p2a: QueenVon|62/100\n|\n|upkeep\n|turn|5\n|\n|t:|1776651451\n|detailschange|p2a: QueenVon|Lucario-Mega, L50, F\n|-mega|p2a: QueenVon|Lucario|Lucarionite\n|move|p2a: QueenVon|Bullet Punch|p1a: Sylveon\n|-supereffective|p1a: Sylveon|1\n|-damage|p1a: Sylveon|0 fnt\n|faint|p1a: Sylveon\n|\n|upkeep\n|\n|t:|1776651458\n|switch|p1a: Blastoise|Blastoise, L50, M|100/100\n|turn|6\n|\n|t:|1776651477\n|move|p2a: QueenVon|Close Combat|p1a: Blastoise\n|-damage|p1a: Blastoise|33/100\n|-unboost|p2a: QueenVon|def|1\n|-unboost|p2a: QueenVon|spd|1\n|move|p1a: Blastoise|Surf|p2a: QueenVon\n|-damage|p2a: QueenVon|0 fnt\n|faint|p2a: QueenVon\n|\n|upkeep\n|\n|t:|1776651486\n|switch|p2a: Espathra|Espathra, L50, F, shiny|10/100\n|turn|7\n|\n|t:|1776651489\n|move|p2a: Espathra|Protect|p2a: Espathra\n|-singleturn|p2a: Espathra|Protect\n|move|p1a: Blastoise|Surf|p2a: Espathra\n|-activate|p2a: Espathra|move: Protect\n|\n|-ability|p2a: Espathra|Speed Boost|boost\n|-boost|p2a: Espathra|spe|1\n|upkeep\n|turn|8\n|\n|t:|1776651515\n|move|p2a: Espathra|Stored Power|p1a: Blastoise\n|-damage|p1a: Blastoise|17/100\n|move|p1a: Blastoise|Dragon Pulse|p2a: Espathra\n|-damage|p2a: Espathra|0 fnt\n|faint|p2a: Espathra\n|\n|upkeep\n|\n|t:|1776651518\n|switch|p2a: Ditto|Ditto, L50|39/100\n|-transform|p2a: Ditto|p1a: Blastoise|[from] ability: Imposter\n|turn|9\n|\n|t:|1776651527\n|move|p1a: Blastoise|Dragon Pulse|p2a: Ditto\n|-damage|p2a: Ditto|13/100\n|move|p2a: Ditto|Dragon Pulse|p1a: Blastoise\n|-damage|p1a: Blastoise|0 fnt\n|faint|p1a: Blastoise\n|\n|upkeep\n|\n|t:|1776651534\n|switch|p1a: Hawlucha|Hawlucha, L50, M|100/100\n|turn|10\n|\n|t:|1776651573\n|detailschange|p1a: Hawlucha|Hawlucha-Mega, L50, M\n|-mega|p1a: Hawlucha|Hawlucha|Hawluchanite\n|move|p1a: Hawlucha|Cross Chop|p2a: Ditto\n|-crit|p2a: Ditto\n|-damage|p2a: Ditto|0 fnt\n|faint|p2a: Ditto\n|\n|win|mega.CHIVA\n|raw|mega.CHIVA's rating: 1149 &rarr; <strong>1177</strong><br />(+28 for winning)\n|raw|sir_speed1's rating: 1197 &rarr; <strong>1169</strong><br />(-28 for losing)\n",
  "uploadtime": 1776651630,
  "views": 0,
  "formatid": "gen9championsbssregma",
  "rating": 1169,
  "private": 0,
  "password": null
}