{
  "id": "gen9championsbssregma-2582203222",
  "format": "[Gen 9 Champions] BSS Reg M-A",
  "players": [
    "Mitarashi",
    "going 12"
  ],
  "log": "|j|\u2606Mitarashi\n|j|\u2606going 12\n|t:|1776070845\n|gametype|singles\n|player|p1|Mitarashi|170|1277\n|player|p2|going 12|170|1352\n|gen|9\n|tier|[Gen 9 Champions] BSS Reg M-A\n|rated|\n|rule|Species Clause: Limit one of each Pok\u00e9mon\n|rule|Item Clause: Limit 1 of each item\n|clearpoke\n|poke|p1|Tyranitar, L50, F|\n|poke|p1|Corviknight, L50, M|\n|poke|p1|Toxapex, L50, F|\n|poke|p1|Delphox, L50, M|\n|poke|p1|Meowscarada, L50, M|\n|poke|p1|Garchomp, L50, M|\n|poke|p2|Hippowdon, L50, M|\n|poke|p2|Basculegion, L50, M|\n|poke|p2|Charizard, L50, F|\n|poke|p2|Excadrill, L50, M|\n|poke|p2|Meganium, L50, F|\n|poke|p2|Dragonite, L50, F|\n|teampreview|3\n|inactive|Battle timer is ON: inactive players will automatically lose when time's up. (requested by going 12)\n|j| xXcrossbowXx\n|inactive|Mitarashi has 60 seconds left.\n|inactive|going 12 has 60 seconds left.\n|\n|t:|1776070889\n|teamsize|p1|3\n|teamsize|p2|3\n|start\n|switch|p1a: Delphox|Delphox, L50, M|100/100\n|switch|p2a: Hippowdon|Hippowdon, L50, M|100/100\n|-weather|Sandstorm|[from] ability: Sand Stream|[of] p2a: Hippowdon\n|turn|1\n|\n|t:|1776070900\n|detailschange|p1a: Delphox|Delphox-Mega, L50, M\n|-mega|p1a: Delphox|Delphox|Delphoxite\n|move|p1a: Delphox|Substitute|p1a: Delphox\n|-start|p1a: Delphox|Substitute\n|-damage|p1a: Delphox|75/100\n|move|p2a: Hippowdon|Rock Tomb|p1a: Delphox\n|-supereffective|p1a: Delphox|1\n|-end|p1a: Delphox|Substitute\n|\n|-weather|Sandstorm|[upkeep]\n|-damage|p1a: Delphox|70/100|[from] Sandstorm\n|upkeep\n|turn|2\n|\n|t:|1776070912\n|move|p1a: Delphox|Psychic|p2a: Hippowdon\n|-damage|p2a: Hippowdon|61/100\n|move|p2a: Hippowdon|Rock Tomb|p1a: Delphox\n|-supereffective|p1a: Delphox|1\n|-damage|p1a: Delphox|24/100\n|-unboost|p1a: Delphox|spe|1\n|\n|-weather|Sandstorm|[upkeep]\n|-damage|p1a: Delphox|18/100|[from] Sandstorm\n|upkeep\n|turn|3\n|\n|t:|1776070926\n|move|p1a: Delphox|Psychic|p2a: Hippowdon\n|-damage|p2a: Hippowdon|20/100\n|-unboost|p2a: Hippowdon|spd|1\n|move|p2a: Hippowdon|Rock Tomb|p1a: Delphox\n|-supereffective|p1a: Delphox|1\n|-damage|p1a: Delphox|0 fnt\n|faint|p1a: Delphox\n|\n|-weather|Sandstorm|[upkeep]\n|upkeep\n|\n|t:|1776070941\n|switch|p1a: Corviknight|Corviknight, L50, M, shiny|100/100\n|turn|4\n|j| p74\n|\n|t:|1776070947\n|move|p1a: Corviknight|Body Press|p2a: Hippowdon\n|-damage|p2a: Hippowdon|0 fnt\n|faint|p2a: Hippowdon\n|\n|-weather|Sandstorm|[upkeep]\n|upkeep\n|\n|t:|1776070964\n|switch|p2a: Dragonite|Dragonite, L50, F|100/100\n|turn|5\n|\n|t:|1776070970\n|switch|p1a: Toxapex|Toxapex, L50, F|100/100\n|move|p2a: Dragonite|Thunderbolt|p1a: Toxapex\n|-supereffective|p1a: Toxapex|1\n|-damage|p1a: Toxapex|62/100\n|\n|-weather|none\n|-heal|p1a: Toxapex|68/100|[from] item: Leftovers\n|upkeep\n|turn|6\n|\n|t:|1776070979\n|move|p2a: Dragonite|Thunderbolt|p1a: Toxapex\n|-supereffective|p1a: Toxapex|1\n|-damage|p1a: Toxapex|32/100\n|move|p1a: Toxapex|Toxic|p2a: Dragonite\n|-status|p2a: Dragonite|tox\n|\n|-heal|p1a: Toxapex|38/100|[from] item: Leftovers\n|-damage|p2a: Dragonite|94/100 tox|[from] psn\n|upkeep\n|turn|7\n|\n|t:|1776070990\n|move|p1a: Toxapex|Baneful Bunker|p1a: Toxapex\n|-singleturn|p1a: Toxapex|move: Protect\n|move|p2a: Dragonite|Draco Meteor|p1a: Toxapex\n|-activate|p1a: Toxapex|move: Protect\n|\n|-heal|p1a: Toxapex|44/100|[from] item: Leftovers\n|-damage|p2a: Dragonite|82/100 tox|[from] psn\n|upkeep\n|turn|8\n|\n|t:|1776071003\n|move|p2a: Dragonite|Thunderbolt|p1a: Toxapex\n|-supereffective|p1a: Toxapex|1\n|-damage|p1a: Toxapex|6/100\n|-status|p1a: Toxapex|par\n|move|p1a: Toxapex|Recover|p1a: Toxapex\n|-heal|p1a: Toxapex|56/100 par\n|\n|-heal|p1a: Toxapex|62/100 par|[from] item: Leftovers\n|-damage|p2a: Dragonite|64/100 tox|[from] psn\n|upkeep\n|turn|9\n|\n|t:|1776071018\n|move|p2a: Dragonite|Thunderbolt|p1a: Toxapex\n|-supereffective|p1a: Toxapex|1\n|-damage|p1a: Toxapex|27/100 par\n|move|p1a: Toxapex|Toxic|p2a: Dragonite\n|-fail|p2a: Dragonite|tox\n|\n|-heal|p1a: Toxapex|33/100 par|[from] item: Leftovers\n|-damage|p2a: Dragonite|40/100 tox|[from] psn\n|upkeep\n|turn|10\n|l| xXcrossbowXx\n|\n|t:|1776071028\n|move|p2a: Dragonite|Draco Meteor|p1a: Toxapex\n|-damage|p1a: Toxapex|0 fnt\n|-unboost|p2a: Dragonite|spa|2\n|faint|p1a: Toxapex\n|-enditem|p2a: Dragonite|White Herb\n|-clearnegativeboost|p2a: Dragonite|[silent]\n|\n|-damage|p2a: Dragonite|10/100 tox|[from] psn\n|upkeep\n|\n|t:|1776071038\n|switch|p1a: Corviknight|Corviknight, L50, M, shiny|100/100\n|turn|11\n|\n|t:|1776071042\n|move|p2a: Dragonite|Flamethrower|p1a: Corviknight\n|-supereffective|p1a: Corviknight|1\n|-damage|p1a: Corviknight|47/100\n|-enditem|p1a: Corviknight|Sitrus Berry|[eat]\n|-heal|p1a: Corviknight|72/100|[from] item: Sitrus Berry\n|move|p1a: Corviknight|Roost|p1a: Corviknight\n|-heal|p1a: Corviknight|100/100\n|-singleturn|p1a: Corviknight|move: Roost\n|\n|-damage|p2a: Dragonite|0 fnt|[from] psn\n|faint|p2a: Dragonite\n|upkeep\n|\n|t:|1776071045\n|switch|p2a: Charizard|Charizard, L50, F|100/100\n|turn|12\n|\n|t:|1776071061\n|detailschange|p2a: Charizard|Charizard-Mega-X, L50, F\n|-mega|p2a: Charizard|Charizard|Charizardite X\n|move|p2a: Charizard|Thunder Punch|p1a: Corviknight\n|-supereffective|p1a: Corviknight|1\n|-damage|p1a: Corviknight|58/100\n|move|p1a: Corviknight|Iron Defense|p1a: Corviknight\n|-boost|p1a: Corviknight|def|2\n|\n|upkeep\n|turn|13\n|\n|t:|1776071074\n|move|p2a: Charizard|Thunder Punch|p1a: Corviknight\n|-supereffective|p1a: Corviknight|1\n|-damage|p1a: Corviknight|35/100\n|move|p1a: Corviknight|Iron Defense|p1a: Corviknight\n|-boost|p1a: Corviknight|def|2\n|\n|upkeep\n|turn|14\n|\n|t:|1776071081\n|move|p2a: Charizard|Thunder Punch|p1a: Corviknight\n|-supereffective|p1a: Corviknight|1\n|-damage|p1a: Corviknight|20/100\n|move|p1a: Corviknight|Roost|p1a: Corviknight\n|-heal|p1a: Corviknight|71/100\n|-singleturn|p1a: Corviknight|move: Roost\n|\n|upkeep\n|turn|15\n|\n|t:|1776071089\n|move|p2a: Charizard|Thunder Punch|p1a: Corviknight\n|-supereffective|p1a: Corviknight|1\n|-crit|p1a: Corviknight\n|-damage|p1a: Corviknight|2/100\n|move|p1a: Corviknight|Body Press|p2a: Charizard\n|-damage|p2a: Charizard|20/100\n|\n|upkeep\n|turn|16\n|-message|Mitarashi forfeited.\n|\n|win|going 12\n|raw|Mitarashi's rating: 1277 &rarr; <strong>1257</strong><br />(-20 for losing)\n|raw|going 12's rating: 1352 &rarr; <strong>1368</strong><br />(+16 for winning)\n|l|\u2606Mitarashi\n|player|p1|\n",
  "uploadtime": 1776071133,
  "views": 4,
  "formatid": "gen9championsbssregma",
  "rating": 1257,
  "private": 0,
  "password": null
}