{
  "id": "gen9championsbssregma-2583713268",
  "format": "[Gen 9 Champions] BSS Reg M-A",
  "players": [
    "H0LL0W2117",
    "isaacmora22"
  ],
  "log": "|j|\u2606H0LL0W2117\n|j|\u2606isaacmora22\n|t:|1776192677\n|gametype|singles\n|player|p1|H0LL0W2117|candice|1012\n|player|p2|isaacmora22|hilbert|1000\n|gen|9\n|tier|[Gen 9 Champions] BSS Reg M-A\n|rated|\n|rule|Species Clause: Limit one of each Pok\u00e9mon\n|rule|Item Clause: Limit 1 of each item\n|clearpoke\n|poke|p1|Starmie, L50|\n|poke|p1|Sneasler, L50, F|\n|poke|p1|Meowstic, L50, M|\n|poke|p1|Hawlucha, L50, M|\n|poke|p1|Zoroark-Hisui, L50, F|\n|poke|p1|Corviknight, L50, M|\n|poke|p2|Flareon, L50, M|\n|poke|p2|Dragonite, L50, M|\n|poke|p2|Luxray, L50, M|\n|poke|p2|Clawitzer, L50, M|\n|poke|p2|Sableye, L50, M|\n|teampreview|3\n|inactive|Battle timer is ON: inactive players will automatically lose when time's up. (requested by H0LL0W2117)\n|\n|t:|1776192684\n|teamsize|p1|3\n|teamsize|p2|3\n|start\n|switch|p1a: Sneasler|Sneasler, L50, F|100/100\n|switch|p2a: Migo|Dragonite, L50, M|100/100\n|turn|1\n|\n|t:|1776192692\n|detailschange|p2a: Migo|Dragonite-Mega, L50, M\n|-mega|p2a: Migo|Dragonite|Dragoninite\n|move|p1a: Sneasler|Bitter Malice|p2a: Migo\n|-damage|p2a: Migo|82/100\n|-unboost|p2a: Migo|atk|1\n|move|p2a: Migo|Air Slash|p1a: Sneasler\n|-damage|p1a: Sneasler|24/100\n|replace|p1a: Zoroark|Zoroark-Hisui, L50, F, shiny\n|-end|p1a: Zoroark|Illusion\n|\n|upkeep\n|turn|2\n|\n|t:|1776192706\n|move|p1a: Zoroark|Bitter Malice|p2a: Migo\n|-damage|p2a: Migo|51/100\n|-unboost|p2a: Migo|atk|1\n|move|p2a: Migo|Air Slash|p1a: Zoroark\n|-damage|p1a: Zoroark|0 fnt\n|faint|p1a: Zoroark\n|\n|upkeep\n|\n|t:|1776192708\n|switch|p1a: Sneasler|Sneasler, L50, F|100/100\n|turn|3\n|\n|t:|1776192718\n|move|p1a: Sneasler|Dire Claw|p2a: Migo\n|-damage|p2a: Migo|17/100\n|-status|p2a: Migo|psn|[from] ability: Poison Touch|[of] p1a: Sneasler\n|move|p2a: Migo|Air Slash|p1a: Sneasler\n|-supereffective|p1a: Sneasler|1\n|-crit|p1a: Sneasler\n|-damage|p1a: Sneasler|0 fnt\n|faint|p1a: Sneasler\n|\n|-damage|p2a: Migo|5/100 psn|[from] psn\n|upkeep\n|\n|t:|1776192724\n|switch|p1a: Hawlucha|Hawlucha, L50, M|100/100\n|-ability|p1a: Hawlucha|Mold Breaker\n|turn|4\n|\n|t:|1776192735\n|detailschange|p1a: Hawlucha|Hawlucha-Mega, L50, M\n|-mega|p1a: Hawlucha|Hawlucha|Hawluchanite\n|move|p1a: Hawlucha|Stone Edge|p2a: Migo\n|-supereffective|p2a: Migo|1\n|-damage|p2a: Migo|0 fnt\n|faint|p2a: Migo\n|\n|upkeep\n|\n|t:|1776192743\n|switch|p2a: Rex|Luxray, L50, M|100/100\n|-ability|p2a: Rex|Intimidate|boost\n|-unboost|p1a: Hawlucha|atk|1\n|turn|5\n|\n|t:|1776192760\n|move|p1a: Hawlucha|Stone Edge|p2a: Rex\n|-damage|p2a: Rex|71/100\n|move|p2a: Rex|Wild Charge|p1a: Hawlucha\n|-supereffective|p1a: Hawlucha|1\n|-damage|p1a: Hawlucha|0 fnt\n|faint|p1a: Hawlucha\n|-damage|p2a: Rex|49/100|[from] Recoil\n|-enditem|p2a: Rex|Sitrus Berry|[eat]\n|-heal|p2a: Rex|74/100|[from] item: Sitrus Berry\n|\n|win|isaacmora22\n|raw|H0LL0W2117's rating: 1012 &rarr; <strong>1000</strong><br />(-12 for losing)\n|raw|isaacmora22's rating: 1000 &rarr; <strong>1041</strong><br />(+41 for winning)\n|l|\u2606H0LL0W2117\n|player|p1|\n",
  "uploadtime": 1776192776,
  "views": 7,
  "formatid": "gen9championsbssregma",
  "rating": 1000,
  "private": 0,
  "password": null
}