{
  "id": "gen9championsbssregma-2583172568",
  "format": "[Gen 9 Champions] BSS Reg M-A",
  "players": [
    "karbain",
    "3gege"
  ],
  "log": "|j|\u2606karbain\n|j|\u26063gege\n|t:|1776150829\n|gametype|singles\n|player|p1|karbain|2|1341\n|player|p2|3gege|169|1279\n|gen|9\n|tier|[Gen 9 Champions] BSS Reg M-A\n|rated|\n|rule|Species Clause: Limit one of each Pok\u00e9mon\n|rule|Item Clause: Limit 1 of each item\n|clearpoke\n|poke|p1|Charizard, L50, M|\n|poke|p1|Greninja-*, L50, F|\n|poke|p1|Mimikyu, L50, M|\n|poke|p1|Gengar, L50, F|\n|poke|p1|Meowscarada, L50, M|\n|poke|p1|Aegislash, L50, F|\n|poke|p2|Gyarados, L50, M|\n|poke|p2|Gengar, L50, M|\n|poke|p2|Primarina, L50, F|\n|poke|p2|Glimmora, L50, M|\n|poke|p2|Kingambit, L50, M|\n|poke|p2|Arcanine, L50, F|\n|teampreview|3\n|\n|t:|1776150855\n|teamsize|p1|3\n|teamsize|p2|3\n|start\n|switch|p1a: Greninja|Greninja, L50, F|100/100\n|switch|p2a: Glimmora|Glimmora, L50, M|100/100\n|turn|1\n|inactive|Battle timer is ON: inactive players will automatically lose when time's up. (requested by karbain)\n|\n|t:|1776150894\n|move|p1a: Greninja|Surf|p2a: Glimmora\n|-supereffective|p2a: Glimmora|1\n|-enditem|p2a: Glimmora|Focus Sash\n|-damage|p2a: Glimmora|1/100\n|move|p2a: Glimmora|Mud Shot|p1a: Greninja\n|-damage|p1a: Greninja|68/100\n|-unboost|p1a: Greninja|spe|1\n|\n|upkeep\n|turn|2\n|\n|t:|1776150904\n|move|p1a: Greninja|Water Shuriken|p2a: Glimmora\n|-supereffective|p2a: Glimmora|1\n|-damage|p2a: Glimmora|0 fnt\n|faint|p2a: Glimmora\n|-hitcount|p2: Glimmora|1\n|\n|upkeep\n|\n|t:|1776150908\n|switch|p2a: Gyarados|Gyarados, L50, M|100/100\n|-ability|p2a: Gyarados|Intimidate|boost\n|-unboost|p1a: Greninja|atk|1\n|turn|3\n|\n|t:|1776150918\n|switch|p1a: Meowscarada|Meowscarada, L50, M, shiny|100/100\n|move|p2a: Gyarados|Dragon Dance|p2a: Gyarados\n|-boost|p2a: Gyarados|atk|1\n|-boost|p2a: Gyarados|spe|1\n|\n|upkeep\n|turn|4\n|j| p74\n|\n|t:|1776150930\n|move|p1a: Meowscarada|Flower Trick|p2a: Gyarados\n|-start|p1a: Meowscarada|typechange|Grass|[from] ability: Protean\n|-crit|p2a: Gyarados\n|-damage|p2a: Gyarados|36/100\n|move|p2a: Gyarados|Ice Fang|p1a: Meowscarada\n|-supereffective|p1a: Meowscarada|1\n|-damage|p1a: Meowscarada|0 fnt\n|faint|p1a: Meowscarada\n|\n|upkeep\n|\n|t:|1776150940\n|switch|p1a: Greninja|Greninja, L50, F|68/100\n|turn|5\n|\n|t:|1776150946\n|detailschange|p2a: Gyarados|Gyarados-Mega, L50, M\n|-mega|p2a: Gyarados|Gyarados|Gyaradosite\n|-ability|p2a: Gyarados|Mold Breaker\n|move|p2a: Gyarados|Earthquake|p1a: Greninja\n|-damage|p1a: Greninja|0 fnt\n|faint|p1a: Greninja\n|\n|upkeep\n|\n|t:|1776150952\n|switch|p1a: Charizard|Charizard, L50, M|100/100\n|turn|6\n|\n|t:|1776150959\n|detailschange|p1a: Charizard|Charizard-Mega-X, L50, M\n|-mega|p1a: Charizard|Charizard|Charizardite X\n|move|p2a: Gyarados|Waterfall|p1a: Charizard\n|-damage|p1a: Charizard|20/100\n|move|p1a: Charizard|Flame Charge|p2a: Gyarados\n|-resisted|p2a: Gyarados|1\n|-damage|p2a: Gyarados|18/100\n|-boost|p1a: Charizard|spe|1\n|\n|upkeep\n|turn|7\n|\n|t:|1776150969\n|move|p1a: Charizard|Flare Blitz|p2a: Gyarados\n|-resisted|p2a: Gyarados|1\n|-damage|p2a: Gyarados|0 fnt\n|faint|p2a: Gyarados\n|-damage|p1a: Charizard|14/100|[from] Recoil\n|\n|upkeep\n|\n|t:|1776150972\n|switch|p2a: Arcanine|Arcanine, L50, F|100/100\n|-ability|p2a: Arcanine|Intimidate|boost\n|-unboost|p1a: Charizard|atk|1\n|turn|8\n|\n|t:|1776150978\n|move|p2a: Arcanine|Extreme Speed|p1a: Charizard\n|-damage|p1a: Charizard|0 fnt\n|faint|p1a: Charizard\n|\n|win|3gege\n|raw|karbain's rating: 1341 &rarr; <strong>1316</strong><br />(-25 for losing)\n|raw|3gege's rating: 1257 &rarr; <strong>1288</strong><br />(+31 for winning)\n|l|\u26063gege\n|player|p2|\n",
  "uploadtime": 1776151020,
  "views": 4,
  "formatid": "gen9championsbssregma",
  "rating": 1288,
  "private": 0,
  "password": null
}