{
  "id": "gen9championsbssregma-2583124130",
  "format": "[Gen 9 Champions] BSS Reg M-A",
  "players": [
    "Atatwe",
    "JigglePhysics69"
  ],
  "log": "|j|\u2606Atatwe\n|j|\u2606JigglePhysics69\n|t:|1776144885\n|gametype|singles\n|player|p1|Atatwe|2|1028\n|player|p2|JigglePhysics69|swimmerf-gen4|1052\n|gen|9\n|tier|[Gen 9 Champions] BSS Reg M-A\n|rated|\n|rule|Species Clause: Limit one of each Pok\u00e9mon\n|rule|Item Clause: Limit 1 of each item\n|clearpoke\n|poke|p1|Polteageist, L50|\n|poke|p1|Glimmora, L50, F|\n|poke|p1|Dragapult, L50, M|\n|poke|p1|Floette-Eternal, L50, F|\n|poke|p1|Skarmory, L50, M|\n|poke|p1|Greninja-*, L50, F|\n|poke|p2|Beedrill, L50, F|\n|poke|p2|Rotom-Wash, L50|\n|poke|p2|Lucario, L50, F|\n|poke|p2|Dragapult, L50, M|\n|poke|p2|Garchomp, L50, M|\n|poke|p2|Kingambit, L50, M|\n|teampreview|3\n|inactive|Battle timer is ON: inactive players will automatically lose when time's up. (requested by JigglePhysics69)\n|\n|t:|1776144934\n|teamsize|p1|3\n|teamsize|p2|3\n|start\n|switch|p1a: Polteageist|Polteageist, L50|100/100\n|switch|p2a: Beedrill|Beedrill, L50, F|100/100\n|turn|1\n|\n|t:|1776144941\n|detailschange|p2a: Beedrill|Beedrill-Mega, L50, F\n|-mega|p2a: Beedrill|Beedrill|Beedrillite\n|move|p2a: Beedrill|U-turn|p1a: Polteageist\n|-resisted|p1a: Polteageist|1\n|-damage|p1a: Polteageist|62/100\n|\n|t:|1776144957\n|switch|p2a: Rotom|Rotom-Wash, L50|100/100|[from] U-turn\n|move|p1a: Polteageist|Shell Smash|p1a: Polteageist\n|-unboost|p1a: Polteageist|def|1\n|-unboost|p1a: Polteageist|spd|1\n|-boost|p1a: Polteageist|atk|2\n|-boost|p1a: Polteageist|spa|2\n|-boost|p1a: Polteageist|spe|2\n|\n|upkeep\n|turn|2\n|\n|t:|1776144961\n|move|p2a: Rotom|Volt Switch|p1a: Polteageist\n|-damage|p1a: Polteageist|22/100\n|\n|t:|1776144964\n|switch|p2a: Beedrill|Beedrill-Mega, L50, F|100/100|[from] Volt Switch\n|move|p1a: Polteageist|Baton Pass|p1a: Polteageist\n|\n|t:|1776144967\n|switch|p1a: Glimmora|Glimmora, L50, F|100/100|[from] Baton Pass\n|\n|upkeep\n|turn|3\n|\n|t:|1776144970\n|detailschange|p1a: Glimmora|Glimmora-Mega, L50, F\n|-mega|p1a: Glimmora|Glimmora|Glimmoranite\n|move|p1a: Glimmora|Power Gem|p2a: Beedrill\n|-supereffective|p2a: Beedrill|1\n|-damage|p2a: Beedrill|0 fnt\n|faint|p2a: Beedrill\n|\n|upkeep\n|\n|t:|1776144974\n|switch|p2a: Rotom|Rotom-Wash, L50|100/100\n|turn|4\n|\n|t:|1776144981\n|move|p1a: Glimmora|Sludge Wave|p2a: Rotom\n|-damage|p2a: Rotom|0 fnt\n|faint|p2a: Rotom\n|\n|upkeep\n|\n|t:|1776144983\n|switch|p2a: Kingambit|Kingambit, L50, M|100/100\n|-activate|p2a: Kingambit|ability: Supreme Overlord\n|-start|p2a: Kingambit|fallen2|[silent]\n|turn|5\n|\n|t:|1776144990\n|move|p2a: Kingambit|Sucker Punch|p1a: Glimmora\n|-damage|p1a: Glimmora|8/100\n|move|p1a: Glimmora|Earth Power|p2a: Kingambit\n|-supereffective|p2a: Kingambit|1\n|-damage|p2a: Kingambit|0 fnt\n|faint|p2a: Kingambit\n|-end|p2a: Kingambit|fallen2|[silent]\n|\n|win|Atatwe\n|raw|Atatwe's rating: 1028 &rarr; <strong>1066</strong><br />(+38 for winning)\n|raw|JigglePhysics69's rating: 1052 &rarr; <strong>1033</strong><br />(-19 for losing)\n",
  "uploadtime": 1776144999,
  "views": 4,
  "formatid": "gen9championsbssregma",
  "rating": 1033,
  "private": 0,
  "password": null
}