{
  "id": "gen9championsbssregma-2587466643",
  "format": "[Gen 9 Champions] BSS Reg M-A",
  "players": [
    "jamel1",
    "joguri"
  ],
  "log": "|j|\u2606jamel1\n|j|\u2606joguri\n|t:|1776534224\n|gametype|singles\n|player|p1|jamel1|cyrus|1402\n|player|p2|joguri|dawn|1323\n|gen|9\n|tier|[Gen 9 Champions] BSS Reg M-A\n|rated|\n|rule|Species Clause: Limit one of each Pok\u00e9mon\n|rule|Item Clause: Limit 1 of each item\n|clearpoke\n|poke|p1|Emboar, L50, M|\n|poke|p1|Abomasnow, L50, F|\n|poke|p1|Gyarados, L50, F, shiny|\n|poke|p1|Gengar, L50, F, shiny|\n|poke|p1|Corviknight, L50, M|\n|poke|p1|Lopunny, L50, F|\n|poke|p2|Clefable, L50, M|\n|poke|p2|Espathra, L50, M|\n|poke|p2|Charizard, L50, F|\n|poke|p2|Hippowdon, L50, M|\n|poke|p2|Rotom-Wash, L50, shiny|\n|poke|p2|Garchomp, L50, F|\n|teampreview|3\n|inactive|Battle timer is ON: inactive players will automatically lose when time's up. (requested by joguri)\n|\n|t:|1776534247\n|teamsize|p1|3\n|teamsize|p2|3\n|start\n|switch|p1a: Gengar|Gengar, L50, F, shiny|100/100\n|switch|p2a: Hippowdon|Hippowdon, L50, M|100/100\n|-weather|Sandstorm|[from] ability: Sand Stream|[of] p2a: Hippowdon\n|turn|1\n|\n|t:|1776534253\n|move|p1a: Gengar|Hypnosis|p2a: Hippowdon|[miss]\n|-miss|p1a: Gengar|p2a: Hippowdon\n|move|p2a: Hippowdon|Yawn|p1a: Gengar\n|-start|p1a: Gengar|move: Yawn|[of] p2a: Hippowdon\n|\n|-weather|Sandstorm|[upkeep]\n|-damage|p1a: Gengar|95/100|[from] Sandstorm\n|upkeep\n|turn|2\n|\n|t:|1776534261\n|move|p1a: Gengar|Hypnosis|p2a: Hippowdon\n|-status|p2a: Hippowdon|slp|[from] move: Hypnosis\n|cant|p2a: Hippowdon|slp\n|\n|-weather|Sandstorm|[upkeep]\n|-damage|p1a: Gengar|89/100|[from] Sandstorm\n|-end|p1a: Gengar|move: Yawn|[silent]\n|-status|p1a: Gengar|slp\n|upkeep\n|turn|3\n|inactive|joguri has 30 seconds left.\n|inactive|joguri has 20 seconds left.\n|inactive|joguri has 15 seconds left.\n|\n|t:|1776534305\n|cant|p1a: Gengar|slp\n|cant|p2a: Hippowdon|slp\n|\n|-weather|Sandstorm|[upkeep]\n|-damage|p1a: Gengar|83/100 slp|[from] Sandstorm\n|upkeep\n|turn|4\n|\n|t:|1776534328\n|cant|p1a: Gengar|slp\n|-curestatus|p2a: Hippowdon|slp|[msg]\n|move|p2a: Hippowdon|Earthquake|p1a: Gengar\n|-supereffective|p1a: Gengar|1\n|-damage|p1a: Gengar|0 fnt\n|-start|p2a: Hippowdon|Disable|Earthquake|[from] ability: Cursed Body|[of] p1a: Gengar\n|faint|p1a: Gengar\n|\n|-weather|Sandstorm|[upkeep]\n|upkeep\n|j| gennobi\n|\n|t:|1776534336\n|switch|p1a: Lopunny|Lopunny, L50, F|100/100\n|turn|5\n|\n|t:|1776534341\n|move|p1a: Lopunny|Cosmic Power|p1a: Lopunny\n|-boost|p1a: Lopunny|def|1\n|-boost|p1a: Lopunny|spd|1\n|move|p2a: Hippowdon|Yawn|p1a: Lopunny\n|-start|p1a: Lopunny|move: Yawn|[of] p2a: Hippowdon\n|\n|-weather|none\n|upkeep\n|turn|6\n|\n|t:|1776534349\n|move|p1a: Lopunny|Cosmic Power|p1a: Lopunny\n|-boost|p1a: Lopunny|def|1\n|-boost|p1a: Lopunny|spd|1\n|move|p2a: Hippowdon|Stealth Rock|p1a: Lopunny\n|-sidestart|p1: jamel1|move: Stealth Rock\n|\n|-end|p1a: Lopunny|move: Yawn|[silent]\n|-status|p1a: Lopunny|slp\n|upkeep\n|-enditem|p1a: Lopunny|Chesto Berry|[eat]\n|-curestatus|p1a: Lopunny|slp|[msg]\n|turn|7\n|\n|t:|1776534357\n|move|p1a: Lopunny|Cosmic Power|p1a: Lopunny\n|-boost|p1a: Lopunny|def|1\n|-boost|p1a: Lopunny|spd|1\n|move|p2a: Hippowdon|Roar|p1a: Lopunny\n|drag|p1a: Corviknight|Corviknight, L50, M|100/100\n|-damage|p1a: Corviknight|88/100|[from] Stealth Rock\n|-ability|p1a: Corviknight|Pressure\n|\n|-end|p2a: Hippowdon|Disable\n|upkeep\n|turn|8\n|\n|t:|1776534369\n|switch|p1a: Lopunny|Lopunny, L50, F|100/100\n|-damage|p1a: Lopunny|88/100|[from] Stealth Rock\n|move|p2a: Hippowdon|Yawn|p1a: Lopunny\n|-start|p1a: Lopunny|move: Yawn|[of] p2a: Hippowdon\n|\n|upkeep\n|turn|9\n|\n|t:|1776534376\n|move|p1a: Lopunny|Cosmic Power|p1a: Lopunny\n|-boost|p1a: Lopunny|def|1\n|-boost|p1a: Lopunny|spd|1\n|move|p2a: Hippowdon|Yawn||[still]\n|-fail|p2a: Hippowdon\n|\n|-end|p1a: Lopunny|move: Yawn|[silent]\n|-status|p1a: Lopunny|slp\n|upkeep\n|turn|10\n|\n|t:|1776534385\n|switch|p2a: Espathra|Espathra, L50, M|100/100\n|cant|p1a: Lopunny|slp\n|\n|upkeep\n|turn|11\n|\n|t:|1776534391\n|cant|p1a: Lopunny|slp\n|move|p2a: Espathra|Calm Mind|p2a: Espathra\n|-boost|p2a: Espathra|spa|1\n|-boost|p2a: Espathra|spd|1\n|\n|-ability|p2a: Espathra|Speed Boost|boost\n|-boost|p2a: Espathra|spe|1\n|upkeep\n|turn|12\n|\n|t:|1776534398\n|move|p2a: Espathra|Calm Mind|p2a: Espathra\n|-boost|p2a: Espathra|spa|1\n|-boost|p2a: Espathra|spd|1\n|-curestatus|p1a: Lopunny|slp|[msg]\n|move|p1a: Lopunny|Cosmic Power|p1a: Lopunny\n|-boost|p1a: Lopunny|def|1\n|-boost|p1a: Lopunny|spd|1\n|\n|-ability|p2a: Espathra|Speed Boost|boost\n|-boost|p2a: Espathra|spe|1\n|upkeep\n|turn|13\n|\n|t:|1776534411\n|move|p2a: Espathra|Calm Mind|p2a: Espathra\n|-boost|p2a: Espathra|spa|1\n|-boost|p2a: Espathra|spd|1\n|move|p1a: Lopunny|Baton Pass|p1a: Lopunny\n|\n|t:|1776534413\n|switch|p1a: Corviknight|Corviknight, L50, M|88/100|[from] Baton Pass\n|-damage|p1a: Corviknight|76/100|[from] Stealth Rock\n|-ability|p1a: Corviknight|Pressure\n|\n|-ability|p2a: Espathra|Speed Boost|boost\n|-boost|p2a: Espathra|spe|1\n|upkeep\n|turn|14\n|\n|t:|1776534425\n|move|p2a: Espathra|Protect|p2a: Espathra\n|-singleturn|p2a: Espathra|Protect\n|move|p1a: Corviknight|Bulk Up|p1a: Corviknight\n|-boost|p1a: Corviknight|atk|1\n|-boost|p1a: Corviknight|def|1\n|\n|-ability|p2a: Espathra|Speed Boost|boost\n|-boost|p2a: Espathra|spe|1\n|upkeep\n|turn|15\n|\n|t:|1776534440\n|move|p2a: Espathra|Baton Pass|p2a: Espathra\n|\n|t:|1776534443\n|switch|p2a: Clefable|Clefable, L50, M|100/100|[from] Baton Pass\n|move|p1a: Corviknight|Power Trip|p2a: Clefable\n|-resisted|p2a: Clefable|1\n|-damage|p2a: Clefable|85/100\n|\n|upkeep\n|turn|16\n|\n|t:|1776534463\n|move|p2a: Clefable|Flamethrower|p1a: Corviknight\n|-supereffective|p1a: Corviknight|1\n|-damage|p1a: Corviknight|0 fnt\n|faint|p1a: Corviknight\n|\n|upkeep\n|-message|jamel1 forfeited.\n|\n|win|joguri\n|raw|jamel1's rating: 1402 &rarr; <strong>1378</strong><br />(-24 for losing)\n|raw|joguri's rating: 1323 &rarr; <strong>1347</strong><br />(+24 for winning)\n|l|\u2606jamel1\n|player|p1|\n",
  "uploadtime": 1776534472,
  "views": 2,
  "formatid": "gen9championsbssregma",
  "rating": 1347,
  "private": 0,
  "password": null
}