{
  "id": "gen9championsbssregma-2583333285",
  "format": "[Gen 9 Champions] BSS Reg M-A",
  "players": [
    "kyotoyoko",
    "hoshigumo1101"
  ],
  "log": "|j|\u2606kyotoyoko\n|j|\u2606hoshigumo1101\n|t:|1776167766\n|gametype|singles\n|player|p1|kyotoyoko|caitlin|1275\n|player|p2|hoshigumo1101|acetrainerf|1309\n|gen|9\n|tier|[Gen 9 Champions] BSS Reg M-A\n|rated|\n|rule|Species Clause: Limit one of each Pok\u00e9mon\n|rule|Item Clause: Limit 1 of each item\n|clearpoke\n|poke|p1|Hippowdon, L50, F|\n|poke|p1|Charizard, L50, F|\n|poke|p1|Corviknight, L50, F|\n|poke|p1|Primarina, L50, F|\n|poke|p1|Gengar, L50, F|\n|poke|p1|Mimikyu, L50, F|\n|poke|p2|Aegislash, L50, F|\n|poke|p2|Kingambit, L50, M|\n|poke|p2|Garchomp, L50, M|\n|poke|p2|Volcarona, L50, F|\n|poke|p2|Gyarados, L50, F|\n|poke|p2|Dragonite, L50, F|\n|teampreview|3\n|inactive|Battle timer is ON: inactive players will automatically lose when time's up. (requested by kyotoyoko)\n|\n|t:|1776167781\n|teamsize|p1|3\n|teamsize|p2|3\n|start\n|switch|p1a: Hippowdon|Hippowdon, L50, F|100/100\n|switch|p2a: Gyarados|Gyarados, L50, F|100/100\n|-ability|p2a: Gyarados|Intimidate|boost\n|-unboost|p1a: Hippowdon|atk|1\n|-weather|Sandstorm|[from] ability: Sand Stream|[of] p1a: Hippowdon\n|turn|1\n|\n|t:|1776167793\n|switch|p1a: Primarina|Primarina, L50, F|100/100\n|move|p2a: Gyarados|Taunt|p1a: Primarina\n|-start|p1a: Primarina|move: Taunt\n|\n|-weather|Sandstorm|[upkeep]\n|-damage|p2a: Gyarados|95/100|[from] Sandstorm\n|-damage|p1a: Primarina|95/100|[from] Sandstorm\n|upkeep\n|turn|2\n|\n|t:|1776167802\n|move|p2a: Gyarados|Dragon Dance|p2a: Gyarados\n|-boost|p2a: Gyarados|atk|1\n|-boost|p2a: Gyarados|spe|1\n|move|p1a: Primarina|Sparkling Aria|p2a: Gyarados\n|-resisted|p2a: Gyarados|1\n|-damage|p2a: Gyarados|70/100\n|\n|-weather|Sandstorm|[upkeep]\n|-damage|p2a: Gyarados|64/100|[from] Sandstorm\n|-damage|p1a: Primarina|89/100|[from] Sandstorm\n|upkeep\n|turn|3\n|\n|t:|1776167810\n|move|p2a: Gyarados|Waterfall|p1a: Primarina\n|-resisted|p1a: Primarina|1\n|-damage|p1a: Primarina|51/100\n|move|p1a: Primarina|Moonblast|p2a: Gyarados\n|-damage|p2a: Gyarados|18/100\n|\n|-weather|Sandstorm|[upkeep]\n|-damage|p2a: Gyarados|12/100|[from] Sandstorm\n|-damage|p1a: Primarina|45/100|[from] Sandstorm\n|-end|p1a: Primarina|move: Taunt\n|upkeep\n|turn|4\n|\n|t:|1776167819\n|move|p2a: Gyarados|Waterfall|p1a: Primarina\n|-resisted|p1a: Primarina|1\n|-damage|p1a: Primarina|11/100\n|cant|p1a: Primarina|flinch\n|\n|-weather|Sandstorm|[upkeep]\n|-damage|p2a: Gyarados|6/100|[from] Sandstorm\n|-damage|p1a: Primarina|5/100|[from] Sandstorm\n|upkeep\n|turn|5\n|\n|t:|1776167826\n|move|p1a: Primarina|Aqua Jet|p2a: Gyarados\n|-resisted|p2a: Gyarados|1\n|-damage|p2a: Gyarados|0 fnt\n|faint|p2a: Gyarados\n|\n|-weather|none\n|upkeep\n|\n|t:|1776167831\n|switch|p2a: Volcarona|Volcarona, L50, F|100/100\n|turn|6\n|\n|t:|1776167839\n|move|p1a: Primarina|Aqua Jet|p2a: Volcarona\n|-supereffective|p2a: Volcarona|1\n|-damage|p2a: Volcarona|66/100\n|move|p2a: Volcarona|Fiery Dance|p1a: Primarina\n|-resisted|p1a: Primarina|1\n|-damage|p1a: Primarina|0 fnt\n|faint|p1a: Primarina\n|\n|upkeep\n|\n|t:|1776167849\n|switch|p1a: Hippowdon|Hippowdon, L50, F|100/100\n|-weather|Sandstorm|[from] ability: Sand Stream|[of] p1a: Hippowdon\n|turn|7\n|\n|t:|1776167855\n|move|p2a: Volcarona|Quiver Dance|p2a: Volcarona\n|-boost|p2a: Volcarona|spa|1\n|-boost|p2a: Volcarona|spd|1\n|-boost|p2a: Volcarona|spe|1\n|move|p1a: Hippowdon|Yawn|p2a: Volcarona\n|-start|p2a: Volcarona|move: Yawn|[of] p1a: Hippowdon\n|\n|-weather|Sandstorm|[upkeep]\n|-damage|p2a: Volcarona|60/100|[from] Sandstorm\n|upkeep\n|turn|8\n|\n|t:|1776167861\n|move|p2a: Volcarona|Giga Drain|p1a: Hippowdon\n|-supereffective|p1a: Hippowdon|1\n|-damage|p1a: Hippowdon|37/100\n|-heal|p2a: Volcarona|96/100|[from] drain|[of] p1a: Hippowdon\n|-enditem|p1a: Hippowdon|Sitrus Berry|[eat]\n|-heal|p1a: Hippowdon|62/100|[from] item: Sitrus Berry\n|move|p1a: Hippowdon|Stealth Rock|p2a: Volcarona\n|-sidestart|p2: hoshigumo1101|move: Stealth Rock\n|\n|-weather|Sandstorm|[upkeep]\n|-damage|p2a: Volcarona|90/100|[from] Sandstorm\n|-end|p2a: Volcarona|move: Yawn|[silent]\n|-status|p2a: Volcarona|slp\n|upkeep\n|turn|9\n|j| p74\n|\n|t:|1776167871\n|cant|p2a: Volcarona|slp\n|move|p1a: Hippowdon|Whirlwind|p2a: Volcarona\n|drag|p2a: Aegislash|Aegislash, L50, F|100/100\n|-damage|p2a: Aegislash|95/100|[from] Stealth Rock\n|\n|-weather|Sandstorm|[upkeep]\n|upkeep\n|turn|10\n|\n|t:|1776167878\n|-formechange|p2a: Aegislash|Aegislash-Blade|\n|move|p2a: Aegislash|Poltergeist||[still]\n|-fail|p2a: Aegislash\n|move|p1a: Hippowdon|Yawn|p2a: Aegislash\n|-start|p2a: Aegislash|move: Yawn|[of] p1a: Hippowdon\n|\n|-weather|Sandstorm|[upkeep]\n|upkeep\n|turn|11\n|-message|hoshigumo1101 forfeited.\n|\n|win|kyotoyoko\n|raw|kyotoyoko's rating: 1275 &rarr; <strong>1302</strong><br />(+27 for winning)\n|raw|hoshigumo1101's rating: 1309 &rarr; <strong>1287</strong><br />(-22 for losing)\n|l|\u2606hoshigumo1101\n|player|p2|\n|l|\u2606kyotoyoko\n|player|p1|\n|j|\u2606kyotoyoko\n|player|p1|kyotoyoko|caitlin|\n|l|\u2606kyotoyoko\n|player|p1|\n|j|\u2606kyotoyoko\n|player|p1|kyotoyoko|caitlin|\n",
  "uploadtime": 1776168130,
  "views": 2,
  "formatid": "gen9championsbssregma",
  "rating": 1287,
  "private": 0,
  "password": null
}