{
  "id": "gen9championsbssregma-2586528613",
  "format": "[Gen 9 Champions] BSS Reg M-A",
  "players": [
    "tutu_nine",
    "SnBGaming"
  ],
  "log": "|j|\u2606tutu_nine\n|j|\u2606SnBGaming\n|t:|1776440833\n|gametype|singles\n|player|p1|tutu_nine|n|1016\n|player|p2|SnBGaming|101|1000\n|gen|9\n|tier|[Gen 9 Champions] BSS Reg M-A\n|rated|\n|rule|Species Clause: Limit one of each Pok\u00e9mon\n|rule|Item Clause: Limit 1 of each item\n|clearpoke\n|poke|p1|Meganium, L50, F|\n|poke|p1|Pelipper, L50, M|\n|poke|p1|Sneasler, L50, M|\n|poke|p1|Basculegion, L50, M|\n|poke|p1|Lucario, L50, F|\n|poke|p1|Palafin, L50, M|\n|poke|p2|Kleavor, L50, M|\n|poke|p2|Aegislash, L50, M|\n|poke|p2|Meganium, L50, F|\n|poke|p2|Espathra, L50, F|\n|poke|p2|Garchomp, L50, F|\n|poke|p2|Charizard, L50, F|\n|teampreview|3\n|\n|t:|1776440870\n|teamsize|p1|3\n|teamsize|p2|3\n|start\n|switch|p1a: Pelipper|Pelipper, L50, M|100/100\n|switch|p2a: Aegislash|Aegislash, L50, M|100/100\n|-weather|RainDance|[from] ability: Drizzle|[of] p1a: Pelipper\n|turn|1\n|inactive|Battle timer is ON: inactive players will automatically lose when time's up. (requested by SnBGaming)\n|\n|t:|1776440886\n|move|p1a: Pelipper|Weather Ball|p2a: Aegislash\n|-damage|p2a: Aegislash|50/100\n|move|p2a: Aegislash|Swords Dance|p2a: Aegislash\n|-boost|p2a: Aegislash|atk|2\n|\n|-weather|RainDance|[upkeep]\n|upkeep\n|turn|2\n|\n|t:|1776440893\n|move|p1a: Pelipper|Weather Ball|p2a: Aegislash\n|-damage|p2a: Aegislash|3/100\n|-formechange|p2a: Aegislash|Aegislash-Blade|\n|move|p2a: Aegislash|Poltergeist|p1a: Pelipper\n|-activate|p1a: Pelipper|move: Poltergeist|Focus Sash\n|-enditem|p1a: Pelipper|Focus Sash\n|-damage|p1a: Pelipper|1/100\n|\n|-weather|RainDance|[upkeep]\n|upkeep\n|turn|3\n|\n|t:|1776440910\n|move|p1a: Pelipper|Weather Ball|p2a: Aegislash\n|-damage|p2a: Aegislash|0 fnt\n|faint|p2a: Aegislash\n|\n|-weather|RainDance|[upkeep]\n|upkeep\n|inactive|SnBGaming has 30 seconds left.\n|\n|t:|1776440944\n|switch|p2a: Charizard|Charizard, L50, F|100/100\n|turn|4\n|\n|t:|1776440969\n|switch|p1a: Palafin|Palafin, L50, M|100/100\n|detailschange|p2a: Charizard|Charizard-Mega-X, L50, F\n|-mega|p2a: Charizard|Charizard|Charizardite X\n|move|p2a: Charizard|Thunder Punch|p1a: Palafin\n|-supereffective|p1a: Palafin|1\n|-crit|p1a: Palafin\n|-damage|p1a: Palafin|0 fnt\n|faint|p1a: Palafin\n|\n|-weather|RainDance|[upkeep]\n|upkeep\n|inactive|tutu_nine has 30 seconds left.\n|inactive|tutu_nine has 20 seconds left.\n|inactive|tutu_nine has 15 seconds left.\n|inactive|tutu_nine has 10 seconds left.\n|\n|t:|1776441018\n|switch|p1a: Lucario|Lucario, L50, F|100/100\n|turn|5\n|inactive|tutu_nine has 30 seconds left.\n|inactive|SnBGaming has 30 seconds left.\n|\n|t:|1776441050\n|switch|p2a: Espathra|Espathra, L50, F|100/100\n|detailschange|p1a: Lucario|Lucario-Mega, L50, F\n|-mega|p1a: Lucario|Lucario|Lucarionite\n|move|p1a: Lucario|Drain Punch|p2a: Espathra\n|-resisted|p2a: Espathra|1\n|-damage|p2a: Espathra|59/100\n|\n|-weather|none\n|upkeep\n|turn|6\n|\n|t:|1776441068\n|move|p2a: Espathra|Protect|p2a: Espathra\n|-singleturn|p2a: Espathra|Protect\n|move|p1a: Lucario|Bullet Punch|p2a: Espathra\n|-activate|p2a: Espathra|move: Protect\n|\n|-ability|p2a: Espathra|Speed Boost|boost\n|-boost|p2a: Espathra|spe|1\n|upkeep\n|turn|7\n|\n|t:|1776441079\n|move|p2a: Espathra|Calm Mind|p2a: Espathra\n|-boost|p2a: Espathra|spa|1\n|-boost|p2a: Espathra|spd|1\n|move|p1a: Lucario|Ice Punch|p2a: Espathra\n|-damage|p2a: Espathra|16/100\n|\n|-ability|p2a: Espathra|Speed Boost|boost\n|-boost|p2a: Espathra|spe|1\n|upkeep\n|turn|8\n|\n|t:|1776441092\n|move|p2a: Espathra|Protect|p2a: Espathra\n|-singleturn|p2a: Espathra|Protect\n|move|p1a: Lucario|Bullet Punch|p2a: Espathra\n|-activate|p2a: Espathra|move: Protect\n|\n|-ability|p2a: Espathra|Speed Boost|boost\n|-boost|p2a: Espathra|spe|1\n|upkeep\n|turn|9\n|\n|t:|1776441103\n|move|p1a: Lucario|Bullet Punch|p2a: Espathra\n|-damage|p2a: Espathra|0 fnt\n|faint|p2a: Espathra\n|\n|upkeep\n|\n|t:|1776441107\n|switch|p2a: Charizard|Charizard-Mega-X, L50, F|100/100\n|turn|10\n|\n|t:|1776441110\n|switch|p1a: Pelipper|Pelipper, L50, M|1/100\n|-weather|RainDance|[from] ability: Drizzle|[of] p1a: Pelipper\n|move|p2a: Charizard|Fire Punch|p1a: Pelipper\n|-resisted|p1a: Pelipper|1\n|-damage|p1a: Pelipper|0 fnt\n|faint|p1a: Pelipper\n|\n|-weather|RainDance|[upkeep]\n|upkeep\n|\n|t:|1776441116\n|switch|p1a: Lucario|Lucario-Mega, L50, F|100/100\n|turn|11\n|\n|t:|1776441124\n|move|p1a: Lucario|Drain Punch|p2a: Charizard\n|-crit|p2a: Charizard\n|-damage|p2a: Charizard|14/100\n|move|p2a: Charizard|Dragon Dance|p2a: Charizard\n|-boost|p2a: Charizard|atk|1\n|-boost|p2a: Charizard|spe|1\n|\n|-weather|RainDance|[upkeep]\n|upkeep\n|turn|12\n|\n|t:|1776441132\n|move|p2a: Charizard|Fire Punch|p1a: Lucario\n|-supereffective|p1a: Lucario|1\n|-damage|p1a: Lucario|7/100\n|move|p1a: Lucario|Drain Punch|p2a: Charizard\n|-damage|p2a: Charizard|0 fnt\n|-heal|p1a: Lucario|14/100|[from] drain|[of] p2a: Charizard\n|faint|p2a: Charizard\n|\n|win|tutu_nine\n|raw|tutu_nine's rating: 1016 &rarr; <strong>1052</strong><br />(+36 for winning)\n|raw|SnBGaming's rating: 1000 &rarr; <strong>1000</strong><br />(+0 for losing)\n|c|\u2606tutu_nine|Gg epic batle\n",
  "uploadtime": 1776441154,
  "views": 10,
  "formatid": "gen9championsbssregma",
  "rating": 1000,
  "private": 0,
  "password": null
}