{
  "id": "gen9championsbssregma-2587868978",
  "format": "[Gen 9 Champions] BSS Reg M-A",
  "players": [
    "ElJulioGGs",
    "undeserved104"
  ],
  "log": "|j|\u2606ElJulioGGs\n|j|\u2606undeserved104\n|t:|1776572617\n|gametype|singles\n|player|p1|ElJulioGGs|rosa|1301\n|player|p2|undeserved104|waitress-gen4|1432\n|gen|9\n|tier|[Gen 9 Champions] BSS Reg M-A\n|rated|\n|rule|Species Clause: Limit one of each Pok\u00e9mon\n|rule|Item Clause: Limit 1 of each item\n|clearpoke\n|poke|p1|Lopunny, L50, F, shiny|\n|poke|p1|Umbreon, L50, M, shiny|\n|poke|p1|Espathra, L50, M, shiny|\n|poke|p1|Glimmora, L50, M, shiny|\n|poke|p1|Toxapex, L50, M, shiny|\n|poke|p1|Skeledirge, L50, M, shiny|\n|poke|p2|Lucario, L50, M, shiny|\n|poke|p2|Hippowdon, L50, F, shiny|\n|poke|p2|Meowscarada, L50, M, shiny|\n|poke|p2|Gengar, L50, M, shiny|\n|poke|p2|Mimikyu, L50, M, shiny|\n|poke|p2|Primarina, L50, M, shiny|\n|teampreview|3\n|\n|t:|1776572677\n|teamsize|p1|3\n|teamsize|p2|3\n|start\n|switch|p1a: Lopunny|Lopunny, L50, F, shiny|100/100\n|switch|p2a: Mimikyu|Mimikyu, L50, M, shiny|100/100\n|turn|1\n|inactive|Battle timer is ON: inactive players will automatically lose when time's up. (requested by ElJulioGGs)\n|\n|t:|1776572682\n|switch|p2a: Hippowdon|Hippowdon, L50, F, shiny|100/100\n|-weather|Sandstorm|[from] ability: Sand Stream|[of] p2a: Hippowdon\n|detailschange|p1a: Lopunny|Lopunny-Mega, L50, F, shiny\n|-mega|p1a: Lopunny|Lopunny|Lopunnite\n|move|p1a: Lopunny|Triple Axel|p2a: Hippowdon\n|-supereffective|p2a: Hippowdon|1\n|-damage|p2a: Hippowdon|91/100\n|-supereffective|p2a: Hippowdon|1\n|-damage|p2a: Hippowdon|73/100\n|-supereffective|p2a: Hippowdon|1\n|-damage|p2a: Hippowdon|46/100\n|-enditem|p2a: Hippowdon|Sitrus Berry|[eat]\n|-heal|p2a: Hippowdon|70/100|[from] item: Sitrus Berry\n|-hitcount|p2a: Hippowdon|3\n|\n|-weather|Sandstorm|[upkeep]\n|-damage|p1a: Lopunny|95/100|[from] Sandstorm\n|upkeep\n|turn|2\n|\n|t:|1776572707\n|move|p1a: Lopunny|U-turn|p2a: Hippowdon\n|-damage|p2a: Hippowdon|54/100\n|\n|t:|1776572710\n|switch|p1a: Toxapex|Toxapex, L50, M, shiny|100/100|[from] U-turn\n|move|p2a: Hippowdon|Earthquake|p1a: Toxapex\n|-supereffective|p1a: Toxapex|1\n|-damage|p1a: Toxapex|53/100\n|\n|-weather|Sandstorm|[upkeep]\n|-damage|p1a: Toxapex|48/100|[from] Sandstorm\n|upkeep\n|turn|3\n|\n|t:|1776572736\n|switch|p1a: Lopunny|Lopunny-Mega, L50, F, shiny|95/100\n|move|p2a: Hippowdon|Stealth Rock|p1a: Lopunny\n|-sidestart|p1: ElJulioGGs|move: Stealth Rock\n|\n|-weather|Sandstorm|[upkeep]\n|-damage|p1a: Lopunny|89/100|[from] Sandstorm\n|upkeep\n|turn|4\n|\n|t:|1776572750\n|move|p1a: Lopunny|Fake Out|p2a: Hippowdon\n|-damage|p2a: Hippowdon|41/100\n|cant|p2a: Hippowdon|flinch\n|\n|-weather|Sandstorm|[upkeep]\n|-damage|p1a: Lopunny|84/100|[from] Sandstorm\n|upkeep\n|turn|5\n|\n|t:|1776572758\n|move|p1a: Lopunny|Triple Axel|p2a: Hippowdon\n|-supereffective|p2a: Hippowdon|1\n|-damage|p2a: Hippowdon|32/100\n|-supereffective|p2a: Hippowdon|1\n|-damage|p2a: Hippowdon|13/100\n|-hitcount|p2a: Hippowdon|2\n|move|p2a: Hippowdon|Earthquake|p1a: Lopunny\n|-damage|p1a: Lopunny|34/100\n|\n|-weather|none\n|upkeep\n|turn|6\n|\n|t:|1776572771\n|move|p1a: Lopunny|Triple Axel|p2a: Hippowdon\n|-supereffective|p2a: Hippowdon|1\n|-damage|p2a: Hippowdon|4/100\n|-supereffective|p2a: Hippowdon|1\n|-damage|p2a: Hippowdon|0 fnt\n|faint|p2a: Hippowdon\n|-hitcount|p2: Hippowdon|2\n|\n|upkeep\n|\n|t:|1776572780\n|switch|p2a: Lucario|Lucario, L50, M, shiny|100/100\n|turn|7\n|\n|t:|1776572789\n|detailschange|p2a: Lucario|Lucario-Mega, L50, M, shiny\n|-mega|p2a: Lucario|Lucario|Lucarionite\n|move|p2a: Lucario|Bullet Punch|p1a: Lopunny\n|-damage|p1a: Lopunny|0 fnt\n|faint|p1a: Lopunny\n|\n|upkeep\n|\n|t:|1776572796\n|switch|p1a: Toxapex|Toxapex, L50, M, shiny|81/100\n|-damage|p1a: Toxapex|69/100|[from] Stealth Rock\n|turn|8\n|\n|t:|1776572801\n|move|p2a: Lucario|Earthquake|p1a: Toxapex\n|-supereffective|p1a: Toxapex|1\n|-damage|p1a: Toxapex|24/100\n|move|p1a: Toxapex|Chilling Water|p2a: Lucario\n|-damage|p2a: Lucario|81/100\n|-unboost|p2a: Lucario|atk|1\n|\n|upkeep\n|turn|9\n|\n|t:|1776572811\n|switch|p1a: Umbreon|Umbreon, L50, M, shiny|100/100\n|-damage|p1a: Umbreon|88/100|[from] Stealth Rock\n|move|p2a: Lucario|Earthquake|p1a: Umbreon\n|-damage|p1a: Umbreon|67/100\n|\n|-heal|p1a: Umbreon|73/100|[from] item: Leftovers\n|upkeep\n|turn|10\n|inactive|undeserved104 has 30 seconds left.\n|inactive|undeserved104 has 20 seconds left.\n|\n|t:|1776572849\n|switch|p2a: Mimikyu|Mimikyu, L50, M, shiny|100/100\n|move|p1a: Umbreon|Thunder Wave|p2a: Mimikyu\n|-status|p2a: Mimikyu|par\n|\n|-heal|p1a: Umbreon|79/100|[from] item: Leftovers\n|upkeep\n|turn|11\n|\n|t:|1776572861\n|move|p1a: Umbreon|Wish|p1a: Umbreon\n|move|p2a: Mimikyu|Curse|p1a: Umbreon\n|-start|p1a: Umbreon|Curse|[of] p2a: Mimikyu\n|-damage|p2a: Mimikyu|50/100 par\n|\n|-heal|p1a: Umbreon|85/100|[from] item: Leftovers\n|-damage|p1a: Umbreon|60/100|[from] Curse\n|upkeep\n|turn|12\n|\n|t:|1776572872\n|switch|p1a: Toxapex|Toxapex, L50, M, shiny|57/100\n|-damage|p1a: Toxapex|45/100|[from] Stealth Rock\n|move|p2a: Mimikyu|Substitute|p2a: Mimikyu\n|-start|p2a: Mimikyu|Substitute\n|-damage|p2a: Mimikyu|25/100 par\n|\n|-heal|p1a: Toxapex|100/100|[from] move: Wish|[wisher] Umbreon\n|upkeep\n|turn|13\n|inactive|undeserved104 has 30 seconds left.\n|\n|t:|1776572901\n|move|p2a: Mimikyu|Pain Split|p1a: Toxapex\n|-sethp|p1a: Toxapex|61/100|[from] move: Pain Split|[silent]\n|-sethp|p2a: Mimikyu|72/100 par|[from] move: Pain Split\n|move|p1a: Toxapex|Ice Beam|p2a: Mimikyu\n|-activate|p2a: Mimikyu|move: Substitute|[damage]\n|\n|upkeep\n|turn|14\n|\n|t:|1776572909\n|move|p2a: Mimikyu|Curse|p1a: Toxapex\n|-start|p1a: Toxapex|Curse|[of] p2a: Mimikyu\n|-damage|p2a: Mimikyu|22/100 par\n|move|p1a: Toxapex|Recover|p1a: Toxapex\n|-heal|p1a: Toxapex|100/100\n|\n|-damage|p1a: Toxapex|76/100|[from] Curse\n|upkeep\n|turn|15\n|inactive|undeserved104 has 30 seconds left.\n|\n|t:|1776572936\n|move|p2a: Mimikyu|Pain Split|p1a: Toxapex\n|-sethp|p1a: Toxapex|47/100|[from] move: Pain Split|[silent]\n|-sethp|p2a: Mimikyu|56/100 par|[from] move: Pain Split\n|move|p1a: Toxapex|Ice Beam|p2a: Mimikyu|[miss]\n|-miss|p1a: Toxapex|p2a: Mimikyu\n|\n|-damage|p1a: Toxapex|22/100|[from] Curse\n|upkeep\n|turn|16\n|\n|t:|1776572949\n|move|p2a: Mimikyu|Shadow Claw|p1a: Toxapex\n|-damage|p1a: Toxapex|2/100\n|move|p1a: Toxapex|Recover|p1a: Toxapex\n|-heal|p1a: Toxapex|53/100\n|\n|-damage|p1a: Toxapex|28/100|[from] Curse\n|upkeep\n|turn|17\n|inactive|undeserved104 has 30 seconds left.\n|\n|t:|1776572978\n|switch|p1a: Umbreon|Umbreon, L50, M, shiny|60/100\n|-damage|p1a: Umbreon|48/100|[from] Stealth Rock\n|move|p2a: Mimikyu|Curse|p1a: Umbreon\n|-start|p1a: Umbreon|Curse|[of] p2a: Mimikyu\n|-damage|p2a: Mimikyu|6/100 par\n|\n|-heal|p1a: Umbreon|54/100|[from] item: Leftovers\n|-damage|p1a: Umbreon|29/100|[from] Curse\n|upkeep\n|turn|18\n|\n|t:|1776572996\n|move|p1a: Umbreon|Wish|p1a: Umbreon\n|move|p2a: Mimikyu|Pain Split|p1a: Umbreon\n|-sethp|p1a: Umbreon|16/100|[from] move: Pain Split|[silent]\n|-sethp|p2a: Mimikyu|25/100 par|[from] move: Pain Split\n|\n|-heal|p1a: Umbreon|22/100|[from] item: Leftovers\n|-damage|p1a: Umbreon|0 fnt|[from] Curse\n|faint|p1a: Umbreon\n|upkeep\n|\n|t:|1776573003\n|switch|p1a: Toxapex|Toxapex, L50, M, shiny|61/100\n|-damage|p1a: Toxapex|49/100|[from] Stealth Rock\n|turn|19\n|\n|t:|1776573008\n|move|p2a: Mimikyu|Curse|p1a: Toxapex\n|-start|p1a: Toxapex|Curse|[of] p2a: Mimikyu\n|-damage|p2a: Mimikyu|0 fnt\n|faint|p2a: Mimikyu\n|move|p1a: Toxapex|Chilling Water|p2: Mimikyu|[notarget]\n|-fail|p1a: Toxapex\n|\n|-heal|p1a: Toxapex|100/100|[from] move: Wish|[wisher] Umbreon\n|-damage|p1a: Toxapex|76/100|[from] Curse\n|upkeep\n|\n|t:|1776573018\n|switch|p2a: Lucario|Lucario-Mega, L50, M, shiny|81/100\n|turn|20\n|\n|t:|1776573021\n|move|p2a: Lucario|Earthquake|p1a: Toxapex\n|-supereffective|p1a: Toxapex|1\n|-damage|p1a: Toxapex|30/100\n|move|p1a: Toxapex|Chilling Water|p2a: Lucario\n|-damage|p2a: Lucario|64/100\n|-unboost|p2a: Lucario|atk|1\n|\n|-damage|p1a: Toxapex|5/100|[from] Curse\n|upkeep\n|turn|21\n|\n|t:|1776573029\n|move|p2a: Lucario|Earthquake|p1a: Toxapex\n|-supereffective|p1a: Toxapex|1\n|-damage|p1a: Toxapex|0 fnt\n|faint|p1a: Toxapex\n|\n|win|undeserved104\n|raw|ElJulioGGs's rating: 1301 &rarr; <strong>1288</strong><br />(-13 for losing)\n|raw|undeserved104's rating: 1432 &rarr; <strong>1445</strong><br />(+13 for winning)\n|l|\u2606ElJulioGGs\n|player|p1|\n|l|\u2606undeserved104\n|player|p2|\n",
  "uploadtime": 1776573037,
  "views": 13,
  "formatid": "gen9championsbssregma",
  "rating": 1288,
  "private": 0,
  "password": null
}