{
  "id": "gen9championsbssregma-2586552716",
  "format": "[Gen 9 Champions] BSS Reg M-A",
  "players": [
    "nidarex21",
    "harald283"
  ],
  "log": "|j|\u2606nidarex21\n|j|\u2606harald283\n|t:|1776442561\n|gametype|singles\n|player|p1|nidarex21|169|1105\n|player|p2|harald283|drayden|1033\n|gen|9\n|tier|[Gen 9 Champions] BSS Reg M-A\n|rated|\n|rule|Species Clause: Limit one of each Pok\u00e9mon\n|rule|Item Clause: Limit 1 of each item\n|clearpoke\n|poke|p1|Dragonite, L50, M|\n|poke|p1|Scizor, L50, M|\n|poke|p1|Garchomp, L50, M|\n|poke|p1|Gyarados, L50, F|\n|poke|p1|Ditto, L50|\n|poke|p1|Slowking-Galar, L50, F|\n|poke|p2|Garchomp, L50, M|\n|poke|p2|Charizard, L50, M|\n|poke|p2|Aegislash, L50, M|\n|poke|p2|Glimmora, L50, M|\n|poke|p2|Clefable, L50, M|\n|poke|p2|Delphox, L50, M|\n|teampreview|3\n|inactive|Battle timer is ON: inactive players will automatically lose when time's up. (requested by nidarex21)\n|inactive|nidarex21 has 60 seconds left.\n|inactive|harald283 has 60 seconds left.\n|\n|t:|1776442605\n|teamsize|p1|3\n|teamsize|p2|3\n|start\n|switch|p1a: Garchomp|Garchomp, L50, M|100/100\n|switch|p2a: Glimmora|Glimmora, L50, M, shiny|100/100\n|turn|1\n|\n|t:|1776442617\n|move|p1a: Garchomp|Rock Tomb|p2a: Glimmora\n|-damage|p2a: Glimmora|75/100\n|-unboost|p2a: Glimmora|spe|1\n|-activate|p2a: Glimmora|ability: Toxic Debris\n|-sidestart|p1: nidarex21|move: Toxic Spikes\n|move|p2a: Glimmora|Toxic|p1a: Garchomp\n|-status|p1a: Garchomp|tox\n|\n|-damage|p1a: Garchomp|95/100 tox|[from] psn\n|upkeep\n|turn|2\n|\n|t:|1776442632\n|move|p1a: Garchomp|Stealth Rock|p2a: Glimmora\n|-sidestart|p2: harald283|move: Stealth Rock\n|move|p2a: Glimmora|Stealth Rock|p1a: Garchomp\n|-sidestart|p1: nidarex21|move: Stealth Rock\n|\n|-damage|p1a: Garchomp|83/100 tox|[from] psn\n|upkeep\n|turn|3\n|\n|t:|1776442639\n|move|p1a: Garchomp|Earthquake|p2a: Glimmora\n|-supereffective|p2a: Glimmora|2\n|-damage|p2a: Glimmora|0 fnt\n|-activate|p2a: Glimmora|ability: Toxic Debris\n|-sidestart|p1: nidarex21|move: Toxic Spikes\n|faint|p2a: Glimmora\n|\n|-damage|p1a: Garchomp|65/100 tox|[from] psn\n|upkeep\n|\n|t:|1776442663\n|switch|p2a: Delphox|Delphox, L50, M, shiny|100/100\n|-damage|p2a: Delphox|76/100|[from] Stealth Rock\n|turn|4\n|\n|t:|1776442672\n|detailschange|p2a: Delphox|Delphox-Mega, L50, M, shiny\n|-mega|p2a: Delphox|Delphox|Delphoxite\n|move|p2a: Delphox|Encore|p1a: Garchomp\n|-start|p1a: Garchomp|Encore\n|move|p1a: Garchomp|Earthquake|p2a: Delphox\n|-immune|p2a: Delphox|[from] ability: Levitate\n|\n|-damage|p1a: Garchomp|41/100 tox|[from] psn\n|upkeep\n|turn|5\n|\n|t:|1776442683\n|switch|p1a: Slowking|Slowking-Galar, L50, F|100/100\n|-sideend|p1: nidarex21|move: Toxic Spikes|[of] p1a: Slowking\n|-damage|p1a: Slowking|88/100|[from] Stealth Rock\n|move|p2a: Delphox|Nasty Plot|p2a: Delphox\n|-boost|p2a: Delphox|spa|2\n|\n|-heal|p1a: Slowking|94/100|[from] item: Leftovers\n|upkeep\n|turn|6\n|\n|t:|1776442704\n|switch|p1a: Garchomp|Garchomp, L50, M|41/100 tox\n|-damage|p1a: Garchomp|35/100 tox|[from] Stealth Rock\n|move|p2a: Delphox|Psychic|p1a: Garchomp\n|-damage|p1a: Garchomp|0 fnt\n|faint|p1a: Garchomp\n|\n|upkeep\n|\n|t:|1776442711\n|switch|p1a: Dragonite|Dragonite, L50, M|100/100\n|-damage|p1a: Dragonite|75/100|[from] Stealth Rock\n|turn|7\n|\n|t:|1776442718\n|detailschange|p1a: Dragonite|Dragonite-Mega, L50, M\n|-mega|p1a: Dragonite|Dragonite|Dragoninite\n|move|p2a: Delphox|Psychic|p1a: Dragonite\n|-damage|p1a: Dragonite|0 fnt\n|faint|p1a: Dragonite\n|\n|upkeep\n|\n|t:|1776442725\n|switch|p1a: Slowking|Slowking-Galar, L50, F|100/100\n|-damage|p1a: Slowking|88/100|[from] Stealth Rock\n|turn|8\n|\n|t:|1776442735\n|move|p2a: Delphox|Psychic|p1a: Slowking\n|-crit|p1a: Slowking\n|-damage|p1a: Slowking|0 fnt\n|faint|p1a: Slowking\n|\n|win|harald283\n|raw|nidarex21's rating: 1105 &rarr; <strong>1075</strong><br />(-30 for losing)\n|raw|harald283's rating: 1033 &rarr; <strong>1075</strong><br />(+42 for winning)\n|l|\u2606nidarex21\n|player|p1|\n",
  "uploadtime": 1776442740,
  "views": 4,
  "formatid": "gen9championsbssregma",
  "rating": 1075,
  "private": 0,
  "password": null
}