{
  "id": "gen9championsbssregma-2582884436",
  "format": "[Gen 9 Champions] BSS Reg M-A",
  "players": [
    "Mikeflem12326171",
    "bluwu12"
  ],
  "log": "|j|\u2606Mikeflem12326171\n|j|\u2606bluwu12\n|t:|1776121918\n|gametype|singles\n|player|p1|Mikeflem12326171|colress|1085\n|player|p2|bluwu12|2|1040\n|gen|9\n|tier|[Gen 9 Champions] BSS Reg M-A\n|rated|\n|rule|Species Clause: Limit one of each Pok\u00e9mon\n|rule|Item Clause: Limit 1 of each item\n|clearpoke\n|poke|p1|Pelipper, L50, M|\n|poke|p1|Greninja-*, L50, F|\n|poke|p1|Basculegion, L50, M|\n|poke|p1|Rotom-Wash, L50|\n|poke|p1|Clefable, L50, M|\n|poke|p1|Lopunny, L50, M|\n|poke|p2|Mimikyu, L50, F|\n|poke|p2|Torkoal, L50, M|\n|poke|p2|Crabominable, L50, M|\n|poke|p2|Floette-Eternal, L50, F|\n|poke|p2|Pelipper, L50, M|\n|poke|p2|Basculegion, L50, M|\n|teampreview|3\n|inactive|Battle timer is ON: inactive players will automatically lose when time's up. (requested by bluwu12)\n|\n|t:|1776121930\n|teamsize|p1|3\n|teamsize|p2|3\n|start\n|switch|p1a: Rotom|Rotom-Wash, L50, shiny|100/100\n|switch|p2a: Mimikyu|Mimikyu, L50, F|100/100\n|turn|1\n|\n|t:|1776121938\n|move|p1a: Rotom|Will-O-Wisp|p2a: Mimikyu\n|-status|p2a: Mimikyu|brn\n|move|p2a: Mimikyu|Curse|p1a: Rotom\n|-start|p1a: Rotom|Curse|[of] p2a: Mimikyu\n|-damage|p2a: Mimikyu|50/100 brn\n|\n|-damage|p2a: Mimikyu|44/100 brn|[from] brn\n|-damage|p1a: Rotom|76/100|[from] Curse\n|upkeep\n|turn|2\n|\n|t:|1776121944\n|move|p1a: Rotom|Volt Switch|p2a: Mimikyu\n|-activate|p2a: Mimikyu|ability: Disguise\n|-damage|p2a: Mimikyu|44/100 brn\n|detailschange|p2a: Mimikyu|Mimikyu-Busted, L50, F\n|-damage|p2a: Mimikyu|32/100 brn|[from] pokemon: Mimikyu-Busted\n|\n|t:|1776121947\n|switch|p1a: Pelipper|Pelipper, L50, M|100/100|[from] Volt Switch\n|-weather|RainDance|[from] ability: Drizzle|[of] p1a: Pelipper\n|move|p2a: Mimikyu|Trick Room|p2a: Mimikyu\n|-fieldstart|move: Trick Room|[of] p2a: Mimikyu\n|\n|-weather|RainDance|[upkeep]\n|-damage|p2a: Mimikyu|26/100 brn|[from] brn\n|upkeep\n|turn|3\n|\n|t:|1776121952\n|move|p2a: Mimikyu|Destiny Bond|p2a: Mimikyu\n|-singlemove|p2a: Mimikyu|Destiny Bond\n|move|p1a: Pelipper|Surf|p2a: Mimikyu\n|-damage|p2a: Mimikyu|0 fnt\n|faint|p2a: Mimikyu\n|-activate|p2a: Mimikyu|move: Destiny Bond\n|faint|p1a: Pelipper\n|\n|-weather|RainDance|[upkeep]\n|upkeep\n|\n|t:|1776121958\n|switch|p2a: Crabominable|Crabominable, L50, M|100/100\n|switch|p1a: Rotom|Rotom-Wash, L50, shiny|76/100\n|turn|4\n|\n|t:|1776121969\n|detailschange|p2a: Crabominable|Crabominable-Mega, L50, M\n|-mega|p2a: Crabominable|Crabominable|Crabominite\n|move|p2a: Crabominable|Drain Punch|p1a: Rotom\n|-damage|p1a: Rotom|20/100\n|-enditem|p1a: Rotom|Sitrus Berry|[eat]\n|-heal|p1a: Rotom|44/100|[from] item: Sitrus Berry\n|move|p1a: Rotom|Will-O-Wisp|p2a: Crabominable\n|-status|p2a: Crabominable|brn\n|\n|-weather|RainDance|[upkeep]\n|-damage|p2a: Crabominable|95/100 brn|[from] brn\n|upkeep\n|turn|5\n|\n|t:|1776121980\n|move|p2a: Crabominable|Bulk Up|p2a: Crabominable\n|-boost|p2a: Crabominable|atk|1\n|-boost|p2a: Crabominable|def|1\n|move|p1a: Rotom|Pain Split|p2a: Crabominable\n|-sethp|p2a: Crabominable|67/100 brn|[from] move: Pain Split|[silent]\n|-sethp|p1a: Rotom|74/100|[from] move: Pain Split\n|\n|-weather|RainDance|[upkeep]\n|-damage|p2a: Crabominable|61/100 brn|[from] brn\n|upkeep\n|turn|6\n|\n|t:|1776121983\n|move|p2a: Crabominable|Drain Punch|p1a: Rotom\n|-damage|p1a: Rotom|29/100\n|-heal|p2a: Crabominable|82/100 brn|[from] drain|[of] p1a: Rotom\n|move|p1a: Rotom|Hydro Pump|p2a: Crabominable\n|-damage|p2a: Crabominable|17/100 brn\n|\n|-weather|none\n|-damage|p2a: Crabominable|11/100 brn|[from] brn\n|-fieldend|move: Trick Room\n|upkeep\n|turn|7\n|\n|t:|1776121994\n|move|p1a: Rotom|Volt Switch|p2a: Crabominable\n|-damage|p2a: Crabominable|0 fnt\n|faint|p2a: Crabominable\n|\n|t:|1776121997\n|switch|p1a: Basculegion|Basculegion, L50, M|100/100|[from] Volt Switch\n|\n|upkeep\n|\n|t:|1776122000\n|switch|p2a: Basculegion|Basculegion, L50, M|100/100\n|turn|8\n|\n|t:|1776122008\n|switch|p1a: Rotom|Rotom-Wash, L50, shiny|29/100\n|move|p2a: Basculegion|Last Respects|p1a: Rotom\n|-damage|p1a: Rotom|0 fnt\n|faint|p1a: Rotom\n|\n|upkeep\n|\n|t:|1776122010\n|switch|p1a: Basculegion|Basculegion, L50, M|100/100\n|turn|9\n|\n|t:|1776122011\n|move|p1a: Basculegion|Last Respects|p2a: Basculegion\n|-supereffective|p2a: Basculegion|1\n|-damage|p2a: Basculegion|0 fnt\n|faint|p2a: Basculegion\n|\n|win|Mikeflem12326171\n|raw|Mikeflem12326171's rating: 1085 &rarr; <strong>1109</strong><br />(+24 for winning)\n|raw|bluwu12's rating: 1040 &rarr; <strong>1026</strong><br />(-14 for losing)\n|c|\u2606Mikeflem12326171|lmao\n",
  "uploadtime": 1776122022,
  "views": 2,
  "formatid": "gen9championsbssregma",
  "rating": 1026,
  "private": 0,
  "password": null
}