{
  "id": "gen9championsbssregma-2580598621",
  "format": "[Gen 9 Champions] BSS Reg M-A",
  "players": [
    "hjghkjhgk",
    "yes eye on1"
  ],
  "log": "|j|\u2606hjghkjhgk\n|j|\u2606yes eye on1\n|t:|1775916761\n|gametype|singles\n|player|p1|hjghkjhgk|cynthia|1074\n|player|p2|yes eye on1|102|1000\n|gen|9\n|tier|[Gen 9 Champions] BSS Reg M-A\n|rated|\n|rule|Species Clause: Limit one of each Pok\u00e9mon\n|rule|Item Clause: Limit 1 of each item\n|clearpoke\n|poke|p1|Charizard, L50, F|\n|poke|p1|Blastoise, L50, M|\n|poke|p1|Aegislash, L50, M|\n|poke|p1|Garchomp, L50, F|\n|poke|p1|Sylveon, L50, F|\n|poke|p1|Samurott-Hisui, L50, M|\n|poke|p2|Hippowdon, L50, M|\n|poke|p2|Delphox, L50, F|\n|poke|p2|Chesnaught, L50, M|\n|poke|p2|Starmie, L50|\n|poke|p2|Gengar, L50, M|\n|poke|p2|Ninetales-Alola, L50, M|\n|teampreview|3\n|inactive|Battle timer is ON: inactive players will automatically lose when time's up. (requested by hjghkjhgk)\n|inactive|hjghkjhgk has 60 seconds left.\n|\n|t:|1775916793\n|teamsize|p1|3\n|teamsize|p2|3\n|start\n|switch|p1a: Sylveon|Sylveon, L50, F|100/100\n|switch|p2a: \u6559\u5b98|Starmie, L50|100/100\n|turn|1\n|\n|t:|1775916800\n|detailschange|p2a: \u6559\u5b98|Starmie-Mega, L50\n|-mega|p2a: \u6559\u5b98|Starmie|Starminite\n|move|p2a: \u6559\u5b98|Flip Turn|p1a: Sylveon\n|-damage|p1a: Sylveon|40/100\n|\n|t:|1775916803\n|switch|p2a: Gengar|Gengar, L50, M|100/100|[from] Flip Turn\n|move|p1a: Sylveon|Hyper Voice|p2a: Gengar\n|-resisted|p2a: Gengar|1\n|-damage|p2a: Gengar|43/100\n|\n|upkeep\n|turn|2\n|\n|t:|1775916816\n|switch|p1a: Blastoise|Blastoise, L50, M|100/100\n|move|p2a: Gengar|Sludge Wave|p1a: Blastoise\n|-damage|p1a: Blastoise|55/100\n|\n|upkeep\n|turn|3\n|\n|t:|1775916825\n|move|p2a: Gengar|Sludge Wave|p1a: Blastoise\n|-damage|p1a: Blastoise|9/100\n|move|p1a: Blastoise|Dark Pulse|p2a: Gengar\n|-supereffective|p2a: Gengar|1\n|-damage|p2a: Gengar|0 fnt\n|faint|p2a: Gengar\n|\n|upkeep\n|\n|t:|1775916830\n|switch|p2a: \u6559\u5b98|Starmie-Mega, L50|100/100\n|turn|4\n|\n|t:|1775916836\n|move|p2a: \u6559\u5b98|Aqua Jet|p1a: Blastoise\n|-resisted|p1a: Blastoise|1\n|-damage|p1a: Blastoise|0 fnt\n|faint|p1a: Blastoise\n|\n|upkeep\n|\n|t:|1775916839\n|switch|p1a: Sylveon|Sylveon, L50, F|40/100\n|turn|5\n|\n|t:|1775916844\n|move|p2a: \u6559\u5b98|Waterfall|p1a: Sylveon\n|-damage|p1a: Sylveon|0 fnt\n|faint|p1a: Sylveon\n|\n|upkeep\n|\n|t:|1775916846\n|switch|p1a: Charizard|Charizard, L50, F|100/100\n|turn|6\n|\n|t:|1775916850\n|detailschange|p1a: Charizard|Charizard-Mega-Y, L50, F\n|-mega|p1a: Charizard|Charizard|Charizardite Y\n|-weather|SunnyDay|[from] ability: Drought|[of] p1a: Charizard\n|move|p2a: \u6559\u5b98|Flip Turn|p1a: Charizard\n|-supereffective|p1a: Charizard|1\n|-damage|p1a: Charizard|29/100\n|\n|t:|1775916855\n|switch|p2a: \u7c73\u7cd5|Hippowdon, L50, M|100/100|[from] Flip Turn\n|-weather|Sandstorm|[from] ability: Sand Stream|[of] p2a: \u7c73\u7cd5\n|move|p1a: Charizard|Solar Beam||[still]\n|-prepare|p1a: Charizard|Solar Beam\n|\n|-weather|Sandstorm|[upkeep]\n|-damage|p1a: Charizard|23/100|[from] Sandstorm\n|upkeep\n|turn|7\n|\n|t:|1775916863\n|move|p1a: Charizard|Solar Beam|p2a: \u7c73\u7cd5|[from] lockedmove\n|-supereffective|p2a: \u7c73\u7cd5|1\n|-damage|p2a: \u7c73\u7cd5|63/100\n|move|p2a: \u7c73\u7cd5|Yawn|p1a: Charizard\n|-start|p1a: Charizard|move: Yawn|[of] p2a: \u7c73\u7cd5\n|\n|-weather|Sandstorm|[upkeep]\n|-damage|p1a: Charizard|17/100|[from] Sandstorm\n|upkeep\n|turn|8\n|-message|hjghkjhgk forfeited.\n|\n|win|yes eye on1\n|raw|hjghkjhgk's rating: 1074 &rarr; <strong>1048</strong><br />(-26 for losing)\n|raw|yes eye on1's rating: 1000 &rarr; <strong>1048</strong><br />(+48 for winning)\n|l|\u2606hjghkjhgk\n|player|p1|\n",
  "uploadtime": 1775916873,
  "views": 124,
  "formatid": "gen9championsbssregma",
  "rating": 1048,
  "private": 0,
  "password": null
}