{
  "id": "gen9championsbssregma-2584713374",
  "format": "[Gen 9 Champions] BSS Reg M-A",
  "players": [
    "xGeeyLa",
    "HeavyLobsterAlf"
  ],
  "log": "|j|\u2606xGeeyLa\n|j|\u2606HeavyLobsterAlf\n|t:|1776278509\n|gametype|singles\n|player|p1|xGeeyLa|266|1084\n|player|p2|HeavyLobsterAlf|phoebe-masters|1074\n|gen|9\n|tier|[Gen 9 Champions] BSS Reg M-A\n|rated|\n|rule|Species Clause: Limit one of each Pok\u00e9mon\n|rule|Item Clause: Limit 1 of each item\n|clearpoke\n|poke|p1|Steelix, L50, M|\n|poke|p1|Meganium, L50, F|\n|poke|p1|Garchomp, L50, F|\n|poke|p1|Basculegion, L50, M|\n|poke|p1|Greninja-*, L50, F|\n|poke|p1|Armarouge, L50, M|\n|poke|p2|Slowking, L50, F|\n|poke|p2|Toucannon, L50, M|\n|poke|p2|Crabominable, L50, F|\n|poke|p2|Gyarados, L50, M|\n|poke|p2|Ninetales-Alola, L50, M|\n|poke|p2|Arcanine-Hisui, L50, M|\n|teampreview|3\n|\n|t:|1776278518\n|teamsize|p1|3\n|teamsize|p2|3\n|start\n|switch|p1a: Garchomp|Garchomp, L50, F|100/100\n|switch|p2a: Slowking|Slowking, L50, F|100/100\n|turn|1\n|\n|t:|1776278560\n|move|p1a: Garchomp|Earthquake|p2a: Slowking\n|-damage|p2a: Slowking|60/100\n|move|p2a: Slowking|Trick Room|p2a: Slowking\n|-fieldstart|move: Trick Room|[of] p2a: Slowking\n|\n|upkeep\n|turn|2\n|\n|t:|1776278567\n|-prepare|p2a: Slowking|Chilly Reception|[premajor]\n|move|p2a: Slowking|Chilly Reception|p2a: Slowking\n|-weather|Snowscape\n|\n|t:|1776278569\n|switch|p2a: Crabominable|Crabominable, L50, F|100/100|[from] Chilly Reception\n|move|p1a: Garchomp|Earthquake|p2a: Crabominable\n|-damage|p2a: Crabominable|64/100\n|\n|-weather|Snowscape|[upkeep]\n|upkeep\n|turn|3\n|\n|t:|1776278583\n|detailschange|p2a: Crabominable|Crabominable-Mega, L50, F\n|-mega|p2a: Crabominable|Crabominable|Crabominite\n|move|p2a: Crabominable|Ice Hammer|p1a: Garchomp\n|-supereffective|p1a: Garchomp|2\n|-damage|p1a: Garchomp|0 fnt\n|-unboost|p2a: Crabominable|spe|1\n|-damage|p2a: Crabominable|51/100|[from] ability: Rough Skin|[of] p1a: Garchomp\n|faint|p1a: Garchomp\n|\n|-weather|Snowscape|[upkeep]\n|upkeep\n|\n|t:|1776278595\n|switch|p1a: Basculegion|Basculegion, L50, M|100/100\n|turn|4\n|\n|t:|1776278602\n|move|p2a: Crabominable|Ice Hammer|p1a: Basculegion\n|-resisted|p1a: Basculegion|1\n|-damage|p1a: Basculegion|53/100\n|-unboost|p2a: Crabominable|spe|1\n|move|p1a: Basculegion|Last Respects|p2a: Crabominable\n|-damage|p2a: Crabominable|25/100\n|\n|-weather|Snowscape|[upkeep]\n|upkeep\n|turn|5\n|\n|t:|1776278610\n|switch|p2a: Toucannon|Toucannon, L50, M|100/100\n|move|p1a: Basculegion|Last Respects|p2a: Toucannon\n|-immune|p2a: Toucannon\n|\n|-weather|Snowscape|[upkeep]\n|-fieldend|move: Trick Room\n|upkeep\n|turn|6\n|\n|t:|1776278617\n|switch|p1a: Greninja|Greninja, L50, F|100/100\n|switch|p2a: Slowking|Slowking, L50, F|93/100\n|\n|-weather|none\n|upkeep\n|turn|7\n|\n|t:|1776278627\n|move|p1a: Greninja|Dark Pulse|p2a: Slowking\n|-start|p1a: Greninja|typechange|Dark|[from] ability: Protean\n|-supereffective|p2a: Slowking|1\n|-crit|p2a: Slowking\n|-damage|p2a: Slowking|4/100\n|move|p2a: Slowking|Trick Room|p2a: Slowking\n|-fieldstart|move: Trick Room|[of] p2a: Slowking\n|\n|upkeep\n|turn|8\n|\n|t:|1776278638\n|move|p1a: Greninja|Water Shuriken|p2a: Slowking\n|-resisted|p2a: Slowking|1\n|-damage|p2a: Slowking|2/100\n|-resisted|p2a: Slowking|1\n|-damage|p2a: Slowking|0 fnt\n|faint|p2a: Slowking\n|-hitcount|p2: Slowking|2\n|\n|upkeep\n|\n|t:|1776278641\n|switch|p2a: Toucannon|Toucannon, L50, M|100/100\n|turn|9\n|\n|t:|1776278649\n|move|p2a: Toucannon|Bullet Seed|p1a: Greninja\n|-damage|p1a: Greninja|86/100\n|-damage|p1a: Greninja|72/100\n|-damage|p1a: Greninja|55/100\n|-damage|p1a: Greninja|39/100\n|-damage|p1a: Greninja|24/100\n|-hitcount|p1a: Greninja|5\n|move|p1a: Greninja|Ice Beam|p2a: Toucannon\n|-supereffective|p2a: Toucannon|1\n|-damage|p2a: Toucannon|41/100\n|\n|upkeep\n|turn|10\n|\n|t:|1776278662\n|detailschange|p1a: Greninja|Greninja-Mega, L50, F\n|-mega|p1a: Greninja|Greninja|Greninjite\n|move|p2a: Toucannon|Bullet Seed|p1a: Greninja\n|-supereffective|p1a: Greninja|1\n|-damage|p1a: Greninja|0 fnt\n|faint|p1a: Greninja\n|-hitcount|p1: Greninja|1\n|\n|upkeep\n|\n|t:|1776278667\n|switch|p1a: Basculegion|Basculegion, L50, M|53/100\n|turn|11\n|\n|t:|1776278676\n|move|p2a: Toucannon|Bullet Seed|p1a: Basculegion\n|-supereffective|p1a: Basculegion|1\n|-damage|p1a: Basculegion|28/100\n|-supereffective|p1a: Basculegion|1\n|-damage|p1a: Basculegion|4/100\n|-supereffective|p1a: Basculegion|1\n|-damage|p1a: Basculegion|0 fnt\n|faint|p1a: Basculegion\n|-hitcount|p1: Basculegion|3\n|\n|win|HeavyLobsterAlf\n|raw|xGeeyLa's rating: 1084 &rarr; <strong>1061</strong><br />(-23 for losing)\n|raw|HeavyLobsterAlf's rating: 1074 &rarr; <strong>1104</strong><br />(+30 for winning)\n",
  "uploadtime": 1776278682,
  "views": 9,
  "formatid": "gen9championsbssregma",
  "rating": 1061,
  "private": 0,
  "password": null
}