{
  "id": "gen9championsbssregma-2580914191",
  "format": "[Gen 9 Champions] BSS Reg M-A",
  "players": [
    "ycuiivivivihiggi",
    "EstemanACG1"
  ],
  "log": "|j|\u2606ycuiivivivihiggi\n|j|\u2606EstemanACG1\n|t:|1775942900\n|gametype|singles\n|player|p1|ycuiivivivihiggi|unknown|1000\n|player|p2|EstemanACG1|riley|1000\n|gen|9\n|tier|[Gen 9 Champions] BSS Reg M-A\n|rated|\n|rule|Species Clause: Limit one of each Pok\u00e9mon\n|rule|Item Clause: Limit 1 of each item\n|clearpoke\n|poke|p1|Houndoom, L50, M|\n|poke|p1|Araquanid, L50, F|\n|poke|p1|Torkoal, L50, F|\n|poke|p1|Serperior, L50, M|\n|poke|p1|Dragonite, L50, M|\n|poke|p1|Starmie, L50|\n|poke|p2|Dragapult, L50, F|\n|poke|p2|Pinsir, L50, M|\n|poke|p2|Garganacl, L50, F|\n|poke|p2|Alakazam, L50, M|\n|poke|p2|Gengar, L50, F|\n|poke|p2|Noivern, L50, M|\n|teampreview|3\n|c|\u2606EstemanACG1|glhf\n|inactive|Battle timer is ON: inactive players will automatically lose when time's up. (requested by ycuiivivivihiggi)\n|\n|t:|1775942934\n|teamsize|p1|3\n|teamsize|p2|3\n|start\n|switch|p1a: Araquanid|Araquanid, L50, F, shiny|100/100\n|switch|p2a: Pinsir|Pinsir, L50, M|100/100\n|turn|1\n|\n|t:|1775942941\n|detailschange|p2a: Pinsir|Pinsir-Mega, L50, M\n|-mega|p2a: Pinsir|Pinsir|Pinsirite\n|move|p2a: Pinsir|Swords Dance|p2a: Pinsir\n|-boost|p2a: Pinsir|atk|2\n|move|p1a: Araquanid|Sticky Web|p2a: Pinsir\n|-sidestart|p2: EstemanACG1|move: Sticky Web\n|\n|upkeep\n|turn|2\n|\n|t:|1775942950\n|move|p2a: Pinsir|Body Slam|p1a: Araquanid\n|-supereffective|p1a: Araquanid|1\n|-enditem|p1a: Araquanid|Focus Sash\n|-damage|p1a: Araquanid|1/100\n|-status|p1a: Araquanid|par\n|move|p1a: Araquanid|Waterfall|p2a: Pinsir\n|-damage|p2a: Pinsir|59/100\n|\n|upkeep\n|turn|3\n|\n|t:|1775942959\n|move|p2a: Pinsir|Body Slam|p1a: Araquanid\n|-supereffective|p1a: Araquanid|1\n|-damage|p1a: Araquanid|0 fnt\n|faint|p1a: Araquanid\n|\n|upkeep\n|\n|t:|1775942965\n|switch|p1a: Houndoom|Houndoom, L50, M|100/100\n|turn|4\n|\n|t:|1775942970\n|switch|p2a: Garganacl|Garganacl, L50, F|100/100\n|-activate|p2a: Garganacl|move: Sticky Web\n|-unboost|p2a: Garganacl|spe|1\n|detailschange|p1a: Houndoom|Houndoom-Mega, L50, M\n|-mega|p1a: Houndoom|Houndoom|Houndoominite\n|move|p1a: Houndoom|Flamethrower|p2a: Garganacl\n|-resisted|p2a: Garganacl|1\n|-damage|p2a: Garganacl|82/100\n|\n|-heal|p2a: Garganacl|88/100|[from] item: Leftovers\n|upkeep\n|turn|5\n|\n|t:|1775942982\n|switch|p1a: Starmie|Starmie, L50|100/100\n|move|p2a: Garganacl|Salt Cure|p1a: Starmie\n|-crit|p1a: Starmie\n|-damage|p1a: Starmie|67/100\n|-start|p1a: Starmie|Salt Cure\n|\n|-heal|p2a: Garganacl|94/100|[from] item: Leftovers\n|-damage|p1a: Starmie|55/100|[from] Salt Cure\n|upkeep\n|turn|6\n|\n|t:|1775942993\n|move|p2a: Garganacl|Protect|p2a: Garganacl\n|-singleturn|p2a: Garganacl|Protect\n|move|p1a: Starmie|Surf|p2a: Garganacl\n|-activate|p2a: Garganacl|move: Protect\n|\n|-heal|p2a: Garganacl|100/100|[from] item: Leftovers\n|-damage|p1a: Starmie|42/100|[from] Salt Cure\n|upkeep\n|turn|7\n|\n|t:|1775943002\n|move|p1a: Starmie|Surf|p2a: Garganacl\n|-supereffective|p2a: Garganacl|1\n|-damage|p2a: Garganacl|21/100\n|move|p2a: Garganacl|Recover|p2a: Garganacl\n|-heal|p2a: Garganacl|72/100\n|\n|-heal|p2a: Garganacl|78/100|[from] item: Leftovers\n|-damage|p1a: Starmie|30/100|[from] Salt Cure\n|upkeep\n|turn|8\n|\n|t:|1775943012\n|move|p2a: Garganacl|Protect|p2a: Garganacl\n|-singleturn|p2a: Garganacl|Protect\n|move|p1a: Starmie|Surf|p2a: Garganacl\n|-activate|p2a: Garganacl|move: Protect\n|\n|-heal|p2a: Garganacl|84/100|[from] item: Leftovers\n|-damage|p1a: Starmie|17/100|[from] Salt Cure\n|upkeep\n|turn|9\n|\n|t:|1775943020\n|move|p1a: Starmie|Surf|p2a: Garganacl\n|-supereffective|p2a: Garganacl|1\n|-damage|p2a: Garganacl|8/100\n|move|p2a: Garganacl|Recover|p2a: Garganacl\n|-heal|p2a: Garganacl|59/100\n|\n|-heal|p2a: Garganacl|65/100|[from] item: Leftovers\n|-damage|p1a: Starmie|5/100|[from] Salt Cure\n|upkeep\n|turn|10\n|\n|t:|1775943031\n|switch|p1a: Houndoom|Houndoom-Mega, L50, M|100/100\n|move|p2a: Garganacl|Protect||[still]\n|-fail|p2a: Garganacl\n|\n|-heal|p2a: Garganacl|71/100|[from] item: Leftovers\n|upkeep\n|turn|11\n|\n|t:|1775943039\n|switch|p1a: Starmie|Starmie, L50|5/100\n|move|p2a: Garganacl|Body Press|p1a: Starmie\n|-resisted|p1a: Starmie|1\n|-damage|p1a: Starmie|0 fnt\n|faint|p1a: Starmie\n|\n|-heal|p2a: Garganacl|77/100|[from] item: Leftovers\n|upkeep\n|-message|ycuiivivivihiggi forfeited.\n|\n|win|EstemanACG1\n|raw|ycuiivivivihiggi's rating: 1000 &rarr; <strong>1000</strong><br />(+0 for losing)\n|raw|EstemanACG1's rating: 1000 &rarr; <strong>1040</strong><br />(+40 for winning)\n",
  "uploadtime": 1775943049,
  "views": 11,
  "formatid": "gen9championsbssregma",
  "rating": 1000,
  "private": 0,
  "password": null
}