{
  "id": "gen9championsbssregma-2585110362",
  "format": "[Gen 9 Champions] BSS Reg M-A",
  "players": [
    "michinsaram",
    "jiiiiima"
  ],
  "log": "|j|\u2606michinsaram\n|j|\u2606jiiiiima\n|t:|1776312922\n|gametype|singles\n|player|p1|michinsaram|265|1329\n|player|p2|jiiiiima|1|1210\n|gen|9\n|tier|[Gen 9 Champions] BSS Reg M-A\n|rated|\n|rule|Species Clause: Limit one of each Pok\u00e9mon\n|rule|Item Clause: Limit 1 of each item\n|clearpoke\n|poke|p1|Aegislash, L50, F|\n|poke|p1|Charizard, L50, M|\n|poke|p1|Ninetales-Alola, L50, F|\n|poke|p1|Araquanid, L50, M|\n|poke|p1|Gengar, L50, M|\n|poke|p1|Kingambit, L50, M|\n|poke|p2|Sylveon, L50, M|\n|poke|p2|Garchomp, L50, F|\n|poke|p2|Dragonite, L50, F|\n|poke|p2|Venusaur, L50, F|\n|poke|p2|Mimikyu, L50, F|\n|poke|p2|Conkeldurr, L50, M|\n|teampreview|3\n|j| p74\n|inactive|Battle timer is ON: inactive players will automatically lose when time's up. (requested by jiiiiima)\n|\n|t:|1776312966\n|teamsize|p1|3\n|teamsize|p2|3\n|start\n|switch|p1a: Ninetales|Ninetales-Alola, L50, F|100/100\n|switch|p2a: Venusaur|Venusaur, L50, F|100/100\n|-weather|Snowscape|[from] ability: Snow Warning|[of] p1a: Ninetales\n|turn|1\n|\n|t:|1776312973\n|detailschange|p2a: Venusaur|Venusaur-Mega, L50, F\n|-mega|p2a: Venusaur|Venusaur|Venusaurite\n|move|p1a: Ninetales|Blizzard|p2a: Venusaur\n|-supereffective|p2a: Venusaur|1\n|-damage|p2a: Venusaur|80/100\n|move|p2a: Venusaur|Sludge Wave|p1a: Ninetales\n|-supereffective|p1a: Ninetales|1\n|-damage|p1a: Ninetales|19/100\n|\n|-weather|Snowscape|[upkeep]\n|upkeep\n|turn|2\n|\n|t:|1776312983\n|move|p1a: Ninetales|Aurora Veil|p1a: Ninetales\n|-sidestart|p1: michinsaram|move: Aurora Veil\n|move|p2a: Venusaur|Sludge Wave|p1a: Ninetales\n|-supereffective|p1a: Ninetales|1\n|-damage|p1a: Ninetales|0 fnt\n|faint|p1a: Ninetales\n|\n|-weather|Snowscape|[upkeep]\n|upkeep\n|\n|t:|1776312985\n|switch|p1a: Charizard|Charizard, L50, M, shiny|100/100\n|turn|3\n|\n|t:|1776312995\n|switch|p2a: Garchomp|Garchomp, L50, F|100/100\n|move|p1a: Charizard|Dragon Dance|p1a: Charizard\n|-boost|p1a: Charizard|atk|1\n|-boost|p1a: Charizard|spe|1\n|\n|-weather|Snowscape|[upkeep]\n|upkeep\n|turn|4\n|\n|t:|1776313006\n|detailschange|p1a: Charizard|Charizard-Mega-X, L50, M, shiny\n|-mega|p1a: Charizard|Charizard|Charizardite X\n|move|p2a: Garchomp|Rock Slide|p1a: Charizard\n|-supereffective|p1a: Charizard|1\n|-damage|p1a: Charizard|74/100\n|cant|p1a: Charizard|flinch\n|\n|-weather|Snowscape|[upkeep]\n|upkeep\n|turn|5\n|\n|t:|1776313013\n|move|p2a: Garchomp|Rock Slide|p1a: Charizard\n|-supereffective|p1a: Charizard|1\n|-damage|p1a: Charizard|47/100\n|move|p1a: Charizard|Outrage|p2a: Garchomp\n|-supereffective|p2a: Garchomp|1\n|-damage|p2a: Garchomp|0 fnt\n|-damage|p1a: Charizard|35/100|[from] ability: Rough Skin|[of] p2a: Garchomp\n|faint|p2a: Garchomp\n|\n|-weather|none\n|upkeep\n|\n|t:|1776313021\n|switch|p2a: Mimikyu|Mimikyu, L50, F|100/100\n|turn|6\n|\n|t:|1776313023\n|move|p1a: Charizard|Outrage|p2a: Mimikyu|[from] lockedmove\n|-immune|p2a: Mimikyu\n|-start|p1a: Charizard|confusion|[fatigue]\n|move|p2a: Mimikyu|Swords Dance|p2a: Mimikyu\n|-boost|p2a: Mimikyu|atk|2\n|\n|-sideend|p1: michinsaram|move: Aurora Veil\n|upkeep\n|turn|7\n|\n|t:|1776313030\n|move|p2a: Mimikyu|Shadow Sneak|p1a: Charizard\n|-damage|p1a: Charizard|0 fnt\n|faint|p1a: Charizard\n|\n|upkeep\n|-message|michinsaram forfeited.\n|\n|win|jiiiiima\n|raw|michinsaram's rating: 1329 &rarr; <strong>1302</strong><br />(-27 for losing)\n|raw|jiiiiima's rating: 1210 &rarr; <strong>1243</strong><br />(+33 for winning)\n|l|\u2606michinsaram\n|player|p1|\n|l|\u2606jiiiiima\n|player|p2|\n",
  "uploadtime": 1776313131,
  "views": 5,
  "formatid": "gen9championsbssregma",
  "rating": 1243,
  "private": 0,
  "password": null
}