{
  "id": "gen9championsbssregma-2583170913",
  "format": "[Gen 9 Champions] BSS Reg M-A",
  "players": [
    "alt18",
    "chanmin"
  ],
  "log": "|j|\u2606alt18\n|j|\u2606chanmin\n|t:|1776150629\n|gametype|singles\n|player|p1|alt18|169|1267\n|player|p2|chanmin|170|1339\n|gen|9\n|tier|[Gen 9 Champions] BSS Reg M-A\n|rated|\n|rule|Species Clause: Limit one of each Pok\u00e9mon\n|rule|Item Clause: Limit 1 of each item\n|clearpoke\n|poke|p1|Froslass, L50, F|\n|poke|p1|Glimmora, L50, M|\n|poke|p1|Garganacl, L50, F|\n|poke|p1|Blastoise, L50, F|\n|poke|p1|Meowscarada, L50, M|\n|poke|p1|Skarmory, L50, F|\n|poke|p2|Kangaskhan, L50, F|\n|poke|p2|Archaludon, L50, F|\n|poke|p2|Rotom-Wash, L50|\n|poke|p2|Greninja-*, L50, M|\n|poke|p2|Ceruledge, L50, F|\n|poke|p2|Kleavor, L50, F|\n|teampreview|3\n|inactive|Battle timer is ON: inactive players will automatically lose when time's up. (requested by alt18)\n|j| p74\n|\n|t:|1776150691\n|teamsize|p1|3\n|teamsize|p2|3\n|start\n|switch|p1a: Glimmora|Glimmora, L50, M|100/100\n|switch|p2a: Archaludon|Archaludon, L50, F|100/100\n|turn|1\n|\n|t:|1776150700\n|move|p1a: Glimmora|Earth Power|p2a: Archaludon\n|-supereffective|p2a: Archaludon|1\n|-damage|p2a: Archaludon|14/100\n|move|p2a: Archaludon|Stealth Rock|p1a: Glimmora\n|-sidestart|p1: alt18|move: Stealth Rock\n|\n|upkeep\n|turn|2\n|\n|t:|1776150714\n|switch|p2a: Rotom|Rotom-Wash, L50|100/100\n|move|p1a: Glimmora|Earth Power|p2a: Rotom\n|-immune|p2a: Rotom|[from] ability: Levitate\n|\n|upkeep\n|turn|3\n|\n|t:|1776150722\n|move|p1a: Glimmora|Stealth Rock|p2a: Rotom\n|-sidestart|p2: chanmin|move: Stealth Rock\n|move|p2a: Rotom|Hydro Pump|p1a: Glimmora\n|-supereffective|p1a: Glimmora|1\n|-enditem|p1a: Glimmora|Focus Sash\n|-damage|p1a: Glimmora|1/100\n|\n|upkeep\n|turn|4\n|\n|t:|1776150730\n|move|p1a: Glimmora|Sludge Bomb|p2a: Rotom\n|-damage|p2a: Rotom|50/100\n|-enditem|p2a: Rotom|Sitrus Berry|[eat]\n|-heal|p2a: Rotom|75/100|[from] item: Sitrus Berry\n|move|p2a: Rotom|Volt Switch|p1a: Glimmora\n|-damage|p1a: Glimmora|0 fnt\n|faint|p1a: Glimmora\n|\n|t:|1776150739\n|switch|p2a: Archaludon|Archaludon, L50, F|14/100|[from] Volt Switch\n|-damage|p2a: Archaludon|8/100|[from] Stealth Rock\n|\n|upkeep\n|\n|t:|1776150750\n|switch|p1a: Meowscarada|Meowscarada, L50, M|100/100\n|-damage|p1a: Meowscarada|88/100|[from] Stealth Rock\n|turn|5\n|\n|t:|1776150756\n|move|p1a: Meowscarada|Flower Trick|p2a: Archaludon\n|-start|p1a: Meowscarada|typechange|Grass|[from] ability: Protean\n|-resisted|p2a: Archaludon|2\n|-crit|p2a: Archaludon\n|-damage|p2a: Archaludon|0 fnt\n|faint|p2a: Archaludon\n|\n|upkeep\n|\n|t:|1776150765\n|switch|p2a: Greninja|Greninja, L50, M|100/100\n|-damage|p2a: Greninja|88/100|[from] Stealth Rock\n|turn|6\n|\n|t:|1776150786\n|detailschange|p2a: Greninja|Greninja-Mega, L50, M\n|-mega|p2a: Greninja|Greninja|Greninjite\n|move|p1a: Meowscarada|Flower Trick|p2a: Greninja\n|-supereffective|p2a: Greninja|1\n|-crit|p2a: Greninja\n|-damage|p2a: Greninja|0 fnt\n|faint|p2a: Greninja\n|\n|upkeep\n|-message|chanmin forfeited.\n|\n|win|alt18\n|raw|alt18's rating: 1267 &rarr; <strong>1297</strong><br />(+30 for winning)\n|raw|chanmin's rating: 1339 &rarr; <strong>1315</strong><br />(-24 for losing)\n|l|\u2606chanmin\n|player|p2|\n|l|\u2606alt18\n|player|p1|\n",
  "uploadtime": 1776150831,
  "views": 38,
  "formatid": "gen9championsbssregma",
  "rating": 1297,
  "private": 0,
  "password": null
}