{
  "id": "gen9championsbssregma-2584524041",
  "format": "[Gen 9 Champions] BSS Reg M-A",
  "players": [
    "asdsasdaad",
    "luisowbro"
  ],
  "log": "|j|\u2606asdsasdaad\n|j|\u2606luisowbro\n|t:|1776266493\n|gametype|singles\n|player|p1|asdsasdaad|1|1030\n|player|p2|luisowbro|102|1099\n|gen|9\n|tier|[Gen 9 Champions] BSS Reg M-A\n|rated|\n|rule|Species Clause: Limit one of each Pok\u00e9mon\n|rule|Item Clause: Limit 1 of each item\n|clearpoke\n|poke|p1|Absol, L50, M|\n|poke|p1|Gyarados, L50, M|\n|poke|p1|Garchomp, L50, F|\n|poke|p1|Serperior, L50, M|\n|poke|p1|Floette-Eternal, L50, F|\n|poke|p1|Aegislash, L50, M|\n|poke|p2|Corviknight, L50, M|\n|poke|p2|Meowscarada, L50, M|\n|poke|p2|Gengar, L50, M|\n|poke|p2|Froslass, L50, F|\n|poke|p2|Volcarona, L50, M|\n|poke|p2|Rotom-Wash, L50|\n|teampreview|3\n|inactive|Battle timer is ON: inactive players will automatically lose when time's up. (requested by luisowbro)\n|inactive|asdsasdaad has 60 seconds left.\n|\n|t:|1776266538\n|teamsize|p1|3\n|teamsize|p2|3\n|start\n|switch|p1a: Garchomp|Garchomp, L50, F|100/100\n|switch|p2a: Meowscarada|Meowscarada, L50, M, shiny|100/100\n|turn|1\n|\n|t:|1776266559\n|move|p2a: Meowscarada|Triple Axel|p1a: Garchomp\n|-start|p2a: Meowscarada|typechange|Ice|[from] ability: Protean\n|-supereffective|p1a: Garchomp|2\n|-damage|p1a: Garchomp|55/100\n|-damage|p2a: Meowscarada|89/100|[from] ability: Rough Skin|[of] p1a: Garchomp\n|-supereffective|p1a: Garchomp|2\n|-damage|p1a: Garchomp|0 fnt\n|-damage|p2a: Meowscarada|77/100|[from] ability: Rough Skin|[of] p1a: Garchomp\n|faint|p1a: Garchomp\n|-hitcount|p1: Garchomp|2\n|\n|upkeep\n|\n|t:|1776266568\n|switch|p1a: Absol|Absol, L50, M|100/100\n|-ability|p1a: Absol|Pressure\n|turn|2\n|\n|t:|1776266593\n|switch|p2a: Rotom|Rotom-Wash, L50, shiny|100/100\n|detailschange|p1a: Absol|Absol-Mega, L50, M\n|-mega|p1a: Absol|Absol|Absolite\n|move|p1a: Absol|Stone Edge|p2a: Rotom\n|-damage|p2a: Rotom|60/100\n|\n|-heal|p2a: Rotom|65/100|[from] item: Leftovers\n|upkeep\n|turn|3\n|\n|t:|1776266607\n|switch|p1a: Serperior|Serperior, L50, M|100/100\n|move|p2a: Rotom|Pain Split|p1a: Serperior\n|-sethp|p1a: Serperior|84/100|[from] move: Pain Split|[silent]\n|-sethp|p2a: Rotom|81/100|[from] move: Pain Split\n|\n|-heal|p2a: Rotom|86/100|[from] item: Leftovers\n|upkeep\n|turn|4\n|inactive|luisowbro has 30 seconds left.\n|\n|t:|1776266640\n|switch|p2a: Meowscarada|Meowscarada, L50, M, shiny|77/100\n|move|p1a: Serperior|Leaf Storm|p2a: Meowscarada\n|-resisted|p2a: Meowscarada|1\n|-damage|p2a: Meowscarada|36/100\n|-boost|p1a: Serperior|spa|2\n|\n|upkeep\n|turn|5\n|\n|t:|1776266652\n|move|p2a: Meowscarada|U-turn|p1a: Serperior\n|-start|p2a: Meowscarada|typechange|Bug|[from] ability: Protean\n|-supereffective|p1a: Serperior|1\n|-damage|p1a: Serperior|7/100\n|\n|t:|1776266660\n|switch|p2a: Rotom|Rotom-Wash, L50, shiny|86/100|[from] U-turn\n|move|p1a: Serperior|Leaf Storm|p2a: Rotom\n|-supereffective|p2a: Rotom|1\n|-damage|p2a: Rotom|0 fnt\n|-boost|p1a: Serperior|spa|2\n|faint|p2a: Rotom\n|\n|upkeep\n|\n|t:|1776266667\n|switch|p2a: Meowscarada|Meowscarada, L50, M, shiny|36/100\n|turn|6\n|\n|t:|1776266678\n|move|p2a: Meowscarada|U-turn|p1a: Serperior\n|-start|p2a: Meowscarada|typechange|Bug|[from] ability: Protean\n|-supereffective|p1a: Serperior|1\n|-damage|p1a: Serperior|0 fnt\n|faint|p1a: Serperior\n|\n|t:|1776266683\n|switch|p2a: Gengar|Gengar, L50, M, shiny|100/100|[from] U-turn\n|\n|upkeep\n|\n|t:|1776266685\n|switch|p1a: Absol|Absol-Mega, L50, M|100/100\n|turn|7\n|inactive|luisowbro has 30 seconds left.\n|\n|t:|1776266720\n|detailschange|p2a: Gengar|Gengar-Mega, L50, M, shiny\n|-mega|p2a: Gengar|Gengar|Gengarite\n|move|p2a: Gengar|Destiny Bond|p2a: Gengar\n|-singlemove|p2a: Gengar|Destiny Bond\n|move|p1a: Absol|Knock Off|p2a: Gengar\n|-supereffective|p2a: Gengar|1\n|-damage|p2a: Gengar|0 fnt\n|faint|p2a: Gengar\n|-activate|p2a: Gengar|move: Destiny Bond\n|faint|p1a: Absol\n|\n|win|luisowbro\n|raw|asdsasdaad's rating: 1030 &rarr; <strong>1018</strong><br />(-12 for losing)\n|raw|luisowbro's rating: 1099 &rarr; <strong>1119</strong><br />(+20 for winning)\n",
  "uploadtime": 1776266723,
  "views": 2,
  "formatid": "gen9championsbssregma",
  "rating": 1018,
  "private": 0,
  "password": null
}