{
  "id": "gen9championsbssregma-2583016390",
  "format": "[Gen 9 Champions] BSS Reg M-A",
  "players": [
    "tikpen",
    "prograstination"
  ],
  "log": "|j|\u2606tikpen\n|j|\u2606prograstination\n|t:|1776133617\n|gametype|singles\n|player|p1|tikpen|101|1338\n|player|p2|prograstination|workerice|1358\n|gen|9\n|tier|[Gen 9 Champions] BSS Reg M-A\n|rated|\n|rule|Species Clause: Limit one of each Pok\u00e9mon\n|rule|Item Clause: Limit 1 of each item\n|clearpoke\n|poke|p1|Archaludon, L50, M|\n|poke|p1|Delphox, L50, F|\n|poke|p1|Primarina, L50, F|\n|poke|p1|Kingambit, L50, F|\n|poke|p1|Scizor, L50, F|\n|poke|p1|Serperior, L50, F|\n|poke|p2|Blastoise, L50, M|\n|poke|p2|Garchomp, L50, M|\n|poke|p2|Skeledirge, L50, F|\n|poke|p2|Meowscarada, L50, M|\n|poke|p2|Sylveon, L50, F|\n|poke|p2|Scizor, L50, F|\n|teampreview|3\n|inactive|Battle timer is ON: inactive players will automatically lose when time's up. (requested by prograstination)\n|inactive|tikpen has 60 seconds left.\n|inactive|prograstination has 60 seconds left.\n|\n|t:|1776133665\n|teamsize|p1|3\n|teamsize|p2|3\n|start\n|switch|p1a: Delphox|Delphox, L50, F|100/100\n|switch|p2a: Garchomp|Garchomp, L50, M|100/100\n|turn|1\n|\n|t:|1776133673\n|detailschange|p1a: Delphox|Delphox-Mega, L50, F\n|-mega|p1a: Delphox|Delphox|Delphoxite\n|move|p1a: Delphox|Psychic|p2a: Garchomp\n|-damage|p2a: Garchomp|63/100\n|move|p2a: Garchomp|Stealth Rock|p1a: Delphox\n|-sidestart|p1: tikpen|move: Stealth Rock\n|\n|upkeep\n|turn|2\n|\n|t:|1776133683\n|move|p1a: Delphox|Psychic|p2a: Garchomp\n|-crit|p2a: Garchomp\n|-damage|p2a: Garchomp|6/100\n|-enditem|p2a: Garchomp|Sitrus Berry|[eat]\n|-heal|p2a: Garchomp|30/100|[from] item: Sitrus Berry\n|move|p2a: Garchomp|Dragon Tail|p1a: Delphox\n|-damage|p1a: Delphox|59/100\n|drag|p1a: Archaludon|Archaludon, L50, M|100/100\n|-damage|p1a: Archaludon|94/100|[from] Stealth Rock\n|\n|-heal|p1a: Archaludon|100/100|[from] item: Leftovers\n|upkeep\n|turn|3\n|\n|t:|1776133696\n|move|p2a: Garchomp|Spikes|p1a: Archaludon\n|-sidestart|p1: tikpen|Spikes\n|move|p1a: Archaludon|Dragon Tail|p2a: Garchomp\n|-supereffective|p2a: Garchomp|1\n|-damage|p2a: Garchomp|0 fnt\n|-damage|p1a: Archaludon|88/100|[from] ability: Rough Skin|[of] p2a: Garchomp\n|faint|p2a: Garchomp\n|\n|-heal|p1a: Archaludon|94/100|[from] item: Leftovers\n|upkeep\n|\n|t:|1776133701\n|switch|p2a: Skeledirge|Skeledirge, L50, F|100/100\n|turn|4\n|\n|t:|1776133716\n|move|p1a: Archaludon|Stealth Rock|p2a: Skeledirge\n|-sidestart|p2: prograstination|move: Stealth Rock\n|move|p2a: Skeledirge|Yawn|p1a: Archaludon\n|-start|p1a: Archaludon|move: Yawn|[of] p2a: Skeledirge\n|\n|-heal|p1a: Archaludon|100/100|[from] item: Leftovers\n|upkeep\n|turn|5\n|j| bromerta\n|\n|t:|1776133729\n|move|p1a: Archaludon|Thunderbolt|p2a: Skeledirge\n|-damage|p2a: Skeledirge|74/100\n|-status|p2a: Skeledirge|par\n|move|p2a: Skeledirge|Yawn||[still]\n|-fail|p2a: Skeledirge\n|\n|-end|p1a: Archaludon|move: Yawn|[silent]\n|-status|p1a: Archaludon|slp\n|upkeep\n|turn|6\n|\n|t:|1776133740\n|switch|p1a: Primarina|Primarina, L50, F|100/100\n|-damage|p1a: Primarina|88/100|[from] Stealth Rock\n|-damage|p1a: Primarina|76/100|[from] Spikes\n|move|p2a: Skeledirge|Torch Song|p1a: Primarina\n|-resisted|p1a: Primarina|1\n|-damage|p1a: Primarina|59/100\n|-boost|p2a: Skeledirge|spa|1\n|\n|upkeep\n|turn|7\n|l| bromerta\n|\n|t:|1776133755\n|move|p1a: Primarina|Flip Turn|p2a: Skeledirge\n|-supereffective|p2a: Skeledirge|1\n|-damage|p2a: Skeledirge|53/100 par\n|\n|t:|1776133758\n|switch|p1a: Archaludon|Archaludon, L50, M|100/100 slp|[from] Flip Turn\n|-damage|p1a: Archaludon|94/100 slp|[from] Stealth Rock\n|-damage|p1a: Archaludon|82/100 slp|[from] Spikes\n|move|p2a: Skeledirge|Yawn||[still]\n|-fail|p2a: Skeledirge\n|\n|-heal|p1a: Archaludon|88/100 slp|[from] item: Leftovers\n|upkeep\n|turn|8\n|\n|t:|1776133773\n|move|p2a: Skeledirge|Slack Off|p2a: Skeledirge\n|-heal|p2a: Skeledirge|100/100 par\n|cant|p1a: Archaludon|slp\n|\n|-heal|p1a: Archaludon|94/100 slp|[from] item: Leftovers\n|upkeep\n|turn|9\n|\n|t:|1776133782\n|move|p2a: Skeledirge|Torch Song|p1a: Archaludon\n|-damage|p1a: Archaludon|50/100 slp\n|-boost|p2a: Skeledirge|spa|1\n|-ability|p1a: Archaludon|Stamina|boost\n|-boost|p1a: Archaludon|def|1\n|cant|p1a: Archaludon|slp\n|\n|-heal|p1a: Archaludon|56/100 slp|[from] item: Leftovers\n|upkeep\n|turn|10\n|\n|t:|1776133792\n|move|p2a: Skeledirge|Torch Song|p1a: Archaludon\n|-damage|p1a: Archaludon|0 fnt\n|-boost|p2a: Skeledirge|spa|1\n|faint|p1a: Archaludon\n|\n|upkeep\n|\n|t:|1776133798\n|switch|p1a: Primarina|Primarina, L50, F|59/100\n|-damage|p1a: Primarina|46/100|[from] Stealth Rock\n|-damage|p1a: Primarina|34/100|[from] Spikes\n|-enditem|p1a: Primarina|Sitrus Berry|[eat]\n|-heal|p1a: Primarina|59/100|[from] item: Sitrus Berry\n|turn|11\n|\n|t:|1776133806\n|move|p1a: Primarina|Sparkling Aria|p2a: Skeledirge\n|-supereffective|p2a: Skeledirge|1\n|-damage|p2a: Skeledirge|0 fnt\n|faint|p2a: Skeledirge\n|\n|upkeep\n|\n|t:|1776133809\n|switch|p2a: Blastoise|Blastoise, L50, M|100/100\n|-damage|p2a: Blastoise|89/100|[from] Stealth Rock\n|turn|12\n|\n|t:|1776133824\n|detailschange|p2a: Blastoise|Blastoise-Mega, L50, M\n|-mega|p2a: Blastoise|Blastoise|Blastoisinite\n|move|p2a: Blastoise|Water Pulse|p1a: Primarina\n|-resisted|p1a: Primarina|1\n|-damage|p1a: Primarina|38/100\n|move|p1a: Primarina|Encore|p2a: Blastoise\n|-start|p2a: Blastoise|Encore\n|\n|upkeep\n|turn|13\n|\n|t:|1776133833\n|move|p2a: Blastoise|Water Pulse|p1a: Primarina\n|-resisted|p1a: Primarina|1\n|-damage|p1a: Primarina|18/100\n|-start|p1a: Primarina|confusion\n|-activate|p1a: Primarina|confusion\n|move|p1a: Primarina|Moonblast|p2a: Blastoise\n|-damage|p2a: Blastoise|33/100\n|\n|upkeep\n|turn|14\n|\n|t:|1776133842\n|move|p2a: Blastoise|Water Pulse|p1a: Primarina\n|-resisted|p1a: Primarina|1\n|-damage|p1a: Primarina|0 fnt\n|faint|p1a: Primarina\n|\n|upkeep\n|\n|t:|1776133847\n|switch|p1a: Delphox|Delphox-Mega, L50, F|59/100\n|-damage|p1a: Delphox|34/100|[from] Stealth Rock\n|turn|15\n|\n|t:|1776133851\n|move|p1a: Delphox|Psychic|p2a: Blastoise\n|-damage|p2a: Blastoise|0 fnt\n|faint|p2a: Blastoise\n|\n|win|tikpen\n|raw|tikpen's rating: 1338 &rarr; <strong>1359</strong><br />(+21 for winning)\n|raw|prograstination's rating: 1358 &rarr; <strong>1337</strong><br />(-21 for losing)\n|l|\u2606prograstination\n|player|p2|\n|l|\u2606tikpen\n|player|p1|\n",
  "uploadtime": 1776133860,
  "views": 22,
  "formatid": "gen9championsbssregma",
  "rating": 1337,
  "private": 0,
  "password": null
}