{
  "id": "gen9championsbssregma-2585947638",
  "format": "[Gen 9 Champions] BSS Reg M-A",
  "players": [
    "Bbbkty",
    "SimonFeng"
  ],
  "log": "|j|\u2606Bbbkty\n|j|\u2606SimonFeng\n|t:|1776384093\n|gametype|singles\n|player|p1|Bbbkty|169|1160\n|player|p2|SimonFeng|1|1163\n|gen|9\n|tier|[Gen 9 Champions] BSS Reg M-A\n|rated|\n|rule|Species Clause: Limit one of each Pok\u00e9mon\n|rule|Item Clause: Limit 1 of each item\n|clearpoke\n|poke|p1|Clefable, L50, M|\n|poke|p1|Charizard, L50, F|\n|poke|p1|Mimikyu, L50, M|\n|poke|p1|Kingambit, L50, F|\n|poke|p1|Espathra, L50, M|\n|poke|p1|Glimmora, L50, M|\n|poke|p2|Slowking, L50, M|\n|poke|p2|Mimikyu, L50, F|\n|poke|p2|Charizard, L50, M|\n|poke|p2|Garchomp, L50, M|\n|poke|p2|Scizor, L50, M|\n|poke|p2|Gardevoir, L50, F|\n|teampreview|3\n|inactive|Battle timer is ON: inactive players will automatically lose when time's up. (requested by Bbbkty)\n|inactive|SimonFeng has 60 seconds left.\n|\n|t:|1776384126\n|teamsize|p1|3\n|teamsize|p2|3\n|start\n|switch|p1a: Glimmora|Glimmora, L50, M|100/100\n|switch|p2a: Gardevoir|Gardevoir, L50, F|100/100\n|turn|1\n|\n|t:|1776384145\n|move|p2a: Gardevoir|Psychic|p1a: Glimmora\n|-supereffective|p1a: Glimmora|1\n|-damage|p1a: Glimmora|10/100\n|move|p1a: Glimmora|Mortal Spin|p2a: Gardevoir\n|-supereffective|p2a: Gardevoir|1\n|-damage|p2a: Gardevoir|76/100\n|-status|p2a: Gardevoir|psn\n|-activate|p2a: Gardevoir|ability: Synchronize\n|-immune|p1a: Glimmora\n|\n|-damage|p2a: Gardevoir|64/100 psn|[from] psn\n|upkeep\n|turn|2\n|\n|t:|1776384152\n|move|p2a: Gardevoir|Psychic|p1a: Glimmora\n|-supereffective|p1a: Glimmora|1\n|-damage|p1a: Glimmora|0 fnt\n|faint|p1a: Glimmora\n|\n|-damage|p2a: Gardevoir|52/100 psn|[from] psn\n|upkeep\n|\n|t:|1776384155\n|switch|p1a: Espathra|Espathra, L50, M|100/100\n|turn|3\n|\n|t:|1776384161\n|switch|p2a: Mimikyu|Mimikyu, L50, F|100/100\n|move|p1a: Espathra|Protect||[still]\n|-fail|p1a: Espathra\n|\n|-ability|p1a: Espathra|Speed Boost|boost\n|-boost|p1a: Espathra|spe|1\n|upkeep\n|turn|4\n|\n|t:|1776384171\n|move|p1a: Espathra|Calm Mind|p1a: Espathra\n|-boost|p1a: Espathra|spa|1\n|-boost|p1a: Espathra|spd|1\n|move|p2a: Mimikyu|Shadow Claw|p1a: Espathra\n|-supereffective|p1a: Espathra|1\n|-crit|p1a: Espathra\n|-damage|p1a: Espathra|0 fnt\n|faint|p1a: Espathra\n|\n|upkeep\n|\n|t:|1776384174\n|switch|p1a: Clefable|Clefable, L50, M|100/100\n|turn|5\n|\n|t:|1776384181\n|switch|p2a: Charizard|Charizard, L50, M|100/100\n|detailschange|p1a: Clefable|Clefable-Mega, L50, M\n|-mega|p1a: Clefable|Clefable|Clefablite\n|move|p1a: Clefable|Cosmic Power|p1a: Clefable\n|-boost|p1a: Clefable|def|1\n|-boost|p1a: Clefable|spd|1\n|\n|upkeep\n|turn|6\n|\n|t:|1776384186\n|detailschange|p2a: Charizard|Charizard-Mega-Y, L50, M\n|-mega|p2a: Charizard|Charizard|Charizardite Y\n|-weather|SunnyDay|[from] ability: Drought|[of] p2a: Charizard\n|move|p2a: Charizard|Weather Ball|p1a: Clefable\n|-damage|p1a: Clefable|52/100\n|move|p1a: Clefable|Cosmic Power|p1a: Clefable\n|-boost|p1a: Clefable|def|1\n|-boost|p1a: Clefable|spd|1\n|\n|-weather|SunnyDay|[upkeep]\n|upkeep\n|turn|7\n|\n|t:|1776384197\n|move|p2a: Charizard|Weather Ball|p1a: Clefable\n|-damage|p1a: Clefable|18/100\n|move|p1a: Clefable|Moonlight|p1a: Clefable\n|-heal|p1a: Clefable|85/100\n|\n|-weather|SunnyDay|[upkeep]\n|upkeep\n|turn|8\n|\n|t:|1776384203\n|move|p2a: Charizard|Weather Ball|p1a: Clefable\n|-damage|p1a: Clefable|49/100\n|move|p1a: Clefable|Cosmic Power|p1a: Clefable\n|-boost|p1a: Clefable|def|1\n|-boost|p1a: Clefable|spd|1\n|\n|-weather|SunnyDay|[upkeep]\n|upkeep\n|turn|9\n|\n|t:|1776384218\n|move|p2a: Charizard|Weather Ball|p1a: Clefable\n|-damage|p1a: Clefable|19/100\n|move|p1a: Clefable|Moonlight|p1a: Clefable\n|-heal|p1a: Clefable|86/100\n|\n|-weather|SunnyDay|[upkeep]\n|upkeep\n|turn|10\n|\n|t:|1776384226\n|switch|p2a: Mimikyu|Mimikyu, L50, F|100/100\n|move|p1a: Clefable|Cosmic Power|p1a: Clefable\n|-boost|p1a: Clefable|def|1\n|-boost|p1a: Clefable|spd|1\n|\n|-weather|none\n|upkeep\n|turn|11\n|\n|t:|1776384230\n|move|p2a: Mimikyu|Shadow Claw|p1a: Clefable\n|-crit|p1a: Clefable\n|-damage|p1a: Clefable|54/100\n|move|p1a: Clefable|Stored Power|p2a: Mimikyu\n|-activate|p2a: Mimikyu|ability: Disguise\n|-damage|p2a: Mimikyu|100/100\n|detailschange|p2a: Mimikyu|Mimikyu-Busted, L50, F\n|-damage|p2a: Mimikyu|88/100|[from] pokemon: Mimikyu-Busted\n|\n|upkeep\n|turn|12\n|\n|t:|1776384239\n|move|p2a: Mimikyu|Shadow Claw|p1a: Clefable\n|-damage|p1a: Clefable|46/100\n|move|p1a: Clefable|Stored Power|p2a: Mimikyu\n|-damage|p2a: Mimikyu|18/100\n|\n|upkeep\n|turn|13\n|\n|t:|1776384249\n|move|p2a: Mimikyu|Shadow Claw|p1a: Clefable\n|-crit|p1a: Clefable\n|-damage|p1a: Clefable|11/100\n|move|p1a: Clefable|Moonlight|p1a: Clefable\n|-heal|p1a: Clefable|61/100\n|\n|upkeep\n|turn|14\n|\n|t:|1776384256\n|move|p2a: Mimikyu|Shadow Claw|p1a: Clefable\n|-crit|p1a: Clefable\n|-damage|p1a: Clefable|26/100\n|move|p1a: Clefable|Moonlight|p1a: Clefable\n|-heal|p1a: Clefable|76/100\n|\n|upkeep\n|turn|15\n|\n|t:|1776384265\n|move|p2a: Mimikyu|Shadow Claw|p1a: Clefable\n|-damage|p1a: Clefable|68/100\n|move|p1a: Clefable|Stored Power|p2a: Mimikyu\n|-damage|p2a: Mimikyu|0 fnt\n|faint|p2a: Mimikyu\n|\n|upkeep\n|\n|t:|1776384277\n|switch|p2a: Charizard|Charizard-Mega-Y, L50, M|100/100\n|-weather|SunnyDay|[from] ability: Drought|[of] p2a: Charizard\n|turn|16\n|\n|t:|1776384281\n|move|p2a: Charizard|Weather Ball|p1a: Clefable\n|-damage|p1a: Clefable|44/100\n|move|p1a: Clefable|Stored Power|p2a: Charizard\n|-damage|p2a: Charizard|46/100\n|\n|-weather|SunnyDay|[upkeep]\n|upkeep\n|turn|17\n|\n|t:|1776384285\n|move|p2a: Charizard|Weather Ball|p1a: Clefable\n|-damage|p1a: Clefable|20/100\n|move|p1a: Clefable|Moonlight|p1a: Clefable\n|-heal|p1a: Clefable|87/100\n|\n|-weather|SunnyDay|[upkeep]\n|upkeep\n|turn|18\n|\n|t:|1776384292\n|move|p2a: Charizard|Weather Ball|p1a: Clefable\n|-damage|p1a: Clefable|63/100\n|move|p1a: Clefable|Stored Power|p2a: Charizard\n|-damage|p2a: Charizard|0 fnt\n|faint|p2a: Charizard\n|\n|-weather|SunnyDay|[upkeep]\n|upkeep\n|-message|SimonFeng forfeited.\n|\n|win|Bbbkty\n|raw|Bbbkty's rating: 1160 &rarr; <strong>1185</strong><br />(+25 for winning)\n|raw|SimonFeng's rating: 1163 &rarr; <strong>1138</strong><br />(-25 for losing)\n|l|\u2606SimonFeng\n|player|p2|\n",
  "uploadtime": 1776384299,
  "views": 4,
  "formatid": "gen9championsbssregma",
  "rating": 1138,
  "private": 0,
  "password": null
}