{
  "id": "gen9championsbssregma-2585138553",
  "format": "[Gen 9 Champions] BSS Reg M-A",
  "players": [
    "yann3779",
    "yoyotaka"
  ],
  "log": "|j|\u2606yann3779\n|j|\u203dyoyotaka\n|t:|1776316420\n|gametype|singles\n|player|p1|yann3779|2|1316\n|player|p2|yoyotaka|265|1385\n|gen|9\n|tier|[Gen 9 Champions] BSS Reg M-A\n|rated|\n|rule|Species Clause: Limit one of each Pok\u00e9mon\n|rule|Item Clause: Limit 1 of each item\n|clearpoke\n|poke|p1|Garchomp, L50, F|\n|poke|p1|Aegislash, L50, M|\n|poke|p1|Meganium, L50, M|\n|poke|p1|Dragonite, L50, M|\n|poke|p1|Kleavor, L50, M|\n|poke|p1|Lopunny, L50, F|\n|poke|p2|Dragonite, L50, F|\n|poke|p2|Hippowdon, L50, F|\n|poke|p2|Primarina, L50, M|\n|poke|p2|Kangaskhan, L50, F|\n|poke|p2|Meowscarada, L50, F|\n|poke|p2|Aegislash, L50, M|\n|teampreview|3\n|inactive|Battle timer is ON: inactive players will automatically lose when time's up. (requested by yann3779)\n|j| p74\n|inactive|yoyotaka has 60 seconds left.\n|\n|t:|1776316492\n|teamsize|p1|3\n|teamsize|p2|3\n|start\n|switch|p1a: Kleavor|Kleavor, L50, M|100/100\n|switch|p2a: Kangaskhan|Kangaskhan, L50, F|100/100\n|turn|1\n|\n|t:|1776316502\n|detailschange|p2a: Kangaskhan|Kangaskhan-Mega, L50, F\n|-mega|p2a: Kangaskhan|Kangaskhan|Kangaskhanite\n|move|p2a: Kangaskhan|Fake Out|p1a: Kleavor\n|-resisted|p1a: Kleavor|1\n|-damage|p1a: Kleavor|86/100\n|-resisted|p1a: Kleavor|1\n|-damage|p1a: Kleavor|83/100\n|-hitcount|p1a: Kleavor|2\n|cant|p1a: Kleavor|flinch\n|\n|upkeep\n|turn|2\n|j| emertest\n|\n|t:|1776316519\n|switch|p2a: Hippowdon|Hippowdon, L50, F|100/100\n|-weather|Sandstorm|[from] ability: Sand Stream|[of] p2a: Hippowdon\n|move|p1a: Kleavor|X-Scissor|p2a: Hippowdon\n|-damage|p2a: Hippowdon|60/100\n|\n|-weather|Sandstorm|[upkeep]\n|-heal|p2a: Hippowdon|66/100|[from] item: Leftovers\n|upkeep\n|turn|3\n|\n|t:|1776316530\n|move|p1a: Kleavor|Stone Axe|p2a: Hippowdon\n|-resisted|p2a: Hippowdon|1\n|-damage|p2a: Hippowdon|51/100\n|-sidestart|p2: yoyotaka|move: Stealth Rock\n|move|p2a: Hippowdon|Stealth Rock|p1a: Kleavor\n|-sidestart|p1: yann3779|move: Stealth Rock\n|\n|-weather|Sandstorm|[upkeep]\n|-heal|p2a: Hippowdon|57/100|[from] item: Leftovers\n|upkeep\n|turn|4\n|\n|t:|1776316539\n|move|p1a: Kleavor|X-Scissor|p2a: Hippowdon\n|-crit|p2a: Hippowdon\n|-damage|p2a: Hippowdon|0 fnt\n|faint|p2a: Hippowdon\n|\n|-weather|Sandstorm|[upkeep]\n|upkeep\n|\n|t:|1776316549\n|switch|p2a: Primarina|Primarina, L50, M|100/100\n|-damage|p2a: Primarina|88/100|[from] Stealth Rock\n|turn|5\n|inactive|yoyotaka has 30 seconds left.\n|\n|t:|1776316576\n|move|p1a: Kleavor|Quick Attack|p2a: Primarina\n|-damage|p2a: Primarina|71/100\n|move|p2a: Primarina|Sparkling Aria|p1a: Kleavor\n|-supereffective|p1a: Kleavor|1\n|-damage|p1a: Kleavor|0 fnt\n|faint|p1a: Kleavor\n|\n|-weather|Sandstorm|[upkeep]\n|-damage|p2a: Primarina|65/100|[from] Sandstorm\n|upkeep\n|\n|t:|1776316590\n|switch|p1a: Meganium|Meganium, L50, M|100/100\n|-damage|p1a: Meganium|88/100|[from] Stealth Rock\n|turn|6\n|\n|t:|1776316600\n|detailschange|p1a: Meganium|Meganium-Mega, L50, M\n|-mega|p1a: Meganium|Meganium|Meganiumite\n|move|p2a: Primarina|Aqua Jet|p1a: Meganium\n|-resisted|p1a: Meganium|1\n|-damage|p1a: Meganium|84/100\n|move|p1a: Meganium|Solar Beam||[still]\n|-prepare|p1a: Meganium|Solar Beam\n|-activate|p1a: Meganium|ability: Mega Sol\n|-anim|p1a: Meganium|Solar Beam|p2a: Primarina\n|-supereffective|p2a: Primarina|1\n|-damage|p2a: Primarina|0 fnt\n|faint|p2a: Primarina\n|\n|-weather|none\n|upkeep\n|j| Player V 006%\n|\n|t:|1776316614\n|switch|p2a: Kangaskhan|Kangaskhan-Mega, L50, F|100/100\n|-damage|p2a: Kangaskhan|88/100|[from] Stealth Rock\n|turn|7\n|\n|t:|1776316619\n|move|p2a: Kangaskhan|Fake Out|p1a: Meganium\n|-damage|p1a: Meganium|62/100\n|-damage|p1a: Meganium|58/100\n|-hitcount|p1a: Meganium|2\n|cant|p1a: Meganium|flinch\n|\n|upkeep\n|turn|8\n|\n|t:|1776316631\n|move|p2a: Kangaskhan|Double-Edge|p1a: Meganium\n|-damage|p1a: Meganium|0 fnt\n|faint|p1a: Meganium\n|-hitcount|p1: Meganium|1\n|-damage|p2a: Kangaskhan|71/100|[from] Recoil\n|\n|upkeep\n|\n|t:|1776316633\n|switch|p1a: Dragonite|Dragonite, L50, M|100/100\n|-damage|p1a: Dragonite|76/100|[from] Stealth Rock\n|turn|9\n|\n|t:|1776316641\n|move|p2a: Kangaskhan|Ice Punch|p1a: Dragonite\n|-supereffective|p1a: Dragonite|2\n|-damage|p1a: Dragonite|0 fnt\n|faint|p1a: Dragonite\n|-hitcount|p1: Dragonite|1\n|\n|win|yoyotaka\n|raw|yann3779's rating: 1316 &rarr; <strong>1300</strong><br />(-16 for losing)\n|raw|yoyotaka's rating: 1385 &rarr; <strong>1401</strong><br />(+16 for winning)\n|l|\u2606yann3779\n|player|p1|\n|l| emertest\n|l|\u203dyoyotaka\n|player|p2|\n|l| Player V 006%\n",
  "uploadtime": 1776318120,
  "views": 3,
  "formatid": "gen9championsbssregma",
  "rating": 1300,
  "private": 0,
  "password": null
}