{
  "id": "gen9championsbssregma-2581250819",
  "format": "[Gen 9 Champions] BSS Reg M-A",
  "players": [
    "dtdtdpdtdtd",
    "phifth"
  ],
  "log": "|j|\u2606dtdtdpdtdtd\n|j|\u2606phifth\n|t:|1775976394\n|gametype|singles\n|player|p1|dtdtdpdtdtd|266|1092\n|player|p2|phifth|rosa|1073\n|gen|9\n|tier|[Gen 9 Champions] BSS Reg M-A\n|rated|\n|rule|Species Clause: Limit one of each Pok\u00e9mon\n|rule|Item Clause: Limit 1 of each item\n|clearpoke\n|poke|p1|Slowking, L50, F|\n|poke|p1|Torkoal, L50, F|\n|poke|p1|Glimmora, L50, F|\n|poke|p1|Ditto, L50|\n|poke|p1|Umbreon, L50, M|\n|poke|p1|Feraligatr, L50, F|\n|poke|p2|Gliscor, L50, M|\n|poke|p2|Tyranitar, L50, F|\n|poke|p2|Meganium, L50, F|\n|poke|p2|Archaludon, L50, M|\n|poke|p2|Excadrill, L50, M|\n|poke|p2|Sableye, L50, F|\n|teampreview|3\n|inactive|Battle timer is ON: inactive players will automatically lose when time's up. (requested by dtdtdpdtdtd)\n|j| timebroken\n|l| timebroken\n|\n|t:|1775976426\n|teamsize|p1|3\n|teamsize|p2|3\n|start\n|switch|p1a: Slowking|Slowking, L50, F|100/100\n|switch|p2a: Tyranitar|Tyranitar, L50, F|100/100\n|-weather|Sandstorm|[from] ability: Sand Stream|[of] p2a: Tyranitar\n|turn|1\n|\n|t:|1775976439\n|move|p2a: Tyranitar|Crunch|p1a: Slowking\n|-supereffective|p1a: Slowking|1\n|-damage|p1a: Slowking|50/100\n|-unboost|p1a: Slowking|def|1\n|-enditem|p1a: Slowking|Sitrus Berry|[eat]\n|-heal|p1a: Slowking|75/100|[from] item: Sitrus Berry\n|move|p1a: Slowking|Reflect|p1a: Slowking\n|-sidestart|p1: dtdtdpdtdtd|Reflect\n|\n|-weather|Sandstorm|[upkeep]\n|-damage|p1a: Slowking|69/100|[from] Sandstorm\n|upkeep\n|turn|2\n|inactive|dtdtdpdtdtd has 30 seconds left.\n|\n|t:|1775976465\n|switch|p2a: Eclipse|Gliscor, L50, M, shiny|100/100\n|move|p1a: Slowking|Trick Room|p1a: Slowking\n|-fieldstart|move: Trick Room|[of] p1a: Slowking\n|\n|-weather|Sandstorm|[upkeep]\n|-damage|p1a: Slowking|63/100|[from] Sandstorm\n|upkeep\n|turn|3\n|\n|t:|1775976473\n|move|p1a: Slowking|Future Sight|p2a: Eclipse\n|-start|p1a: Slowking|move: Future Sight\n|move|p2a: Eclipse|Sand Tomb|p1a: Slowking\n|-damage|p1a: Slowking|56/100\n|-activate|p1a: Slowking|move: Sand Tomb|[of] p2a: Eclipse\n|\n|-weather|Sandstorm|[upkeep]\n|-damage|p1a: Slowking|50/100|[from] Sandstorm\n|-damage|p1a: Slowking|38/100|[from] move: Sand Tomb|[partiallytrapped]\n|upkeep\n|turn|4\n|\n|t:|1775976490\n|move|p1a: Slowking|Light Screen|p1a: Slowking\n|-sidestart|p1: dtdtdpdtdtd|move: Light Screen\n|move|p2a: Eclipse|Toxic Spikes|p1a: Slowking\n|-sidestart|p1: dtdtdpdtdtd|move: Toxic Spikes\n|\n|-weather|Sandstorm|[upkeep]\n|-damage|p1a: Slowking|32/100|[from] Sandstorm\n|-damage|p1a: Slowking|19/100|[from] move: Sand Tomb|[partiallytrapped]\n|upkeep\n|turn|5\n|\n|t:|1775976501\n|move|p2a: Eclipse|Protect|p2a: Eclipse\n|-singleturn|p2a: Eclipse|Protect\n|move|p1a: Slowking|Trick Room|p1a: Slowking|[miss]\n|-fieldend|move: Trick Room\n|\n|-weather|none\n|-end|p2a: Eclipse|move: Future Sight\n|-miss|p1a: Slowking|p2a: Eclipse\n|-damage|p1a: Slowking|7/100|[from] move: Sand Tomb|[partiallytrapped]\n|-sideend|p1: dtdtdpdtdtd|Reflect\n|upkeep\n|turn|6\n|\n|t:|1775976515\n|move|p2a: Eclipse|Knock Off|p1a: Slowking\n|-supereffective|p1a: Slowking|1\n|-damage|p1a: Slowking|0 fnt\n|faint|p1a: Slowking\n|\n|upkeep\n|\n|t:|1775976527\n|switch|p1a: Feraligatr|Feraligatr, L50, F|100/100\n|-status|p1a: Feraligatr|psn\n|turn|7\n|\n|t:|1775976541\n|detailschange|p1a: Feraligatr|Feraligatr-Mega, L50, F\n|-mega|p1a: Feraligatr|Feraligatr|Feraligite\n|move|p2a: Eclipse|Protect|p2a: Eclipse\n|-singleturn|p2a: Eclipse|Protect\n|move|p1a: Feraligatr|Flip Turn|p2a: Eclipse\n|-activate|p2a: Eclipse|move: Protect\n|\n|-damage|p1a: Feraligatr|88/100 psn|[from] psn\n|upkeep\n|turn|8\n|\n|t:|1775976560\n|move|p2a: Eclipse|Sand Tomb|p1a: Feraligatr\n|-damage|p1a: Feraligatr|80/100 psn\n|-activate|p1a: Feraligatr|move: Sand Tomb|[of] p2a: Eclipse\n|move|p1a: Feraligatr|Flip Turn|p2a: Eclipse\n|-supereffective|p2a: Eclipse|1\n|-damage|p2a: Eclipse|58/100\n|\n|t:|1775976567\n|switch|p1a: Torkoal|Torkoal, L50, F|100/100|[from] Flip Turn\n|-status|p1a: Torkoal|psn\n|-weather|SunnyDay|[from] ability: Drought|[of] p1a: Torkoal\n|\n|-weather|SunnyDay|[upkeep]\n|-damage|p1a: Torkoal|88/100 psn|[from] psn\n|-sideend|p1: dtdtdpdtdtd|move: Light Screen\n|upkeep\n|turn|9\n|\n|t:|1775976584\n|move|p2a: Eclipse|Protect|p2a: Eclipse\n|-singleturn|p2a: Eclipse|Protect\n|move|p1a: Torkoal|Eruption|p2a: Eclipse\n|-activate|p2a: Eclipse|move: Protect\n|\n|-weather|SunnyDay|[upkeep]\n|-damage|p1a: Torkoal|76/100 psn|[from] psn\n|upkeep\n|turn|10\n|-message|dtdtdpdtdtd forfeited.\n|\n|win|phifth\n|raw|dtdtdpdtdtd's rating: 1092 &rarr; <strong>1067</strong><br />(-25 for losing)\n|raw|phifth's rating: 1073 &rarr; <strong>1104</strong><br />(+31 for winning)\n|l|\u2606dtdtdpdtdtd\n|player|p1|\n",
  "uploadtime": 1775976602,
  "views": 32,
  "formatid": "gen9championsbssregma",
  "rating": 1067,
  "private": 0,
  "password": null
}