{
  "id": "gen9championsbssregma-2585468191",
  "format": "[Gen 9 Champions] BSS Reg M-A",
  "players": [
    "Keyan_Sans",
    "firov"
  ],
  "log": "|j|\u2606Keyan_Sans\n|j|\u2606firov\n|t:|1776349297\n|gametype|singles\n|player|p1|Keyan_Sans|hugh|1259\n|player|p2|firov|169|1198\n|gen|9\n|tier|[Gen 9 Champions] BSS Reg M-A\n|rated|\n|rule|Species Clause: Limit one of each Pok\u00e9mon\n|rule|Item Clause: Limit 1 of each item\n|clearpoke\n|poke|p1|Aegislash, L50, F|\n|poke|p1|Primarina, L50, M|\n|poke|p1|Glimmora, L50, M|\n|poke|p1|Meowscarada, L50, M|\n|poke|p1|Dragonite, L50, M|\n|poke|p1|Lopunny, L50, F|\n|poke|p2|Gengar, L50, F|\n|poke|p2|Kingambit, L50, F|\n|poke|p2|Primarina, L50, F|\n|poke|p2|Garchomp, L50, F|\n|poke|p2|Corviknight, L50, M|\n|poke|p2|Charizard, L50, M|\n|teampreview|3\n|inactive|Battle timer is ON: inactive players will automatically lose when time's up. (requested by Keyan_Sans)\n|\n|t:|1776349332\n|teamsize|p1|3\n|teamsize|p2|3\n|start\n|switch|p1a: Primarina|Primarina, L50, M|100/100\n|switch|p2a: Garchomp|Garchomp, L50, F|100/100\n|turn|1\n|\n|t:|1776349347\n|move|p2a: Garchomp|Stealth Rock|p1a: Primarina\n|-sidestart|p1: Keyan_Sans|move: Stealth Rock\n|move|p1a: Primarina|Calm Mind|p1a: Primarina\n|-boost|p1a: Primarina|spa|1\n|-boost|p1a: Primarina|spd|1\n|\n|upkeep\n|turn|2\n|\n|t:|1776349355\n|move|p2a: Garchomp|Earthquake|p1a: Primarina\n|-damage|p1a: Primarina|55/100\n|move|p1a: Primarina|Calm Mind|p1a: Primarina\n|-boost|p1a: Primarina|spa|1\n|-boost|p1a: Primarina|spd|1\n|\n|-heal|p1a: Primarina|61/100|[from] item: Leftovers\n|upkeep\n|turn|3\n|\n|t:|1776349359\n|move|p2a: Garchomp|Earthquake|p1a: Primarina\n|-damage|p1a: Primarina|18/100\n|move|p1a: Primarina|Draining Kiss|p2a: Garchomp\n|-supereffective|p2a: Garchomp|1\n|-enditem|p2a: Garchomp|Focus Sash\n|-damage|p2a: Garchomp|1/100\n|-heal|p1a: Primarina|91/100|[from] drain|[of] p2a: Garchomp\n|-damage|p1a: Primarina|79/100|[from] ability: Rough Skin|[of] p2a: Garchomp\n|\n|-heal|p1a: Primarina|85/100|[from] item: Leftovers\n|upkeep\n|turn|4\n|\n|t:|1776349368\n|move|p2a: Garchomp|Earthquake|p1a: Primarina\n|-damage|p1a: Primarina|40/100\n|move|p1a: Primarina|Draining Kiss|p2a: Garchomp\n|-supereffective|p2a: Garchomp|1\n|-crit|p2a: Garchomp\n|-damage|p2a: Garchomp|0 fnt\n|-heal|p1a: Primarina|41/100|[from] drain|[of] p2a: Garchomp\n|-damage|p1a: Primarina|28/100|[from] ability: Rough Skin|[of] p2a: Garchomp\n|faint|p2a: Garchomp\n|\n|-heal|p1a: Primarina|34/100|[from] item: Leftovers\n|upkeep\n|\n|t:|1776349377\n|switch|p2a: Charizard|Charizard, L50, M|100/100\n|turn|5\n|\n|t:|1776349393\n|move|p2a: Charizard|Swords Dance|p2a: Charizard\n|-boost|p2a: Charizard|atk|2\n|move|p1a: Primarina|Sparkling Aria|p2a: Charizard\n|-supereffective|p2a: Charizard|1\n|-damage|p2a: Charizard|0 fnt\n|faint|p2a: Charizard\n|\n|-heal|p1a: Primarina|40/100|[from] item: Leftovers\n|upkeep\n|\n|t:|1776349398\n|switch|p2a: Corviknight|Corviknight, L50, M|100/100\n|turn|6\n|\n|t:|1776349401\n|move|p2a: Corviknight|Body Press|p1a: Primarina\n|-resisted|p1a: Primarina|1\n|-damage|p1a: Primarina|30/100\n|move|p1a: Primarina|Sparkling Aria|p2a: Corviknight\n|-damage|p2a: Corviknight|0 fnt\n|faint|p2a: Corviknight\n|\n|win|Keyan_Sans\n|raw|Keyan_Sans's rating: 1259 &rarr; <strong>1278</strong><br />(+19 for winning)\n|raw|firov's rating: 1171 &rarr; <strong>1152</strong><br />(-19 for losing)\n|l|\u2606firov\n|player|p2|\n",
  "uploadtime": 1776349405,
  "views": 25,
  "formatid": "gen9championsbssregma",
  "rating": 1152,
  "private": 0,
  "password": null
}