{
  "id": "gen9championsbssregma-2586178996",
  "format": "[Gen 9 Champions] BSS Reg M-A",
  "players": [
    "Jaaaace",
    "Venti0406"
  ],
  "log": "|j|\u2606Jaaaace\n|j|\u2606Venti0406\n|t:|1776409030\n|gametype|singles\n|player|p1|Jaaaace|brycen|1126\n|player|p2|Venti0406|n|1059\n|gen|9\n|tier|[Gen 9 Champions] BSS Reg M-A\n|rated|\n|rule|Species Clause: Limit one of each Pok\u00e9mon\n|rule|Item Clause: Limit 1 of each item\n|clearpoke\n|poke|p1|Starmie, L50|\n|poke|p1|Pelipper, L50, M|\n|poke|p1|Politoed, L50, M|\n|poke|p1|Drampa, L50, F|\n|poke|p1|Dragonite, L50, M|\n|poke|p1|Palafin, L50, F|\n|poke|p2|Lopunny, L50, M|\n|poke|p2|Corviknight, L50, F|\n|poke|p2|Milotic, L50, F|\n|poke|p2|Gengar, L50, F|\n|poke|p2|Aegislash, L50, M|\n|poke|p2|Rotom-Wash, L50|\n|teampreview|3\n|inactive|Battle timer is ON: inactive players will automatically lose when time's up. (requested by Venti0406)\n|inactive|Jaaaace has 60 seconds left.\n|\n|t:|1776409062\n|teamsize|p1|3\n|teamsize|p2|3\n|start\n|switch|p1a: Palafin|Palafin, L50, F|100/100\n|switch|p2a: Lopunny|Lopunny, L50, M|100/100\n|turn|1\n|\n|t:|1776409068\n|detailschange|p2a: Lopunny|Lopunny-Mega, L50, M\n|-mega|p2a: Lopunny|Lopunny|Lopunnite\n|move|p2a: Lopunny|Fake Out|p1a: Palafin\n|-damage|p1a: Palafin|77/100\n|cant|p1a: Palafin|flinch\n|\n|upkeep\n|turn|2\n|\n|t:|1776409075\n|detailschange|p1a: Palafin|Palafin-Hero, L50, F\n|switch|p1a: Politoed|Politoed, L50, M|100/100\n|-weather|RainDance|[from] ability: Drizzle|[of] p1a: Politoed\n|move|p2a: Lopunny|U-turn|p1a: Politoed\n|-damage|p1a: Politoed|78/100\n|\n|t:|1776409083\n|switch|p2a: Milotic|Milotic, L50, F|100/100|[from] U-turn\n|\n|-weather|RainDance|[upkeep]\n|-heal|p1a: Politoed|84/100|[from] item: Leftovers\n|upkeep\n|turn|3\n|\n|t:|1776409092\n|switch|p1a: Drampa|Drampa, L50, F|100/100\n|move|p2a: Milotic|Flip Turn|p1a: Drampa\n|-resisted|p1a: Drampa|1\n|-damage|p1a: Drampa|89/100\n|\n|t:|1776409099\n|switch|p2a: Lopunny|Lopunny-Mega, L50, M|100/100|[from] Flip Turn\n|\n|-weather|RainDance|[upkeep]\n|upkeep\n|turn|4\n|\n|t:|1776409114\n|switch|p1a: Palafin|Palafin-Hero, L50, F|77/100\n|-activate|p1a: Palafin|ability: Zero to Hero\n|move|p2a: Lopunny|Fake Out|p1a: Palafin\n|-damage|p1a: Palafin|57/100\n|\n|-weather|RainDance|[upkeep]\n|upkeep\n|turn|5\n|\n|t:|1776409126\n|move|p1a: Palafin|Aqua Jet|p2a: Lopunny\n|-damage|p2a: Lopunny|51/100\n|move|p2a: Lopunny|U-turn|p1a: Palafin\n|-damage|p1a: Palafin|36/100\n|\n|t:|1776409135\n|switch|p2a: Corviknight|Corviknight, L50, F|100/100|[from] U-turn\n|\n|-weather|RainDance|[upkeep]\n|upkeep\n|turn|6\n|\n|t:|1776409142\n|switch|p1a: Drampa|Drampa, L50, F|89/100\n|move|p2a: Corviknight|U-turn|p1a: Drampa\n|-damage|p1a: Drampa|74/100\n|\n|t:|1776409147\n|switch|p2a: Lopunny|Lopunny-Mega, L50, M|51/100|[from] U-turn\n|\n|-weather|none\n|upkeep\n|turn|7\n|\n|t:|1776409151\n|switch|p1a: Politoed|Politoed, L50, M|84/100\n|-weather|RainDance|[from] ability: Drizzle|[of] p1a: Politoed\n|move|p2a: Lopunny|Fake Out|p1a: Politoed\n|-damage|p1a: Politoed|66/100\n|\n|-weather|RainDance|[upkeep]\n|-heal|p1a: Politoed|72/100|[from] item: Leftovers\n|upkeep\n|turn|8\n|\n|t:|1776409160\n|move|p2a: Lopunny|U-turn|p1a: Politoed\n|-damage|p1a: Politoed|50/100\n|\n|t:|1776409164\n|switch|p2a: Milotic|Milotic, L50, F|100/100|[from] U-turn\n|move|p1a: Politoed|Psychic|p2a: Milotic\n|-damage|p2a: Milotic|91/100\n|\n|-weather|RainDance|[upkeep]\n|-heal|p1a: Politoed|56/100|[from] item: Leftovers\n|-heal|p2a: Milotic|97/100|[from] item: Leftovers\n|upkeep\n|turn|9\n|\n|t:|1776409175\n|switch|p1a: Palafin|Palafin-Hero, L50, F|36/100\n|move|p2a: Milotic|Flip Turn|p1a: Palafin\n|-resisted|p1a: Palafin|1\n|-damage|p1a: Palafin|27/100\n|\n|t:|1776409182\n|switch|p2a: Lopunny|Lopunny-Mega, L50, M|51/100|[from] Flip Turn\n|\n|-weather|RainDance|[upkeep]\n|upkeep\n|turn|10\n|\n|t:|1776409190\n|move|p2a: Lopunny|Fake Out|p1a: Palafin\n|-damage|p1a: Palafin|5/100\n|cant|p1a: Palafin|flinch\n|\n|-weather|RainDance|[upkeep]\n|upkeep\n|turn|11\n|\n|t:|1776409201\n|switch|p2a: Corviknight|Corviknight, L50, F|100/100\n|move|p1a: Palafin|Aqua Jet|p2a: Corviknight\n|-damage|p2a: Corviknight|78/100\n|\n|-weather|none\n|upkeep\n|turn|12\n|\n|t:|1776409208\n|switch|p1a: Politoed|Politoed, L50, M|56/100\n|-weather|RainDance|[from] ability: Drizzle|[of] p1a: Politoed\n|move|p2a: Corviknight|U-turn|p1a: Politoed\n|-damage|p1a: Politoed|44/100\n|\n|t:|1776409215\n|switch|p2a: Lopunny|Lopunny-Mega, L50, M|51/100|[from] U-turn\n|\n|-weather|RainDance|[upkeep]\n|-heal|p1a: Politoed|50/100|[from] item: Leftovers\n|upkeep\n|turn|13\n|\n|t:|1776409220\n|move|p2a: Lopunny|Fake Out|p1a: Politoed\n|-damage|p1a: Politoed|32/100\n|cant|p1a: Politoed|flinch\n|\n|-weather|RainDance|[upkeep]\n|-heal|p1a: Politoed|38/100|[from] item: Leftovers\n|upkeep\n|turn|14\n|\n|t:|1776409238\n|move|p2a: Lopunny|U-turn|p1a: Politoed\n|-damage|p1a: Politoed|16/100\n|\n|t:|1776409241\n|switch|p2a: Milotic|Milotic, L50, F|97/100|[from] U-turn\n|move|p1a: Politoed|Surf|p2a: Milotic\n|-resisted|p2a: Milotic|1\n|-damage|p2a: Milotic|86/100\n|\n|-weather|RainDance|[upkeep]\n|-heal|p2a: Milotic|92/100|[from] item: Leftovers\n|-heal|p1a: Politoed|22/100|[from] item: Leftovers\n|upkeep\n|turn|15\n|-message|Jaaaace forfeited.\n|\n|win|Venti0406\n|raw|Jaaaace's rating: 1126 &rarr; <strong>1096</strong><br />(-30 for losing)\n|raw|Venti0406's rating: 1059 &rarr; <strong>1096</strong><br />(+37 for winning)\n|l|\u2606Jaaaace\n|player|p1|\n",
  "uploadtime": 1776409256,
  "views": 17,
  "formatid": "gen9championsbssregma",
  "rating": 1096,
  "private": 0,
  "password": null
}