{
  "id": "gen9championsbssregma-2584166127",
  "format": "[Gen 9 Champions] BSS Reg M-A",
  "players": [
    "michinsaram",
    "xxBlvckBvrnxx"
  ],
  "log": "|j|\u2606michinsaram\n|j|\u2606xxBlvckBvrnxx\n|t:|1776233189\n|gametype|singles\n|player|p1|michinsaram|169|1315\n|player|p2|xxBlvckBvrnxx|101|1258\n|gen|9\n|tier|[Gen 9 Champions] BSS Reg M-A\n|rated|\n|rule|Species Clause: Limit one of each Pok\u00e9mon\n|rule|Item Clause: Limit 1 of each item\n|clearpoke\n|poke|p1|Pelipper, L50, F|\n|poke|p1|Archaludon, L50, M|\n|poke|p1|Lucario, L50, M|\n|poke|p1|Basculegion, L50, M|\n|poke|p1|Meganium, L50, F|\n|poke|p1|Garchomp, L50, M|\n|poke|p2|Volcarona, L50, M|\n|poke|p2|Meowscarada, L50, M|\n|poke|p2|Gengar, L50, M|\n|poke|p2|Azumarill, L50, F|\n|poke|p2|Lopunny, L50, F|\n|poke|p2|Garchomp, L50, F|\n|teampreview|3\n|inactive|Battle timer is ON: inactive players will automatically lose when time's up. (requested by michinsaram)\n|\n|t:|1776233245\n|teamsize|p1|3\n|teamsize|p2|3\n|start\n|switch|p1a: Pelipper|Pelipper, L50, F|100/100\n|switch|p2a: Bubbles|Azumarill, L50, F|100/100\n|-weather|RainDance|[from] ability: Drizzle|[of] p1a: Pelipper\n|turn|1\n|\n|t:|1776233256\n|move|p1a: Pelipper|U-turn|p2a: Bubbles\n|-resisted|p2a: Bubbles|1\n|-damage|p2a: Bubbles|96/100\n|\n|t:|1776233257\n|switch|p1a: Archaludon|Archaludon, L50, M|100/100|[from] U-turn\n|move|p2a: Bubbles|Belly Drum|p2a: Bubbles\n|-damage|p2a: Bubbles|46/100\n|-setboost|p2a: Bubbles|atk|6|[from] move: Belly Drum\n|-enditem|p2a: Bubbles|Sitrus Berry|[eat]\n|-heal|p2a: Bubbles|71/100|[from] item: Sitrus Berry\n|\n|-weather|RainDance|[upkeep]\n|upkeep\n|turn|2\n|j| sadawedawed\n|\n|t:|1776233278\n|move|p1a: Archaludon|Electro Shot||[still]\n|-prepare|p1a: Archaludon|Electro Shot\n|-boost|p1a: Archaludon|spa|1\n|-anim|p1a: Archaludon|Electro Shot|p2a: Bubbles\n|-supereffective|p2a: Bubbles|1\n|-damage|p2a: Bubbles|0 fnt\n|faint|p2a: Bubbles\n|\n|-weather|RainDance|[upkeep]\n|upkeep\n|\n|t:|1776233286\n|switch|p2a: Lola|Lopunny, L50, F|100/100\n|turn|3\n|\n|t:|1776233302\n|detailschange|p2a: Lola|Lopunny-Mega, L50, F\n|-mega|p2a: Lola|Lopunny|Lopunnite\n|move|p2a: Lola|Close Combat|p1a: Archaludon\n|-supereffective|p1a: Archaludon|1\n|-damage|p1a: Archaludon|0 fnt\n|-unboost|p2a: Lola|def|1\n|-unboost|p2a: Lola|spd|1\n|faint|p1a: Archaludon\n|\n|-weather|RainDance|[upkeep]\n|upkeep\n|\n|t:|1776233312\n|switch|p1a: Garchomp|Garchomp, L50, M|100/100\n|turn|4\n|\n|t:|1776233329\n|move|p1a: Garchomp|Outrage|p2a: Lola\n|-damage|p2a: Lola|0 fnt\n|faint|p2a: Lola\n|\n|-weather|RainDance|[upkeep]\n|upkeep\n|\n|t:|1776233333\n|switch|p2a: Kit|Meowscarada, L50, M|100/100\n|turn|5\n|\n|t:|1776233336\n|move|p1a: Garchomp|Outrage|p2a: Kit|[from] lockedmove\n|-enditem|p2a: Kit|Focus Sash\n|-damage|p2a: Kit|1/100\n|move|p2a: Kit|Triple Axel|p1a: Garchomp\n|-start|p2a: Kit|typechange|Ice|[from] ability: Protean\n|-supereffective|p1a: Garchomp|2\n|-damage|p1a: Garchomp|59/100\n|-damage|p2a: Kit|0 fnt|[from] ability: Rough Skin|[of] p1a: Garchomp\n|faint|p2a: Kit\n|\n|win|michinsaram\n|-hitcount|p1a: Garchomp|1\n|raw|michinsaram's rating: 1315 &rarr; <strong>1332</strong><br />(+17 for winning)\n|raw|xxBlvckBvrnxx's rating: 1258 &rarr; <strong>1237</strong><br />(-21 for losing)\n|l|\u2606michinsaram\n|player|p1|\n|l|\u2606xxBlvckBvrnxx\n|player|p2|\n|l| sadawedawed\n",
  "uploadtime": 1776233354,
  "views": 18,
  "formatid": "gen9championsbssregma",
  "rating": 1237,
  "private": 0,
  "password": null
}