{
  "id": "gen9championsbssregma-2589497912",
  "format": "[Gen 9 Champions] BSS Reg M-A",
  "players": [
    "blah021",
    "mega.CHIVA"
  ],
  "log": "|j|\u2606blah021\n|j|\u2606mega.CHIVA\n|t:|1776728395\n|gametype|singles\n|player|p1|blah021|hilda-wonderlauncher|1000\n|player|p2|mega.CHIVA|unknown|1086\n|gen|9\n|tier|[Gen 9 Champions] BSS Reg M-A\n|rated|\n|rule|Species Clause: Limit one of each Pok\u00e9mon\n|rule|Item Clause: Limit 1 of each item\n|clearpoke\n|poke|p1|Aggron, L50, F|\n|poke|p1|Sinistcha, L50|\n|poke|p1|Aerodactyl, L50, F|\n|poke|p1|Incineroar, L50, M|\n|poke|p1|Pelipper, L50, M|\n|poke|p1|Archaludon, L50, F|\n|poke|p2|Corviknight, L50, M|\n|poke|p2|Garchomp, L50, M|\n|poke|p2|Hawlucha, L50, M|\n|poke|p2|Sylveon, L50, F|\n|poke|p2|Greninja, L50, M|\n|poke|p2|Blastoise, L50, M|\n|teampreview|3\n|inactive|Battle timer is ON: inactive players will automatically lose when time's up. (requested by blah021)\n|inactive|blah021 has 60 seconds left.\n|\n|t:|1776728426\n|teamsize|p1|3\n|teamsize|p2|3\n|start\n|switch|p1a: Aerodactyl|Aerodactyl, L50, F|100/100\n|switch|p2a: Sylveon|Sylveon, L50, F|100/100\n|-ability|p1a: Aerodactyl|Unnerve\n|turn|1\n|\n|t:|1776728444\n|move|p1a: Aerodactyl|Dual Wingbeat|p2a: Sylveon\n|-damage|p2a: Sylveon|78/100\n|-damage|p2a: Sylveon|54/100\n|-hitcount|p2a: Sylveon|2\n|move|p2a: Sylveon|Hyper Voice|p1a: Aerodactyl\n|-damage|p1a: Aerodactyl|5/100\n|\n|upkeep\n|turn|2\n|\n|t:|1776728452\n|switch|p1a: Aggron|Aggron, L50, F|100/100\n|move|p2a: Sylveon|Hyper Voice|p1a: Aggron\n|-resisted|p1a: Aggron|1\n|-damage|p1a: Aggron|65/100\n|\n|upkeep\n|turn|3\n|\n|t:|1776728461\n|detailschange|p1a: Aggron|Aggron-Mega, L50, F\n|-mega|p1a: Aggron|Aggron|Aggronite\n|move|p2a: Sylveon|Mystical Fire|p1a: Aggron\n|-supereffective|p1a: Aggron|1\n|-damage|p1a: Aggron|30/100\n|-unboost|p1a: Aggron|spa|1\n|move|p1a: Aggron|Iron Defense|p1a: Aggron\n|-boost|p1a: Aggron|def|2\n|\n|upkeep\n|turn|4\n|\n|t:|1776728469\n|move|p2a: Sylveon|Mystical Fire|p1a: Aggron\n|-supereffective|p1a: Aggron|1\n|-damage|p1a: Aggron|0 fnt\n|faint|p1a: Aggron\n|\n|upkeep\n|\n|t:|1776728474\n|switch|p1a: Pelipper|Pelipper, L50, M|100/100\n|-weather|RainDance|[from] ability: Drizzle|[of] p1a: Pelipper\n|turn|5\n|\n|t:|1776728479\n|move|p1a: Pelipper|Muddy Water|p2a: Sylveon\n|-damage|p2a: Sylveon|21/100\n|move|p2a: Sylveon|Hyper Voice|p1a: Pelipper\n|-damage|p1a: Pelipper|26/100\n|\n|-weather|RainDance|[upkeep]\n|upkeep\n|turn|6\n|\n|t:|1776728485\n|move|p1a: Pelipper|Muddy Water|p2a: Sylveon\n|-damage|p2a: Sylveon|0 fnt\n|faint|p2a: Sylveon\n|\n|-weather|RainDance|[upkeep]\n|upkeep\n|\n|t:|1776728490\n|switch|p2a: Hawlucha|Hawlucha, L50, M|100/100\n|turn|7\n|\n|t:|1776728494\n|detailschange|p2a: Hawlucha|Hawlucha-Mega, L50, M\n|-mega|p2a: Hawlucha|Hawlucha|Hawluchanite\n|move|p2a: Hawlucha|Stone Edge|p1a: Pelipper\n|-supereffective|p1a: Pelipper|1\n|-damage|p1a: Pelipper|0 fnt\n|faint|p1a: Pelipper\n|\n|-weather|RainDance|[upkeep]\n|upkeep\n|\n|t:|1776728500\n|switch|p1a: Aerodactyl|Aerodactyl, L50, F|5/100\n|-ability|p1a: Aerodactyl|Unnerve\n|turn|8\n|\n|t:|1776728504\n|move|p1a: Aerodactyl|Dual Wingbeat|p2a: Hawlucha\n|-supereffective|p2a: Hawlucha|1\n|-damage|p2a: Hawlucha|53/100\n|-supereffective|p2a: Hawlucha|1\n|-damage|p2a: Hawlucha|9/100\n|-hitcount|p2a: Hawlucha|2\n|move|p2a: Hawlucha|Cross Chop|p1a: Aerodactyl\n|-damage|p1a: Aerodactyl|0 fnt\n|faint|p1a: Aerodactyl\n|\n|win|mega.CHIVA\n|raw|blah021's rating: 1000 &rarr; <strong>1000</strong><br />(+0 for losing)\n|raw|mega.CHIVA's rating: 1086 &rarr; <strong>1107</strong><br />(+21 for winning)\n|l|\u2606blah021\n|player|p1|\n",
  "uploadtime": 1776728513,
  "views": 1,
  "formatid": "gen9championsbssregma",
  "rating": 1000,
  "private": 0,
  "password": null
}