{
  "id": "gen9championsbssregma-2584388806",
  "format": "[Gen 9 Champions] BSS Reg M-A",
  "players": [
    "fletchyfletchy",
    "Cosmicinari"
  ],
  "log": "|j|\u2606fletchyfletchy\n|j|\u2606Cosmicinari\n|t:|1776257191\n|gametype|singles\n|player|p1|fletchyfletchy|liko|1130\n|player|p2|Cosmicinari|101|1012\n|gen|9\n|tier|[Gen 9 Champions] BSS Reg M-A\n|rated|\n|rule|Species Clause: Limit one of each Pok\u00e9mon\n|rule|Item Clause: Limit 1 of each item\n|clearpoke\n|poke|p1|Lopunny, L50, M|\n|poke|p1|Basculegion, L50, M|\n|poke|p1|Meowscarada, L50, F|\n|poke|p1|Aegislash, L50, F|\n|poke|p1|Charizard, L50, F|\n|poke|p1|Ninetales-Alola, L50, F|\n|poke|p2|Dragonite, L50, M|\n|poke|p2|Clefable, L50, M|\n|poke|p2|Sneasler, L50, M|\n|poke|p2|Diggersby, L50, M|\n|poke|p2|Arcanine, L50, F|\n|poke|p2|Espeon, L50, F|\n|teampreview|3\n|\n|t:|1776257220\n|teamsize|p1|3\n|teamsize|p2|3\n|start\n|switch|p1a: Lopunny|Lopunny, L50, M|100/100\n|switch|p2a: Sneasler|Sneasler, L50, M|100/100\n|turn|1\n|\n|t:|1776257229\n|switch|p2a: Arcanine|Arcanine, L50, F|100/100\n|-ability|p2a: Arcanine|Intimidate|boost\n|-unboost|p1a: Lopunny|atk|1\n|detailschange|p1a: Lopunny|Lopunny-Mega, L50, M\n|-mega|p1a: Lopunny|Lopunny|Lopunnite\n|move|p1a: Lopunny|Fake Out|p2a: Arcanine\n|-damage|p2a: Arcanine|85/100\n|\n|-heal|p2a: Arcanine|91/100|[from] item: Leftovers\n|upkeep\n|turn|2\n|\n|t:|1776257241\n|switch|p1a: Basculegion|Basculegion, L50, M|100/100\n|move|p2a: Arcanine|Substitute|p2a: Arcanine\n|-start|p2a: Arcanine|Substitute\n|-damage|p2a: Arcanine|66/100\n|\n|-heal|p2a: Arcanine|72/100|[from] item: Leftovers\n|upkeep\n|turn|3\n|\n|t:|1776257250\n|move|p1a: Basculegion|Flip Turn|p2a: Arcanine\n|-supereffective|p2a: Arcanine|1\n|-end|p2a: Arcanine|Substitute\n|\n|t:|1776257253\n|switch|p1a: Lopunny|Lopunny-Mega, L50, M|100/100|[from] Flip Turn\n|move|p2a: Arcanine|Will-O-Wisp|p1a: Lopunny\n|-status|p1a: Lopunny|brn\n|\n|-heal|p2a: Arcanine|78/100|[from] item: Leftovers\n|-damage|p1a: Lopunny|95/100 brn|[from] brn\n|upkeep\n|turn|4\n|\n|t:|1776257266\n|move|p1a: Lopunny|Swords Dance|p1a: Lopunny\n|-boost|p1a: Lopunny|atk|2\n|move|p2a: Arcanine|Curse|p2a: Arcanine\n|-unboost|p2a: Arcanine|spe|1\n|-boost|p2a: Arcanine|atk|1\n|-boost|p2a: Arcanine|def|1\n|\n|-heal|p2a: Arcanine|84/100|[from] item: Leftovers\n|-damage|p1a: Lopunny|89/100 brn|[from] brn\n|upkeep\n|turn|5\n|\n|t:|1776257277\n|move|p1a: Lopunny|Close Combat|p2a: Arcanine\n|-damage|p2a: Arcanine|36/100\n|-unboost|p1a: Lopunny|def|1\n|-unboost|p1a: Lopunny|spd|1\n|move|p2a: Arcanine|Substitute|p2a: Arcanine\n|-start|p2a: Arcanine|Substitute\n|-damage|p2a: Arcanine|11/100\n|\n|-heal|p2a: Arcanine|17/100|[from] item: Leftovers\n|-damage|p1a: Lopunny|84/100 brn|[from] brn\n|upkeep\n|turn|6\n|\n|t:|1776257294\n|move|p1a: Lopunny|Triple Axel|p2a: Arcanine\n|-resisted|p2a: Arcanine|1\n|-activate|p2a: Arcanine|move: Substitute|[damage]\n|-resisted|p2a: Arcanine|1\n|-activate|p2a: Arcanine|move: Substitute|[damage]\n|-resisted|p2a: Arcanine|1\n|-activate|p2a: Arcanine|move: Substitute|[damage]\n|-hitcount|p2a: Arcanine|3\n|move|p2a: Arcanine|Flare Blitz|p1a: Lopunny\n|-damage|p1a: Lopunny|0 fnt\n|faint|p1a: Lopunny\n|-damage|p2a: Arcanine|0 fnt|[from] Recoil\n|faint|p2a: Arcanine\n|\n|upkeep\n|\n|t:|1776257309\n|switch|p1a: Aegislash|Aegislash, L50, F|100/100\n|switch|p2a: Sneasler|Sneasler, L50, M|100/100\n|turn|7\n|\n|t:|1776257318\n|move|p2a: Sneasler|U-turn|p1a: Aegislash\n|-resisted|p1a: Aegislash|2\n|-damage|p1a: Aegislash|96/100\n|\n|t:|1776257322\n|switch|p2a: Clefable|Clefable, L50, M|100/100|[from] U-turn\n|move|p1a: Aegislash|Swords Dance|p1a: Aegislash\n|-boost|p1a: Aegislash|atk|2\n|\n|-heal|p1a: Aegislash|100/100|[from] item: Leftovers\n|upkeep\n|turn|8\n|\n|t:|1776257336\n|move|p1a: Aegislash|Swords Dance|p1a: Aegislash\n|-boost|p1a: Aegislash|atk|2\n|move|p2a: Clefable|Flamethrower|p1a: Aegislash\n|-supereffective|p1a: Aegislash|1\n|-damage|p1a: Aegislash|66/100\n|\n|-heal|p1a: Aegislash|72/100|[from] item: Leftovers\n|upkeep\n|turn|9\n|\n|t:|1776257345\n|move|p2a: Clefable|Flamethrower|p1a: Aegislash\n|-supereffective|p1a: Aegislash|1\n|-damage|p1a: Aegislash|41/100\n|-status|p1a: Aegislash|brn\n|move|p1a: Aegislash|Swords Dance|p1a: Aegislash\n|-boost|p1a: Aegislash|atk|2\n|\n|-heal|p1a: Aegislash|47/100 brn|[from] item: Leftovers\n|-damage|p1a: Aegislash|41/100 brn|[from] brn\n|upkeep\n|turn|10\n|c|\u2606fletchyfletchy|...\n|\n|t:|1776257356\n|move|p2a: Clefable|Flamethrower|p1a: Aegislash\n|-supereffective|p1a: Aegislash|1\n|-damage|p1a: Aegislash|11/100 brn\n|-formechange|p1a: Aegislash|Aegislash-Blade|\n|move|p1a: Aegislash|Iron Head|p2a: Clefable\n|-supereffective|p2a: Clefable|1\n|-damage|p2a: Clefable|61/100\n|\n|-heal|p1a: Aegislash|17/100 brn|[from] item: Leftovers\n|-damage|p1a: Aegislash|11/100 brn|[from] brn\n|upkeep\n|turn|11\n|\n|t:|1776257371\n|move|p1a: Aegislash|Shadow Sneak|p2a: Clefable\n|-damage|p2a: Clefable|52/100\n|move|p2a: Clefable|Flamethrower|p1a: Aegislash\n|-supereffective|p1a: Aegislash|1\n|-damage|p1a: Aegislash|0 fnt\n|faint|p1a: Aegislash\n|\n|upkeep\n|\n|t:|1776257375\n|switch|p1a: Basculegion|Basculegion, L50, M|100/100\n|turn|12\n|c|\u2606fletchyfletchy|welp\n|c|\u2606fletchyfletchy|ggs\n|c|\u2606Cosmicinari|Are you unaware of clefairys ability\n|c|\u2606Cosmicinari|Gfs\n|c|\u2606fletchyfletchy|i know\n|c|\u2606fletchyfletchy|im like what do i do\n|\n|t:|1776257396\n|detailschange|p2a: Clefable|Clefable-Mega, L50, M\n|-mega|p2a: Clefable|Clefable|Clefablite\n|move|p1a: Basculegion|Last Respects|p2a: Clefable\n|-damage|p2a: Clefable|0 fnt\n|faint|p2a: Clefable\n|\n|upkeep\n|\n|t:|1776257404\n|switch|p2a: Sneasler|Sneasler, L50, M|100/100\n|turn|13\n|c|\u2606fletchyfletchy|u win thru the sash\n|c|\u2606fletchyfletchy|i was just praying that it was magic guard\n|\n|t:|1776257418\n|move|p2a: Sneasler|Fake Out|p1a: Basculegion\n|-immune|p1a: Basculegion\n|move|p1a: Basculegion|Last Respects|p2a: Sneasler\n|-damage|p2a: Sneasler|0 fnt\n|faint|p2a: Sneasler\n|\n|win|fletchyfletchy\n|raw|fletchyfletchy's rating: 1130 &rarr; <strong>1147</strong><br />(+17 for winning)\n|raw|Cosmicinari's rating: 1012 &rarr; <strong>1004</strong><br />(-8 for losing)\n",
  "uploadtime": 1776257418,
  "views": 4,
  "formatid": "gen9championsbssregma",
  "rating": 1004,
  "private": 0,
  "password": null
}