{
  "id": "gen9championsbssregma-2586630444",
  "format": "[Gen 9 Champions] BSS Reg M-A",
  "players": [
    "Lord Queefus",
    "b1sn"
  ],
  "log": "|j|\u2606Lord Queefus\n|j|\u2606b1sn\n|t:|1776448078\n|gametype|singles\n|player|p1|Lord Queefus|swimmer-gen4dp|1181\n|player|p2|b1sn|iris-gen5bw2|1184\n|gen|9\n|tier|[Gen 9 Champions] BSS Reg M-A\n|rated|\n|rule|Species Clause: Limit one of each Pok\u00e9mon\n|rule|Item Clause: Limit 1 of each item\n|clearpoke\n|poke|p1|Meowscarada, L50, F|\n|poke|p1|Greninja-*, L50, F|\n|poke|p1|Lycanroc-Dusk, L50, F|\n|poke|p1|Clefable, L50, M|\n|poke|p1|Corviknight, L50, F|\n|poke|p1|Sneasler, L50, M|\n|poke|p2|Pelipper, L50, F|\n|poke|p2|Archaludon, L50, M|\n|poke|p2|Basculegion, L50, M|\n|poke|p2|Serperior, L50, M|\n|poke|p2|Lucario, L50, F|\n|poke|p2|Garchomp, L50, M|\n|teampreview|3\n|inactive|Battle timer is ON: inactive players will automatically lose when time's up. (requested by Lord Queefus)\n|\n|t:|1776448143\n|teamsize|p1|3\n|teamsize|p2|3\n|start\n|switch|p1a: Lycancock|Lycanroc-Dusk, L50, F|100/100\n|switch|p2a: Pelipper|Pelipper, L50, F|100/100\n|-weather|RainDance|[from] ability: Drizzle|[of] p2a: Pelipper\n|turn|1\n|\n|t:|1776448152\n|move|p1a: Lycancock|Stealth Rock|p2a: Pelipper\n|-sidestart|p2: b1sn|move: Stealth Rock\n|move|p2a: Pelipper|U-turn|p1a: Lycancock\n|-damage|p1a: Lycancock|87/100\n|\n|t:|1776448155\n|switch|p2a: Lucario|Lucario, L50, F|100/100|[from] U-turn\n|-damage|p2a: Lucario|98/100|[from] Stealth Rock\n|\n|-weather|RainDance|[upkeep]\n|upkeep\n|turn|2\n|\n|t:|1776448164\n|detailschange|p2a: Lucario|Lucario-Mega, L50, F\n|-mega|p2a: Lucario|Lucario|Lucarionite\n|move|p2a: Lucario|Bullet Punch|p1a: Lycancock\n|-supereffective|p1a: Lycancock|1\n|-damage|p1a: Lycancock|0 fnt\n|faint|p1a: Lycancock\n|\n|-weather|RainDance|[upkeep]\n|upkeep\n|\n|t:|1776448182\n|switch|p1a: Greninja|Greninja, L50, F, shiny|100/100\n|turn|3\n|\n|t:|1776448190\n|detailschange|p1a: Greninja|Greninja-Mega, L50, F, shiny\n|-mega|p1a: Greninja|Greninja|Greninjite\n|move|p1a: Greninja|Surf|p2a: Lucario\n|-start|p1a: Greninja|typechange|Water|[from] ability: Protean\n|-damage|p2a: Lucario|0 fnt\n|faint|p2a: Lucario\n|\n|-weather|RainDance|[upkeep]\n|upkeep\n|\n|t:|1776448195\n|switch|p2a: Serperior|Serperior, L50, M|100/100\n|-damage|p2a: Serperior|88/100|[from] Stealth Rock\n|turn|4\n|\n|t:|1776448214\n|switch|p1a: Meowscarada|Meowscarada, L50, F|100/100\n|move|p2a: Serperior|Leaf Storm|p1a: Meowscarada\n|-resisted|p1a: Meowscarada|1\n|-damage|p1a: Meowscarada|73/100\n|-boost|p2a: Serperior|spa|2\n|\n|-weather|RainDance|[upkeep]\n|-heal|p2a: Serperior|94/100|[from] item: Leftovers\n|upkeep\n|turn|5\n|\n|t:|1776448228\n|move|p1a: Meowscarada|Triple Axel|p2a: Serperior\n|-start|p1a: Meowscarada|typechange|Ice|[from] ability: Protean\n|-supereffective|p2a: Serperior|1\n|-damage|p2a: Serperior|75/100\n|-supereffective|p2a: Serperior|1\n|-damage|p2a: Serperior|38/100\n|-supereffective|p2a: Serperior|1\n|-damage|p2a: Serperior|0 fnt\n|faint|p2a: Serperior\n|-hitcount|p2: Serperior|3\n|\n|-weather|none\n|upkeep\n|\n|t:|1776448232\n|switch|p2a: Pelipper|Pelipper, L50, F|100/100\n|-damage|p2a: Pelipper|76/100|[from] Stealth Rock\n|-weather|RainDance|[from] ability: Drizzle|[of] p2a: Pelipper\n|turn|6\n|-message|b1sn forfeited.\n|\n|win|Lord Queefus\n|raw|Lord Queefus's rating: 1181 &rarr; <strong>1206</strong><br />(+25 for winning)\n|raw|b1sn's rating: 1184 &rarr; <strong>1159</strong><br />(-25 for losing)\n|l|\u2606b1sn\n|player|p2|\n",
  "uploadtime": 1776448246,
  "views": 9,
  "formatid": "gen9championsbssregma",
  "rating": 1159,
  "private": 0,
  "password": null
}