{
  "id": "gen9championsbssregma-2587170150",
  "format": "[Gen 9 Champions] BSS Reg M-A",
  "players": [
    "prieststar_le_vrai",
    "joguri"
  ],
  "log": "|j|\u2606prieststar_le_vrai\n|j|\u2606joguri\n|t:|1776503711\n|gametype|singles\n|player|p1|prieststar_le_vrai|iris-gen5bw2|1120\n|player|p2|joguri|dawn|1227\n|gen|9\n|tier|[Gen 9 Champions] BSS Reg M-A\n|rated|\n|rule|Species Clause: Limit one of each Pok\u00e9mon\n|rule|Item Clause: Limit 1 of each item\n|clearpoke\n|poke|p1|Meowscarada, L50, M|\n|poke|p1|Meganium, L50, F|\n|poke|p1|Empoleon, L50, M|\n|poke|p1|Kleavor, L50, F|\n|poke|p1|Dragonite, L50, F|\n|poke|p1|Greninja, L50, F|\n|poke|p2|Clefable, L50, F|\n|poke|p2|Espathra, L50, F|\n|poke|p2|Charizard, L50, M|\n|poke|p2|Hippowdon, L50, M|\n|poke|p2|Rotom-Wash, L50, shiny|\n|poke|p2|Garchomp, L50, F|\n|teampreview|3\n|\n|t:|1776503770\n|teamsize|p1|3\n|teamsize|p2|3\n|start\n|switch|p1a: Kleavor|Kleavor, L50, F|100/100\n|switch|p2a: Hippowdon|Hippowdon, L50, M|100/100\n|-weather|Sandstorm|[from] ability: Sand Stream|[of] p2a: Hippowdon\n|turn|1\n|\n|t:|1776503792\n|move|p1a: Kleavor|Stone Axe|p2a: Hippowdon\n|-resisted|p2a: Hippowdon|1\n|-damage|p2a: Hippowdon|84/100\n|-sidestart|p2: joguri|move: Stealth Rock\n|move|p2a: Hippowdon|Stealth Rock|p1a: Kleavor\n|-sidestart|p1: prieststar_le_vrai|move: Stealth Rock\n|\n|-weather|Sandstorm|[upkeep]\n|upkeep\n|turn|2\n|\n|t:|1776503802\n|move|p1a: Kleavor|X-Scissor|p2a: Hippowdon\n|-crit|p2a: Hippowdon\n|-damage|p2a: Hippowdon|16/100\n|-enditem|p2a: Hippowdon|Sitrus Berry|[eat]\n|-heal|p2a: Hippowdon|41/100|[from] item: Sitrus Berry\n|move|p2a: Hippowdon|Earthquake|p1a: Kleavor\n|-damage|p1a: Kleavor|51/100\n|\n|-weather|Sandstorm|[upkeep]\n|upkeep\n|turn|3\n|\n|t:|1776503815\n|move|p1a: Kleavor|X-Scissor|p2a: Hippowdon\n|-damage|p2a: Hippowdon|0 fnt\n|faint|p2a: Hippowdon\n|\n|-weather|Sandstorm|[upkeep]\n|upkeep\n|\n|t:|1776503820\n|switch|p2a: Clefable|Clefable, L50, F|100/100\n|-damage|p2a: Clefable|88/100|[from] Stealth Rock\n|turn|4\n|\n|t:|1776503826\n|move|p1a: Kleavor|Stone Axe|p2a: Clefable\n|-damage|p2a: Clefable|46/100\n|move|p2a: Clefable|Cosmic Power|p2a: Clefable\n|-boost|p2a: Clefable|def|1\n|-boost|p2a: Clefable|spd|1\n|\n|-weather|Sandstorm|[upkeep]\n|-damage|p2a: Clefable|40/100|[from] Sandstorm\n|upkeep\n|turn|5\n|\n|t:|1776503839\n|move|p1a: Kleavor|Stone Axe|p2a: Clefable|[miss]\n|-miss|p1a: Kleavor|p2a: Clefable\n|move|p2a: Clefable|Cosmic Power|p2a: Clefable\n|-boost|p2a: Clefable|def|1\n|-boost|p2a: Clefable|spd|1\n|\n|-weather|none\n|upkeep\n|turn|6\n|\n|t:|1776503854\n|move|p1a: Kleavor|Stone Axe|p2a: Clefable\n|-damage|p2a: Clefable|19/100\n|move|p2a: Clefable|Moonlight|p2a: Clefable\n|-heal|p2a: Clefable|69/100\n|\n|upkeep\n|turn|7\n|\n|t:|1776503860\n|move|p1a: Kleavor|Stone Axe|p2a: Clefable\n|-damage|p2a: Clefable|48/100\n|move|p2a: Clefable|Cosmic Power|p2a: Clefable\n|-boost|p2a: Clefable|def|1\n|-boost|p2a: Clefable|spd|1\n|\n|upkeep\n|turn|8\n|\n|t:|1776503866\n|move|p1a: Kleavor|Stone Axe|p2a: Clefable\n|-damage|p2a: Clefable|28/100\n|move|p2a: Clefable|Cosmic Power|p2a: Clefable\n|-boost|p2a: Clefable|def|1\n|-boost|p2a: Clefable|spd|1\n|\n|upkeep\n|turn|9\n|\n|t:|1776503872\n|move|p1a: Kleavor|Stone Axe|p2a: Clefable\n|-damage|p2a: Clefable|13/100\n|move|p2a: Clefable|Moonlight|p2a: Clefable\n|-heal|p2a: Clefable|63/100\n|\n|upkeep\n|turn|10\n|\n|t:|1776503885\n|move|p1a: Kleavor|Stone Axe|p2a: Clefable\n|-damage|p2a: Clefable|47/100\n|move|p2a: Clefable|Moonlight|p2a: Clefable\n|-heal|p2a: Clefable|97/100\n|\n|upkeep\n|turn|11\n|\n|t:|1776503891\n|move|p1a: Kleavor|Stone Axe|p2a: Clefable\n|-damage|p2a: Clefable|82/100\n|move|p2a: Clefable|Cosmic Power|p2a: Clefable\n|-boost|p2a: Clefable|def|1\n|-boost|p2a: Clefable|spd|1\n|\n|upkeep\n|turn|12\n|\n|t:|1776503904\n|move|p1a: Kleavor|Stone Axe|p2a: Clefable\n|-damage|p2a: Clefable|69/100\n|move|p2a: Clefable|Cosmic Power|p2a: Clefable\n|-boost|p2a: Clefable|def|1\n|-boost|p2a: Clefable|spd|1\n|\n|upkeep\n|turn|13\n|\n|t:|1776503912\n|move|p1a: Kleavor|Stone Axe|p2a: Clefable\n|-damage|p2a: Clefable|58/100\n|move|p2a: Clefable|Moonlight|p2a: Clefable\n|-heal|p2a: Clefable|100/100\n|\n|upkeep\n|turn|14\n|\n|t:|1776503918\n|move|p1a: Kleavor|Stone Axe|p2a: Clefable\n|-damage|p2a: Clefable|89/100\n|move|p2a: Clefable|Stored Power|p1a: Kleavor\n|-damage|p1a: Kleavor|0 fnt\n|faint|p1a: Kleavor\n|\n|upkeep\n|\n|t:|1776503921\n|switch|p1a: Greninja|Greninja, L50, F|100/100\n|-damage|p1a: Greninja|88/100|[from] Stealth Rock\n|turn|15\n|\n|t:|1776503931\n|detailschange|p1a: Greninja|Greninja-Mega, L50, F\n|-mega|p1a: Greninja|Greninja|Greninjite\n|detailschange|p2a: Clefable|Clefable-Mega, L50, F\n|-mega|p2a: Clefable|Clefable|Clefablite\n|move|p1a: Greninja|Sludge Wave|p2a: Clefable\n|-start|p1a: Greninja|typechange|Poison|[from] ability: Protean\n|-supereffective|p2a: Clefable|1\n|-damage|p2a: Clefable|68/100\n|move|p2a: Clefable|Flamethrower|p1a: Greninja\n|-damage|p1a: Greninja|52/100\n|\n|upkeep\n|turn|16\n|\n|t:|1776503942\n|move|p1a: Greninja|Sludge Wave|p2a: Clefable\n|-supereffective|p2a: Clefable|1\n|-damage|p2a: Clefable|49/100\n|move|p2a: Clefable|Flamethrower|p1a: Greninja\n|-damage|p1a: Greninja|15/100\n|\n|upkeep\n|turn|17\n|\n|t:|1776503950\n|move|p1a: Greninja|Sludge Wave|p2a: Clefable\n|-supereffective|p2a: Clefable|1\n|-damage|p2a: Clefable|27/100\n|move|p2a: Clefable|Moonlight|p2a: Clefable\n|-heal|p2a: Clefable|77/100\n|\n|upkeep\n|turn|18\n|-message|prieststar_le_vrai forfeited.\n|\n|win|joguri\n|raw|prieststar_le_vrai's rating: 1120 &rarr; <strong>1102</strong><br />(-18 for losing)\n|raw|joguri's rating: 1227 &rarr; <strong>1245</strong><br />(+18 for winning)\n|l|\u2606prieststar_le_vrai\n|player|p1|\n",
  "uploadtime": 1776503958,
  "views": 4,
  "formatid": "gen9championsbssregma",
  "rating": 1102,
  "private": 0,
  "password": null
}