{
  "id": "gen9championsbssregma-2589363449",
  "format": "[Gen 9 Champions] BSS Reg M-A",
  "players": [
    "I am Gojo Satoru",
    "coldrollin"
  ],
  "log": "|j|\u2606I am Gojo Satoru\n|j|\u2606coldrollin\n|t:|1776717145\n|gametype|singles\n|player|p1|I am Gojo Satoru|266|1051\n|player|p2|coldrollin|bugcatcher-gen4dp|1148\n|gen|9\n|tier|[Gen 9 Champions] BSS Reg M-A\n|rated|\n|rule|Species Clause: Limit one of each Pok\u00e9mon\n|rule|Item Clause: Limit 1 of each item\n|clearpoke\n|poke|p1|Decidueye-Hisui, L50, M|\n|poke|p1|Floette-Eternal, L50, F|\n|poke|p1|Steelix, L50, M|\n|poke|p1|Sneasler, L50, F|\n|poke|p1|Araquanid, L50, F|\n|poke|p1|Krookodile, L50, F|\n|poke|p2|Kangaskhan, L50, F|\n|poke|p2|Garchomp, L50, F|\n|poke|p2|Aegislash, L50, F|\n|poke|p2|Clefable, L50, F|\n|poke|p2|Lucario, L50, F|\n|poke|p2|Rotom-Wash, L50|\n|teampreview|3\n|\n|t:|1776717167\n|teamsize|p1|3\n|teamsize|p2|3\n|start\n|switch|p1a: Sneasler|Sneasler, L50, F|100/100\n|switch|p2a: Garchomp|Garchomp, L50, F|100/100\n|turn|1\n|\n|t:|1776717177\n|move|p1a: Sneasler|Close Combat|p2a: Garchomp\n|-damage|p2a: Garchomp|37/100\n|-unboost|p1a: Sneasler|def|1\n|-unboost|p1a: Sneasler|spd|1\n|-damage|p1a: Sneasler|88/100|[from] ability: Rough Skin|[of] p2a: Garchomp\n|-enditem|p1a: Sneasler|White Herb\n|-clearnegativeboost|p1a: Sneasler|[silent]\n|move|p2a: Garchomp|Stealth Rock|p1a: Sneasler\n|-sidestart|p1: I am Gojo Satoru|move: Stealth Rock\n|\n|upkeep\n|turn|2\n|\n|t:|1776717189\n|move|p1a: Sneasler|Acrobatics|p2a: Garchomp\n|-damage|p2a: Garchomp|0 fnt\n|-damage|p1a: Sneasler|76/100|[from] ability: Rough Skin|[of] p2a: Garchomp\n|faint|p2a: Garchomp\n|\n|upkeep\n|\n|t:|1776717191\n|switch|p2a: Kangaskhan|Kangaskhan, L50, F|100/100\n|turn|3\n|\n|t:|1776717195\n|detailschange|p2a: Kangaskhan|Kangaskhan-Mega, L50, F\n|-mega|p2a: Kangaskhan|Kangaskhan|Kangaskhanite\n|move|p2a: Kangaskhan|Fake Out|p1a: Sneasler\n|-damage|p1a: Sneasler|36/100\n|-damage|p1a: Sneasler|27/100\n|-hitcount|p1a: Sneasler|2\n|cant|p1a: Sneasler|flinch\n|\n|upkeep\n|turn|4\n|\n|t:|1776717203\n|switch|p2a: Rotom|Rotom-Wash, L50|100/100\n|move|p1a: Sneasler|Close Combat|p2a: Rotom\n|-damage|p2a: Rotom|45/100\n|-unboost|p1a: Sneasler|def|1\n|-unboost|p1a: Sneasler|spd|1\n|-enditem|p2a: Rotom|Sitrus Berry|[eat]\n|-heal|p2a: Rotom|70/100|[from] item: Sitrus Berry\n|\n|upkeep\n|turn|5\n|\n|t:|1776717208\n|move|p1a: Sneasler|Dire Claw|p2a: Rotom\n|-damage|p2a: Rotom|31/100\n|move|p2a: Rotom|Volt Switch|p1a: Sneasler\n|-damage|p1a: Sneasler|0 fnt\n|faint|p1a: Sneasler\n|\n|t:|1776717210\n|switch|p2a: Kangaskhan|Kangaskhan-Mega, L50, F|100/100|[from] Volt Switch\n|\n|upkeep\n|\n|t:|1776717213\n|switch|p1a: Steelix|Steelix, L50, M|100/100\n|-damage|p1a: Steelix|98/100|[from] Stealth Rock\n|turn|6\n|\n|t:|1776717225\n|detailschange|p1a: Steelix|Steelix-Mega, L50, M\n|-mega|p1a: Steelix|Steelix|Steelixite\n|move|p2a: Kangaskhan|Fake Out|p1a: Steelix\n|-resisted|p1a: Steelix|1\n|-damage|p1a: Steelix|93/100\n|-resisted|p1a: Steelix|1\n|-damage|p1a: Steelix|92/100\n|-hitcount|p1a: Steelix|2\n|cant|p1a: Steelix|flinch\n|\n|upkeep\n|turn|7\n|\n|t:|1776717236\n|move|p1a: Steelix|Body Press|p2a: Kangaskhan\n|-supereffective|p2a: Kangaskhan|1\n|-damage|p2a: Kangaskhan|22/100\n|move|p2a: Kangaskhan|Circle Throw|p1a: Steelix\n|-supereffective|p1a: Steelix|1\n|-damage|p1a: Steelix|76/100\n|-supereffective|p1a: Steelix|1\n|-damage|p1a: Steelix|72/100\n|-hitcount|p1a: Steelix|2\n|drag|p1a: Araquanid|Araquanid, L50, F|100/100\n|-damage|p1a: Araquanid|76/100|[from] Stealth Rock\n|\n|-heal|p1a: Araquanid|82/100|[from] item: Leftovers\n|upkeep\n|turn|8\n|\n|t:|1776717246\n|move|p1a: Araquanid|Infestation|p2a: Kangaskhan\n|-damage|p2a: Kangaskhan|18/100\n|-activate|p2a: Kangaskhan|move: Infestation|[of] p1a: Araquanid\n|move|p2a: Kangaskhan|Circle Throw|p1a: Araquanid\n|-resisted|p1a: Araquanid|1\n|-damage|p1a: Araquanid|68/100\n|-resisted|p1a: Araquanid|1\n|-damage|p1a: Araquanid|66/100\n|-hitcount|p1a: Araquanid|2\n|drag|p1a: Steelix|Steelix-Mega, L50, M|72/100\n|-damage|p1a: Steelix|70/100|[from] Stealth Rock\n|\n|-end|p2a: Kangaskhan|Infestation|[partiallytrapped]|[silent]\n|upkeep\n|turn|9\n|\n|t:|1776717257\n|move|p2a: Kangaskhan|Ice Punch|p1a: Steelix\n|-damage|p1a: Steelix|59/100\n|-damage|p1a: Steelix|57/100\n|-hitcount|p1a: Steelix|2\n|move|p1a: Steelix|Body Press|p2a: Kangaskhan\n|-supereffective|p2a: Kangaskhan|1\n|-damage|p2a: Kangaskhan|0 fnt\n|faint|p2a: Kangaskhan\n|\n|upkeep\n|\n|t:|1776717261\n|switch|p2a: Rotom|Rotom-Wash, L50|31/100\n|turn|10\n|\n|t:|1776717264\n|move|p2a: Rotom|Hydro Pump|p1a: Steelix|[miss]\n|-miss|p2a: Rotom|p1a: Steelix\n|move|p1a: Steelix|Body Press|p2a: Rotom\n|-damage|p2a: Rotom|0 fnt\n|faint|p2a: Rotom\n|\n|win|I am Gojo Satoru\n|raw|I am Gojo Satoru's rating: 1051 &rarr; <strong>1092</strong><br />(+41 for winning)\n|raw|coldrollin's rating: 1148 &rarr; <strong>1116</strong><br />(-32 for losing)\n|l|\u2606coldrollin\n|player|p2|\n",
  "uploadtime": 1776717266,
  "views": 5,
  "formatid": "gen9championsbssregma",
  "rating": 1092,
  "private": 0,
  "password": null
}