{
  "id": "gen9championsbssregma-2585103325",
  "format": "[Gen 9 Champions] BSS Reg M-A",
  "players": [
    "Henzrey Nugget",
    "Ryan1Baek"
  ],
  "log": "|j|\u2606Henzrey Nugget\n|j|\u2606Ryan1Baek\n|t:|1776312116\n|gametype|singles\n|player|p1|Henzrey Nugget|169|1170\n|player|p2|Ryan1Baek|carmine-festival|1189\n|gen|9\n|tier|[Gen 9 Champions] BSS Reg M-A\n|rated|\n|rule|Species Clause: Limit one of each Pok\u00e9mon\n|rule|Item Clause: Limit 1 of each item\n|clearpoke\n|poke|p1|Aegislash, L50, M|\n|poke|p1|Meowscarada, L50, F|\n|poke|p1|Aerodactyl, L50, F|\n|poke|p1|Ampharos, L50, M|\n|poke|p1|Mudsdale, L50, F|\n|poke|p1|Corviknight, L50, F|\n|poke|p2|Charizard, L50, M|\n|poke|p2|Corviknight, L50, M|\n|poke|p2|Meowscarada, L50, F|\n|poke|p2|Lucario, L50, F|\n|poke|p2|Primarina, L50, M|\n|poke|p2|Hippowdon, L50, M|\n|teampreview|3\n|inactive|Battle timer is ON: inactive players will automatically lose when time's up. (requested by Henzrey Nugget)\n|j| p74\n|\n|t:|1776312161\n|teamsize|p1|3\n|teamsize|p2|3\n|start\n|switch|p1a: Meowscarada|Meowscarada, L50, F, shiny|100/100\n|switch|p2a: Hippowdon|Hippowdon, L50, M|100/100\n|-weather|Sandstorm|[from] ability: Sand Stream|[of] p2a: Hippowdon\n|turn|1\n|\n|t:|1776312170\n|switch|p2a: Corviknight|Corviknight, L50, M|100/100\n|-ability|p2a: Corviknight|Unnerve\n|move|p1a: Meowscarada|Knock Off|p2a: Corviknight\n|-start|p1a: Meowscarada|typechange|Dark|[from] ability: Protean\n|-damage|p2a: Corviknight|73/100\n|-enditem|p2a: Corviknight|Leftovers|[from] move: Knock Off|[of] p1a: Meowscarada\n|\n|-weather|Sandstorm|[upkeep]\n|-damage|p1a: Meowscarada|95/100|[from] Sandstorm\n|upkeep\n|turn|2\n|\n|t:|1776312181\n|switch|p1a: Ampharos|Ampharos, L50, M|100/100\n|move|p2a: Corviknight|U-turn|p1a: Ampharos\n|-damage|p1a: Ampharos|86/100\n|-status|p2a: Corviknight|par|[from] ability: Static|[of] p1a: Ampharos\n|\n|t:|1776312183\n|switch|p2a: Hippowdon|Hippowdon, L50, M|100/100|[from] U-turn\n|\n|-weather|Sandstorm|[upkeep]\n|-damage|p1a: Ampharos|80/100|[from] Sandstorm\n|upkeep\n|turn|3\n|\n|t:|1776312192\n|switch|p1a: Meowscarada|Meowscarada, L50, F, shiny|95/100\n|move|p2a: Hippowdon|Stealth Rock|p1a: Meowscarada\n|-sidestart|p1: Henzrey Nugget|move: Stealth Rock\n|\n|-weather|Sandstorm|[upkeep]\n|-damage|p1a: Meowscarada|89/100|[from] Sandstorm\n|upkeep\n|turn|4\n|\n|t:|1776312197\n|switch|p2a: Corviknight|Corviknight, L50, M|73/100 par\n|-ability|p2a: Corviknight|Unnerve\n|move|p1a: Meowscarada|Triple Axel|p2a: Corviknight\n|-start|p1a: Meowscarada|typechange|Ice|[from] ability: Protean\n|-damage|p2a: Corviknight|66/100 par\n|-damage|p2a: Corviknight|55/100 par\n|-damage|p2a: Corviknight|39/100 par\n|-hitcount|p2a: Corviknight|3\n|\n|-weather|Sandstorm|[upkeep]\n|-damage|p1a: Meowscarada|83/100|[from] Sandstorm\n|upkeep\n|turn|5\n|\n|t:|1776312205\n|switch|p1a: Ampharos|Ampharos, L50, M|80/100\n|-damage|p1a: Ampharos|68/100|[from] Stealth Rock\n|move|p2a: Corviknight|Roost|p2a: Corviknight\n|-heal|p2a: Corviknight|89/100 par\n|-singleturn|p2a: Corviknight|move: Roost\n|\n|-weather|none\n|upkeep\n|turn|6\n|\n|t:|1776312214\n|switch|p2a: Meowscarada|Meowscarada, L50, F|100/100\n|detailschange|p1a: Ampharos|Ampharos-Mega, L50, M\n|-mega|p1a: Ampharos|Ampharos|Ampharosite\n|-ability|p1a: Ampharos|Mold Breaker\n|move|p1a: Ampharos|Dragon Pulse|p2a: Meowscarada\n|-damage|p2a: Meowscarada|2/100\n|\n|upkeep\n|turn|7\n|\n|t:|1776312224\n|switch|p1a: Corviknight|Corviknight, L50, F|100/100\n|-damage|p1a: Corviknight|88/100|[from] Stealth Rock\n|move|p2a: Meowscarada|Triple Axel|p1a: Corviknight\n|-start|p2a: Meowscarada|typechange|Ice|[from] ability: Protean\n|-damage|p1a: Corviknight|79/100\n|-damage|p1a: Corviknight|61/100\n|-damage|p1a: Corviknight|35/100\n|-enditem|p1a: Corviknight|Sitrus Berry|[eat]\n|-heal|p1a: Corviknight|60/100|[from] item: Sitrus Berry\n|-hitcount|p1a: Corviknight|3\n|\n|upkeep\n|turn|8\n|inactive|Henzrey Nugget has 30 seconds left.\n|\n|t:|1776312253\n|switch|p2a: Hippowdon|Hippowdon, L50, M|100/100\n|-weather|Sandstorm|[from] ability: Sand Stream|[of] p2a: Hippowdon\n|move|p1a: Corviknight|Iron Head|p2a: Hippowdon\n|-damage|p2a: Hippowdon|82/100\n|\n|-weather|Sandstorm|[upkeep]\n|upkeep\n|turn|9\n|\n|t:|1776312263\n|move|p1a: Corviknight|U-turn|p2a: Hippowdon\n|-damage|p2a: Hippowdon|71/100\n|\n|t:|1776312265\n|switch|p1a: Meowscarada|Meowscarada, L50, F, shiny|83/100|[from] U-turn\n|-damage|p1a: Meowscarada|71/100|[from] Stealth Rock\n|move|p2a: Hippowdon|Whirlwind|p1a: Meowscarada\n|drag|p1a: Corviknight|Corviknight, L50, F|60/100\n|-damage|p1a: Corviknight|47/100|[from] Stealth Rock\n|\n|-weather|Sandstorm|[upkeep]\n|upkeep\n|turn|10\n|\n|t:|1776312276\n|move|p1a: Corviknight|U-turn|p2a: Hippowdon\n|-damage|p2a: Hippowdon|61/100\n|\n|t:|1776312278\n|switch|p1a: Meowscarada|Meowscarada, L50, F, shiny|71/100|[from] U-turn\n|-damage|p1a: Meowscarada|59/100|[from] Stealth Rock\n|move|p2a: Hippowdon|Whirlwind|p1a: Meowscarada\n|drag|p1a: Corviknight|Corviknight, L50, F|47/100\n|-damage|p1a: Corviknight|35/100|[from] Stealth Rock\n|\n|-weather|Sandstorm|[upkeep]\n|upkeep\n|turn|11\n|\n|t:|1776312286\n|move|p1a: Corviknight|Iron Head|p2a: Hippowdon\n|-damage|p2a: Hippowdon|43/100\n|move|p2a: Hippowdon|Whirlwind|p1a: Corviknight\n|drag|p1a: Meowscarada|Meowscarada, L50, F, shiny|59/100\n|-damage|p1a: Meowscarada|47/100|[from] Stealth Rock\n|\n|-weather|Sandstorm|[upkeep]\n|-damage|p1a: Meowscarada|41/100|[from] Sandstorm\n|upkeep\n|turn|12\n|\n|t:|1776312295\n|switch|p2a: Corviknight|Corviknight, L50, M|89/100 par\n|-ability|p2a: Corviknight|Unnerve\n|move|p1a: Meowscarada|Triple Axel|p2a: Corviknight\n|-start|p1a: Meowscarada|typechange|Ice|[from] ability: Protean\n|-damage|p2a: Corviknight|83/100 par\n|-damage|p2a: Corviknight|72/100 par\n|-damage|p2a: Corviknight|54/100 par\n|-hitcount|p2a: Corviknight|3\n|\n|-weather|none\n|upkeep\n|turn|13\n|\n|t:|1776312320\n|switch|p1a: Ampharos|Ampharos-Mega, L50, M|68/100\n|-damage|p1a: Ampharos|55/100|[from] Stealth Rock\n|-ability|p1a: Ampharos|Mold Breaker\n|move|p2a: Corviknight|Body Press|p1a: Ampharos\n|-damage|p1a: Ampharos|33/100\n|\n|upkeep\n|turn|14\n|\n|t:|1776312330\n|move|p1a: Ampharos|Thunderbolt|p2a: Corviknight\n|-supereffective|p2a: Corviknight|1\n|-damage|p2a: Corviknight|0 fnt\n|faint|p2a: Corviknight\n|\n|upkeep\n|\n|t:|1776312333\n|switch|p2a: Meowscarada|Meowscarada, L50, F|2/100\n|turn|15\n|\n|t:|1776312344\n|switch|p1a: Corviknight|Corviknight, L50, F|35/100\n|-damage|p1a: Corviknight|23/100|[from] Stealth Rock\n|move|p2a: Meowscarada|Triple Axel|p1a: Corviknight\n|-start|p2a: Meowscarada|typechange|Ice|[from] ability: Protean\n|-damage|p1a: Corviknight|14/100\n|-damage|p1a: Corviknight|0 fnt\n|faint|p1a: Corviknight\n|-hitcount|p1: Corviknight|2\n|\n|upkeep\n|\n|t:|1776312346\n|switch|p1a: Meowscarada|Meowscarada, L50, F, shiny|41/100\n|-damage|p1a: Meowscarada|29/100|[from] Stealth Rock\n|turn|16\n|\n|t:|1776312354\n|move|p1a: Meowscarada|Flower Trick|p2a: Meowscarada\n|-start|p1a: Meowscarada|typechange|Grass|[from] ability: Protean\n|-crit|p2a: Meowscarada\n|-damage|p2a: Meowscarada|0 fnt\n|faint|p2a: Meowscarada\n|\n|upkeep\n|\n|t:|1776312355\n|switch|p2a: Hippowdon|Hippowdon, L50, M|43/100\n|-weather|Sandstorm|[from] ability: Sand Stream|[of] p2a: Hippowdon\n|turn|17\n|-message|Ryan1Baek forfeited.\n|\n|win|Henzrey Nugget\n|raw|Henzrey Nugget's rating: 1170 &rarr; <strong>1196</strong><br />(+26 for winning)\n|raw|Ryan1Baek's rating: 1189 &rarr; <strong>1163</strong><br />(-26 for losing)\n|l|\u2606Ryan1Baek\n|player|p2|\n|l|\u2606Henzrey Nugget\n|player|p1|\n",
  "uploadtime": 1776312385,
  "views": 4,
  "formatid": "gen9championsbssregma",
  "rating": 1163,
  "private": 0,
  "password": null
}