{
  "id": "gen9championsbssregma-2587596286",
  "format": "[Gen 9 Champions] BSS Reg M-A",
  "players": [
    "hiveman",
    "driflount drifloon"
  ],
  "log": "|j|\u2606hiveman\n|j|\u2606driflount drifloon\n|t:|1776545488\n|gametype|singles\n|player|p1|hiveman|burglar|1140\n|player|p2|driflount drifloon|brock|1000\n|gen|9\n|tier|[Gen 9 Champions] BSS Reg M-A\n|rated|\n|rule|Species Clause: Limit one of each Pok\u00e9mon\n|rule|Item Clause: Limit 1 of each item\n|clearpoke\n|poke|p1|Garchomp, L50, F, shiny|\n|poke|p1|Starmie, L50|\n|poke|p1|Tyranitar, L50, F|\n|poke|p1|Glimmora, L50, F, shiny|\n|poke|p1|Scizor, L50, F|\n|poke|p1|Archaludon, L50, F|\n|poke|p2|Espathra, L50, M|\n|poke|p2|Lopunny, L50, F|\n|poke|p2|Slowbro, L50, M|\n|poke|p2|Clefable, L50, M|\n|poke|p2|Corviknight, L50, F|\n|poke|p2|Incineroar, L50, F|\n|teampreview|3\n|inactive|Battle timer is ON: inactive players will automatically lose when time's up. (requested by hiveman)\n|inactive|hiveman has 60 seconds left.\n|\n|t:|1776545520\n|teamsize|p1|3\n|teamsize|p2|3\n|start\n|switch|p1a: Garchomp|Garchomp, L50, F, shiny|100/100\n|switch|p2a: Espathra|Espathra, L50, M|100/100\n|turn|1\n|\n|t:|1776545535\n|move|p1a: Garchomp|Earthquake|p2a: Espathra\n|-damage|p2a: Espathra|40/100\n|move|p2a: Espathra|Lumina Crash|p1a: Garchomp\n|-damage|p1a: Garchomp|69/100\n|-unboost|p1a: Garchomp|spd|2\n|\n|-ability|p2a: Espathra|Speed Boost|boost\n|-boost|p2a: Espathra|spe|1\n|upkeep\n|turn|2\n|\n|t:|1776545551\n|move|p2a: Espathra|Protect|p2a: Espathra\n|-singleturn|p2a: Espathra|Protect\n|move|p1a: Garchomp|Earthquake|p2a: Espathra\n|-activate|p2a: Espathra|move: Protect\n|\n|-ability|p2a: Espathra|Speed Boost|boost\n|-boost|p2a: Espathra|spe|1\n|upkeep\n|turn|3\n|\n|t:|1776545559\n|move|p2a: Espathra|Baton Pass|p2a: Espathra\n|inactive|driflount drifloon has 30 seconds left.\n|\n|t:|1776545585\n|switch|p2a: Slowbro|Slowbro, L50, M|100/100|[from] Baton Pass\n|move|p1a: Garchomp|Earthquake|p2a: Slowbro\n|-damage|p2a: Slowbro|58/100\n|\n|upkeep\n|turn|4\n|\n|t:|1776545602\n|move|p1a: Garchomp|Earthquake|p2a: Slowbro\n|-damage|p2a: Slowbro|18/100\n|move|p2a: Slowbro|Slack Off|p2a: Slowbro\n|-heal|p2a: Slowbro|68/100\n|\n|upkeep\n|turn|5\n|\n|t:|1776545609\n|detailschange|p2a: Slowbro|Slowbro-Mega, L50, M\n|-mega|p2a: Slowbro|Slowbro|Slowbronite\n|move|p1a: Garchomp|Earthquake|p2a: Slowbro\n|-damage|p2a: Slowbro|40/100\n|move|p2a: Slowbro|Calm Mind|p2a: Slowbro\n|-boost|p2a: Slowbro|spa|1\n|-boost|p2a: Slowbro|spd|1\n|\n|upkeep\n|turn|6\n|\n|t:|1776545616\n|switch|p1a: Scizor|Scizor, L50, F|100/100\n|move|p2a: Slowbro|Slack Off|p2a: Slowbro\n|-heal|p2a: Slowbro|90/100\n|\n|upkeep\n|turn|7\n|\n|t:|1776545621\n|detailschange|p1a: Scizor|Scizor-Mega, L50, F\n|-mega|p1a: Scizor|Scizor|Scizorite\n|move|p2a: Slowbro|Scald|p1a: Scizor\n|-damage|p1a: Scizor|61/100\n|move|p1a: Scizor|Swords Dance|p1a: Scizor\n|-boost|p1a: Scizor|atk|2\n|\n|upkeep\n|turn|8\n|\n|t:|1776545628\n|move|p2a: Slowbro|Scald|p1a: Scizor\n|-damage|p1a: Scizor|22/100\n|-status|p1a: Scizor|brn\n|move|p1a: Scizor|Assurance|p2a: Slowbro\n|-supereffective|p2a: Slowbro|1\n|-damage|p2a: Slowbro|65/100\n|\n|-damage|p1a: Scizor|16/100 brn|[from] brn\n|upkeep\n|turn|9\n|-message|hiveman forfeited.\n|\n|win|driflount drifloon\n|raw|hiveman's rating: 1140 &rarr; <strong>1105</strong><br />(-35 for losing)\n|raw|driflount drifloon's rating: 1000 &rarr; <strong>1055</strong><br />(+55 for winning)\n|l|\u2606hiveman\n|player|p1|\n",
  "uploadtime": 1776545640,
  "views": 3,
  "formatid": "gen9championsbssregma",
  "rating": 1055,
  "private": 0,
  "password": null
}