{
  "id": "gen9championsbssregma-2581203182",
  "format": "[Gen 9 Champions] BSS Reg M-A",
  "players": [
    "HeroForDays",
    "J Plop"
  ],
  "log": "|j|\u2606HeroForDays\n|j|\u2606J Plop\n|t:|1775970341\n|gametype|singles\n|player|p1|HeroForDays|170|1115\n|player|p2|J Plop|elio|1000\n|gen|9\n|tier|[Gen 9 Champions] BSS Reg M-A\n|rated|\n|rule|Species Clause: Limit one of each Pok\u00e9mon\n|rule|Item Clause: Limit 1 of each item\n|clearpoke\n|poke|p1|Tyranitar, L50, F|\n|poke|p1|Excadrill, L50, F|\n|poke|p1|Garchomp, L50, F|\n|poke|p1|Tyrantrum, L50, F|\n|poke|p1|Corviknight, L50, F|\n|poke|p1|Garganacl, L50, F|\n|poke|p2|Scizor, L50, M|\n|poke|p2|Espathra, L50, M|\n|poke|p2|Slowking, L50, M|\n|poke|p2|Garganacl, L50, M|\n|poke|p2|Hydreigon, L50, F|\n|poke|p2|Goodra-Hisui, L50, F|\n|teampreview|3\n|inactive|Battle timer is ON: inactive players will automatically lose when time's up. (requested by J Plop)\n|inactive|J Plop has 60 seconds left.\n|\n|t:|1775970399\n|teamsize|p1|3\n|teamsize|p2|3\n|start\n|switch|p1a: Tyrantrum|Tyrantrum, L50, F|100/100\n|switch|p2a: Goodra|Goodra-Hisui, L50, F|100/100\n|turn|1\n|inactive|HeroForDays has 30 seconds left.\n|\n|t:|1775970425\n|move|p1a: Tyrantrum|Outrage|p2a: Goodra\n|-crit|p2a: Goodra\n|-damage|p2a: Goodra|21/100\n|move|p2a: Goodra|Iron Tail|p1a: Tyrantrum|[miss]\n|-miss|p2a: Goodra|p1a: Tyrantrum\n|\n|upkeep\n|turn|2\n|\n|t:|1775970434\n|switch|p2a: Scizor|Scizor, L50, M|100/100\n|move|p1a: Tyrantrum|Outrage|p2a: Scizor|[from] lockedmove\n|-resisted|p2a: Scizor|1\n|-damage|p2a: Scizor|78/100\n|\n|upkeep\n|turn|3\n|\n|t:|1775970440\n|detailschange|p2a: Scizor|Scizor-Mega, L50, M\n|-mega|p2a: Scizor|Scizor|Scizorite\n|move|p1a: Tyrantrum|Outrage|p2a: Scizor|[from] lockedmove\n|-resisted|p2a: Scizor|1\n|-damage|p2a: Scizor|62/100\n|-start|p1a: Tyrantrum|confusion|[fatigue]\n|move|p2a: Scizor|U-turn|p1a: Tyrantrum\n|-damage|p1a: Tyrantrum|68/100\n|\n|t:|1775970450\n|switch|p2a: Espathra|Espathra, L50, M|100/100|[from] U-turn\n|\n|upkeep\n|turn|4\n|\n|t:|1775970461\n|-activate|p1a: Tyrantrum|confusion\n|move|p1a: Tyrantrum|Outrage|p2a: Espathra\n|-damage|p2a: Espathra|38/100\n|move|p2a: Espathra|Calm Mind|p2a: Espathra\n|-boost|p2a: Espathra|spa|1\n|-boost|p2a: Espathra|spd|1\n|\n|-ability|p2a: Espathra|Speed Boost|boost\n|-boost|p2a: Espathra|spe|1\n|upkeep\n|turn|5\n|\n|t:|1775970467\n|move|p2a: Espathra|Roost|p2a: Espathra\n|-heal|p2a: Espathra|88/100\n|-singleturn|p2a: Espathra|move: Roost\n|-activate|p1a: Tyrantrum|confusion\n|-damage|p1a: Tyrantrum|55/100|[from] confusion\n|\n|-ability|p2a: Espathra|Speed Boost|boost\n|-boost|p2a: Espathra|spe|1\n|upkeep\n|turn|6\n|\n|t:|1775970479\n|move|p2a: Espathra|Calm Mind|p2a: Espathra\n|-boost|p2a: Espathra|spa|1\n|-boost|p2a: Espathra|spd|1\n|-end|p1a: Tyrantrum|confusion\n|move|p1a: Tyrantrum|Outrage|p2a: Espathra\n|-crit|p2a: Espathra\n|-damage|p2a: Espathra|0 fnt\n|faint|p2a: Espathra\n|\n|upkeep\n|\n|t:|1775970486\n|switch|p2a: Scizor|Scizor-Mega, L50, M|62/100\n|turn|7\n|\n|t:|1775970496\n|move|p1a: Tyrantrum|Outrage|p2a: Scizor|[from] lockedmove\n|-resisted|p2a: Scizor|1\n|-damage|p2a: Scizor|46/100\n|move|p2a: Scizor|Swords Dance|p2a: Scizor\n|-boost|p2a: Scizor|atk|2\n|\n|upkeep\n|turn|8\n|\n|t:|1775970505\n|move|p1a: Tyrantrum|Outrage|p2a: Scizor|[from] lockedmove\n|-resisted|p2a: Scizor|1\n|-damage|p2a: Scizor|29/100\n|-start|p1a: Tyrantrum|confusion|[fatigue]\n|move|p2a: Scizor|Swords Dance|p2a: Scizor\n|-boost|p2a: Scizor|atk|2\n|\n|upkeep\n|turn|9\n|\n|t:|1775970517\n|switch|p1a: Corviknight|Corviknight, L50, F, shiny|100/100\n|move|p2a: Scizor|Roost|p2a: Scizor\n|-heal|p2a: Scizor|79/100\n|-singleturn|p2a: Scizor|move: Roost\n|\n|upkeep\n|turn|10\n|\n|t:|1775970523\n|move|p2a: Scizor|U-turn|p1a: Corviknight\n|-resisted|p1a: Corviknight|2\n|-damage|p1a: Corviknight|85/100\n|\n|t:|1775970525\n|switch|p2a: Goodra|Goodra-Hisui, L50, F|21/100|[from] U-turn\n|move|p1a: Corviknight|Iron Defense|p1a: Corviknight\n|-boost|p1a: Corviknight|def|2\n|\n|-heal|p1a: Corviknight|91/100|[from] item: Leftovers\n|upkeep\n|turn|11\n|\n|t:|1775970530\n|move|p1a: Corviknight|Iron Defense|p1a: Corviknight\n|-boost|p1a: Corviknight|def|2\n|move|p2a: Goodra|Thunder|p1a: Corviknight\n|-supereffective|p1a: Corviknight|1\n|-damage|p1a: Corviknight|24/100\n|\n|-heal|p1a: Corviknight|30/100|[from] item: Leftovers\n|upkeep\n|turn|12\n|\n|t:|1775970540\n|move|p1a: Corviknight|Iron Defense|p1a: Corviknight\n|-boost|p1a: Corviknight|def|2\n|move|p2a: Goodra|Thunder|p1a: Corviknight\n|-supereffective|p1a: Corviknight|1\n|-damage|p1a: Corviknight|0 fnt\n|faint|p1a: Corviknight\n|\n|upkeep\n|\n|t:|1775970543\n|switch|p1a: Garchomp|Garchomp, L50, F, shiny|100/100\n|turn|13\n|\n|t:|1775970547\n|move|p1a: Garchomp|Earthquake|p2a: Goodra\n|-supereffective|p2a: Goodra|1\n|-enditem|p2a: Goodra|Shuca Berry|[eat]\n|-enditem|p2a: Goodra|Shuca Berry|[weaken]\n|-damage|p2a: Goodra|0 fnt\n|faint|p2a: Goodra\n|\n|upkeep\n|\n|t:|1775970550\n|switch|p2a: Scizor|Scizor-Mega, L50, M|79/100\n|turn|14\n|\n|t:|1775970558\n|move|p1a: Garchomp|Earthquake|p2a: Scizor\n|-damage|p2a: Scizor|48/100\n|move|p2a: Scizor|Swords Dance|p2a: Scizor\n|-boost|p2a: Scizor|atk|2\n|\n|upkeep\n|turn|15\n|\n|t:|1775970562\n|move|p1a: Garchomp|Earthquake|p2a: Scizor\n|-damage|p2a: Scizor|19/100\n|move|p2a: Scizor|Roost|p2a: Scizor\n|-heal|p2a: Scizor|69/100\n|-singleturn|p2a: Scizor|move: Roost\n|\n|upkeep\n|turn|16\n|\n|t:|1775970567\n|move|p1a: Garchomp|Swords Dance|p1a: Garchomp\n|-boost|p1a: Garchomp|atk|2\n|move|p2a: Scizor|Roost|p2a: Scizor\n|-heal|p2a: Scizor|100/100\n|-singleturn|p2a: Scizor|move: Roost\n|\n|upkeep\n|turn|17\n|\n|t:|1775970571\n|move|p2a: Scizor|Bullet Punch|p1a: Garchomp\n|-damage|p1a: Garchomp|45/100\n|-damage|p2a: Scizor|88/100|[from] ability: Rough Skin|[of] p1a: Garchomp\n|move|p1a: Garchomp|Swords Dance|p1a: Garchomp\n|-boost|p1a: Garchomp|atk|2\n|\n|upkeep\n|turn|18\n|\n|t:|1775970576\n|move|p2a: Scizor|Bullet Punch|p1a: Garchomp\n|-damage|p1a: Garchomp|0 fnt\n|-damage|p2a: Scizor|76/100|[from] ability: Rough Skin|[of] p1a: Garchomp\n|faint|p1a: Garchomp\n|\n|upkeep\n|\n|t:|1775970578\n|switch|p1a: Tyrantrum|Tyrantrum, L50, F|55/100\n|turn|19\n|\n|t:|1775970581\n|move|p2a: Scizor|Bullet Punch|p1a: Tyrantrum\n|-supereffective|p1a: Tyrantrum|1\n|-damage|p1a: Tyrantrum|0 fnt\n|faint|p1a: Tyrantrum\n|\n|win|J Plop\n|raw|HeroForDays's rating: 1133 &rarr; <strong>1099</strong><br />(-34 for losing)\n|raw|J Plop's rating: 1000 &rarr; <strong>1055</strong><br />(+55 for winning)\n",
  "uploadtime": 1775970584,
  "views": 25,
  "formatid": "gen9championsbssregma",
  "rating": 1055,
  "private": 0,
  "password": null
}