{
  "id": "gen9championsbssregma-2582144171",
  "format": "[Gen 9 Champions] BSS Reg M-A",
  "players": [
    "carbonlifeformmeme",
    "Kings_Uchiha"
  ],
  "log": "|j|\u2606carbonlifeformmeme\n|j|\u2606Kings_Uchiha\n|t:|1776063679\n|gametype|singles\n|player|p1|carbonlifeformmeme|170|1249\n|player|p2|Kings_Uchiha|steven|1172\n|gen|9\n|tier|[Gen 9 Champions] BSS Reg M-A\n|rated|\n|rule|Species Clause: Limit one of each Pok\u00e9mon\n|rule|Item Clause: Limit 1 of each item\n|clearpoke\n|poke|p1|Meowscarada, L50, F|\n|poke|p1|Froslass, L50, F|\n|poke|p1|Sneasler, L50, F|\n|poke|p1|Orthworm, L50, M|\n|poke|p1|Rotom-Heat, L50|\n|poke|p1|Glimmora, L50, M|\n|poke|p2|Meowscarada, L50, M|\n|poke|p2|Greninja-*, L50, M|\n|poke|p2|Lucario, L50, F|\n|poke|p2|Garchomp, L50, M|\n|poke|p2|Slowking-Galar, L50, M|\n|poke|p2|Ceruledge, L50, M|\n|teampreview|3\n|\n|t:|1776063705\n|teamsize|p1|3\n|teamsize|p2|3\n|start\n|switch|p1a: Glimmora|Glimmora, L50, M|100/100\n|switch|p2a: Ceruledge|Ceruledge, L50, M|100/100\n|turn|1\n|\n|t:|1776063714\n|move|p1a: Glimmora|Power Gem|p2a: Ceruledge\n|-supereffective|p2a: Ceruledge|1\n|-damage|p2a: Ceruledge|2/100\n|move|p2a: Ceruledge|Swords Dance|p2a: Ceruledge\n|-boost|p2a: Ceruledge|atk|2\n|\n|upkeep\n|turn|2\n|\n|t:|1776063726\n|move|p2a: Ceruledge|Shadow Sneak|p1a: Glimmora\n|-damage|p1a: Glimmora|51/100\n|-activate|p1a: Glimmora|ability: Toxic Debris\n|-sidestart|p2: Kings_Uchiha|move: Toxic Spikes\n|move|p1a: Glimmora|Power Gem|p2a: Ceruledge\n|-supereffective|p2a: Ceruledge|1\n|-damage|p2a: Ceruledge|0 fnt\n|faint|p2a: Ceruledge\n|\n|upkeep\n|\n|t:|1776063737\n|switch|p2a: Lucario|Lucario, L50, F|100/100\n|turn|3\n|\n|t:|1776063743\n|detailschange|p2a: Lucario|Lucario-Mega, L50, F\n|-mega|p2a: Lucario|Lucario|Lucarionite\n|move|p2a: Lucario|Bullet Punch|p1a: Glimmora\n|-supereffective|p1a: Glimmora|1\n|-damage|p1a: Glimmora|0 fnt\n|-activate|p1a: Glimmora|ability: Toxic Debris\n|-sidestart|p2: Kings_Uchiha|move: Toxic Spikes\n|faint|p1a: Glimmora\n|\n|upkeep\n|\n|t:|1776063753\n|switch|p1a: Froslass|Froslass, L50, F|100/100\n|turn|4\n|\n|t:|1776063763\n|detailschange|p1a: Froslass|Froslass-Mega, L50, F\n|-mega|p1a: Froslass|Froslass|Froslassite\n|-weather|Snowscape|[from] ability: Snow Warning|[of] p1a: Froslass\n|move|p1a: Froslass|Shadow Ball|p2a: Lucario\n|-damage|p2a: Lucario|29/100\n|-unboost|p2a: Lucario|spd|1\n|move|p2a: Lucario|Swords Dance|p2a: Lucario\n|-boost|p2a: Lucario|atk|2\n|\n|-weather|Snowscape|[upkeep]\n|upkeep\n|turn|5\n|\n|t:|1776063775\n|move|p2a: Lucario|Bullet Punch|p1a: Froslass\n|-supereffective|p1a: Froslass|1\n|-damage|p1a: Froslass|0 fnt\n|faint|p1a: Froslass\n|\n|-weather|Snowscape|[upkeep]\n|upkeep\n|j| p74\n|\n|t:|1776063780\n|switch|p1a: Meowscarada|Meowscarada, L50, F|100/100\n|turn|6\n|\n|t:|1776063790\n|move|p2a: Lucario|Bullet Punch|p1a: Meowscarada\n|-damage|p1a: Meowscarada|10/100\n|move|p1a: Meowscarada|Triple Axel|p2a: Lucario\n|-start|p1a: Meowscarada|typechange|Ice|[from] ability: Protean\n|-resisted|p2a: Lucario|1\n|-damage|p2a: Lucario|22/100\n|-resisted|p2a: Lucario|1\n|-damage|p2a: Lucario|7/100\n|-resisted|p2a: Lucario|1\n|-damage|p2a: Lucario|0 fnt\n|faint|p2a: Lucario\n|-hitcount|p2: Lucario|3\n|\n|-weather|Snowscape|[upkeep]\n|upkeep\n|\n|t:|1776063804\n|switch|p2a: Slowking|Slowking-Galar, L50, M|100/100\n|-sideend|p2: Kings_Uchiha|move: Toxic Spikes|[of] p2a: Slowking\n|turn|7\n|\n|t:|1776063808\n|move|p1a: Meowscarada|Triple Axel|p2a: Slowking\n|-damage|p2a: Slowking|89/100\n|-damage|p2a: Slowking|65/100\n|-damage|p2a: Slowking|35/100\n|-enditem|p2a: Slowking|Sitrus Berry|[eat]\n|-heal|p2a: Slowking|59/100|[from] item: Sitrus Berry\n|-hitcount|p2a: Slowking|3\n|move|p2a: Slowking|Sludge Bomb|p1a: Meowscarada\n|-damage|p1a: Meowscarada|0 fnt\n|faint|p1a: Meowscarada\n|\n|win|Kings_Uchiha\n|raw|carbonlifeformmeme's rating: 1249 &rarr; <strong>1219</strong><br />(-30 for losing)\n|raw|Kings_Uchiha's rating: 1172 &rarr; <strong>1202</strong><br />(+30 for winning)\n|l|\u2606carbonlifeformmeme\n|player|p1|\n|l|\u2606Kings_Uchiha\n|player|p2|\n",
  "uploadtime": 1776063935,
  "views": 3,
  "formatid": "gen9championsbssregma",
  "rating": 1202,
  "private": 0,
  "password": null
}