{
  "id": "gen9championsbssregma-2582289462",
  "format": "[Gen 9 Champions] BSS Reg M-A",
  "players": [
    "Boriborino",
    "showwell"
  ],
  "log": "|j|\u2606Boriborino\n|j|\u2606showwell\n|t:|1776080196\n|gametype|singles\n|player|p1|Boriborino|bugcatcher-gen4dp|1139\n|player|p2|showwell|cynthia-gen4|1090\n|gen|9\n|tier|[Gen 9 Champions] BSS Reg M-A\n|rated|\n|rule|Species Clause: Limit one of each Pok\u00e9mon\n|rule|Item Clause: Limit 1 of each item\n|clearpoke\n|poke|p1|Greninja-*, L50, F|\n|poke|p1|Aegislash, L50, F|\n|poke|p1|Hydreigon, L50, M|\n|poke|p1|Meganium, L50, M|\n|poke|p1|Hippowdon, L50, F|\n|poke|p1|Excadrill, L50, M|\n|poke|p2|Aegislash, L50, M|\n|poke|p2|Hydreigon, L50, F|\n|poke|p2|Tyranitar, L50, F|\n|poke|p2|Rotom-Wash, L50|\n|poke|p2|Corviknight, L50, F|\n|poke|p2|Starmie, L50|\n|teampreview|3\n|inactive|Battle timer is ON: inactive players will automatically lose when time's up. (requested by Boriborino)\n|inactiveoff|Battle timer is now OFF.\n|inactive|Battle timer is ON: inactive players will automatically lose when time's up. (requested by Boriborino)\n|\n|t:|1776080408\n|teamsize|p1|3\n|teamsize|p2|3\n|start\n|switch|p1a: Aegislash|Aegislash, L50, F, shiny|100/100\n|switch|p2a: Corviknight|Corviknight, L50, F|100/100\n|-ability|p2a: Corviknight|Pressure\n|turn|1\n|\n|t:|1776080420\n|move|p2a: Corviknight|U-turn|p1a: Aegislash\n|-resisted|p1a: Aegislash|2\n|-damage|p1a: Aegislash|98/100\n|\n|t:|1776080426\n|switch|p2a: Rotom|Rotom-Wash, L50|100/100|[from] U-turn\n|-formechange|p1a: Aegislash|Aegislash-Blade|\n|move|p1a: Aegislash|Poltergeist|p2a: Rotom\n|-activate|p2a: Rotom|move: Poltergeist|Chesto Berry\n|-damage|p2a: Rotom|31/100\n|\n|-heal|p1a: Aegislash|100/100|[from] item: Leftovers\n|upkeep\n|turn|2\n|inactive|Boriborino has 30 seconds left.\n|\n|t:|1776080455\n|move|p1a: Aegislash|Shadow Sneak|p2a: Rotom\n|-damage|p2a: Rotom|4/100\n|move|p2a: Rotom|Hydro Pump|p1a: Aegislash|[miss]\n|-miss|p2a: Rotom|p1a: Aegislash\n|\n|upkeep\n|turn|3\n|\n|t:|1776080472\n|move|p1a: Aegislash|Shadow Sneak|p2a: Rotom\n|-damage|p2a: Rotom|0 fnt\n|faint|p2a: Rotom\n|\n|upkeep\n|\n|t:|1776080476\n|switch|p2a: Starmie|Starmie, L50|100/100\n|turn|4\n|\n|t:|1776080483\n|detailschange|p2a: Starmie|Starmie-Mega, L50\n|-mega|p2a: Starmie|Starmie|Starminite\n|-formechange|p1a: Aegislash|Aegislash|\n|move|p1a: Aegislash|King's Shield|p1a: Aegislash\n|-singleturn|p1a: Aegislash|Protect\n|move|p2a: Starmie|Liquidation|p1a: Aegislash\n|-activate|p1a: Aegislash|move: Protect\n|-unboost|p2a: Starmie|atk|1\n|\n|upkeep\n|turn|5\n|\n|t:|1776080493\n|switch|p2a: Corviknight|Corviknight, L50, F|100/100\n|-ability|p2a: Corviknight|Pressure\n|-formechange|p1a: Aegislash|Aegislash-Blade|\n|move|p1a: Aegislash|Poltergeist|p2a: Corviknight\n|-activate|p2a: Corviknight|move: Poltergeist|Leftovers\n|-crit|p2a: Corviknight\n|-damage|p2a: Corviknight|43/100\n|\n|-heal|p2a: Corviknight|49/100|[from] item: Leftovers\n|upkeep\n|turn|6\n|\n|t:|1776080507\n|move|p2a: Corviknight|Roost|p2a: Corviknight\n|-heal|p2a: Corviknight|99/100\n|-singleturn|p2a: Corviknight|move: Roost\n|move|p1a: Aegislash|Poltergeist|p2a: Corviknight\n|-activate|p2a: Corviknight|move: Poltergeist|Leftovers\n|-damage|p2a: Corviknight|55/100\n|\n|-heal|p2a: Corviknight|61/100|[from] item: Leftovers\n|upkeep\n|turn|7\n|\n|t:|1776080525\n|move|p2a: Corviknight|Iron Defense|p2a: Corviknight\n|-boost|p2a: Corviknight|def|2\n|move|p1a: Aegislash|Sacred Sword|p2a: Corviknight\n|-damage|p2a: Corviknight|38/100\n|\n|-heal|p2a: Corviknight|44/100|[from] item: Leftovers\n|upkeep\n|turn|8\n|l|\u2606showwell\n|inactive|showwell disconnected and has a minute to reconnect!\n|player|p2|\n|j|\u2606showwell\n|inactive|showwell reconnected and has 45 seconds left.\n|player|p2|showwell|cynthia-gen4|\n|\n|t:|1776080546\n|move|p2a: Corviknight|Roost|p2a: Corviknight\n|-heal|p2a: Corviknight|94/100\n|-singleturn|p2a: Corviknight|move: Roost\n|move|p1a: Aegislash|Sacred Sword|p2a: Corviknight\n|-supereffective|p2a: Corviknight|1\n|-damage|p2a: Corviknight|48/100\n|\n|-heal|p2a: Corviknight|54/100|[from] item: Leftovers\n|upkeep\n|turn|9\n|inactive|showwell has 30 seconds left.\n|inactive|showwell has 20 seconds left.\n|\n|t:|1776080584\n|move|p2a: Corviknight|Iron Defense|p2a: Corviknight\n|-boost|p2a: Corviknight|def|2\n|move|p1a: Aegislash|Sacred Sword|p2a: Corviknight\n|-damage|p2a: Corviknight|33/100\n|\n|-heal|p2a: Corviknight|39/100|[from] item: Leftovers\n|upkeep\n|turn|10\n|\n|t:|1776080601\n|move|p2a: Corviknight|Roost|p2a: Corviknight\n|-heal|p2a: Corviknight|89/100\n|-singleturn|p2a: Corviknight|move: Roost\n|move|p1a: Aegislash|Sacred Sword|p2a: Corviknight\n|-supereffective|p2a: Corviknight|1\n|-damage|p2a: Corviknight|45/100\n|\n|-heal|p2a: Corviknight|51/100|[from] item: Leftovers\n|upkeep\n|turn|11\n|inactive|showwell has 30 seconds left.\n|l|\u2606showwell\n|inactive|showwell disconnected and has a minute to reconnect!\n|player|p2|\n|j|\u2606showwell\n|inactive|showwell reconnected and has 25 seconds left.\n|player|p2|showwell|cynthia-gen4|\n|inactive|showwell has 20 seconds left.\n|inactive|showwell has 15 seconds left.\n|\n|t:|1776080644\n|move|p2a: Corviknight|Iron Defense|p2a: Corviknight\n|-boost|p2a: Corviknight|def|2\n|move|p1a: Aegislash|Poltergeist|p2a: Corviknight\n|-activate|p2a: Corviknight|move: Poltergeist|Leftovers\n|-damage|p2a: Corviknight|40/100\n|\n|-heal|p2a: Corviknight|45/100|[from] item: Leftovers\n|upkeep\n|turn|12\n|\n|t:|1776080660\n|move|p2a: Corviknight|Roost|p2a: Corviknight\n|-heal|p2a: Corviknight|96/100\n|-singleturn|p2a: Corviknight|move: Roost\n|move|p1a: Aegislash|Sacred Sword|p2a: Corviknight\n|-supereffective|p2a: Corviknight|1\n|-damage|p2a: Corviknight|49/100\n|\n|-heal|p2a: Corviknight|55/100|[from] item: Leftovers\n|upkeep\n|turn|13\n|\n|t:|1776080673\n|move|p2a: Corviknight|Body Press|p1a: Aegislash\n|-immune|p1a: Aegislash\n|move|p1a: Aegislash|Sacred Sword|p2a: Corviknight\n|-damage|p2a: Corviknight|34/100\n|\n|-heal|p2a: Corviknight|40/100|[from] item: Leftovers\n|upkeep\n|turn|14\n|\n|t:|1776080687\n|move|p2a: Corviknight|Body Press|p1a: Aegislash\n|-immune|p1a: Aegislash\n|move|p1a: Aegislash|Sacred Sword|p2a: Corviknight\n|-damage|p2a: Corviknight|16/100\n|\n|-heal|p2a: Corviknight|22/100|[from] item: Leftovers\n|upkeep\n|turn|15\n|\n|t:|1776080697\n|move|p2a: Corviknight|Roost|p2a: Corviknight\n|-heal|p2a: Corviknight|72/100\n|-singleturn|p2a: Corviknight|move: Roost\n|move|p1a: Aegislash|Sacred Sword|p2a: Corviknight\n|-supereffective|p2a: Corviknight|1\n|-damage|p2a: Corviknight|27/100\n|\n|-heal|p2a: Corviknight|33/100|[from] item: Leftovers\n|upkeep\n|turn|16\n|\n|t:|1776080711\n|switch|p1a: Hydreigon|Hydreigon, L50, M|100/100\n|move|p2a: Corviknight|Roost|p2a: Corviknight\n|-heal|p2a: Corviknight|83/100\n|-singleturn|p2a: Corviknight|move: Roost\n|\n|-heal|p2a: Corviknight|89/100|[from] item: Leftovers\n|upkeep\n|turn|17\n|\n|t:|1776080718\n|move|p1a: Hydreigon|Fire Blast|p2a: Corviknight|[miss]\n|-miss|p1a: Hydreigon|p2a: Corviknight\n|move|p2a: Corviknight|Body Press|p1a: Hydreigon\n|-supereffective|p1a: Hydreigon|1\n|-damage|p1a: Hydreigon|0 fnt\n|faint|p1a: Hydreigon\n|\n|-heal|p2a: Corviknight|95/100|[from] item: Leftovers\n|upkeep\n|c|\u2606Boriborino|\uff1f\uff1f\uff1f\n|\n|t:|1776080730\n|switch|p1a: Aegislash|Aegislash, L50, F, shiny|100/100\n|turn|18\n|c|\u2606showwell|yeah\n|\n|t:|1776080755\n|-formechange|p1a: Aegislash|Aegislash-Blade|\n|move|p1a: Aegislash|Shadow Sneak|p2a: Corviknight\n|-damage|p2a: Corviknight|91/100\n|move|p2a: Corviknight|Body Press|p1a: Aegislash\n|-immune|p1a: Aegislash\n|\n|-heal|p2a: Corviknight|97/100|[from] item: Leftovers\n|upkeep\n|turn|19\n|\n|t:|1776080765\n|move|p1a: Aegislash|Shadow Sneak|p2a: Corviknight\n|-damage|p2a: Corviknight|92/100\n|move|p2a: Corviknight|Body Press|p1a: Aegislash\n|-immune|p1a: Aegislash\n|\n|-heal|p2a: Corviknight|98/100|[from] item: Leftovers\n|upkeep\n|turn|20\n|\n|t:|1776080777\n|move|p2a: Corviknight|Iron Defense|p2a: Corviknight\n|-boost|p2a: Corviknight|def|0\n|move|p1a: Aegislash|Poltergeist|p2a: Corviknight\n|-activate|p2a: Corviknight|move: Poltergeist|Leftovers\n|-damage|p2a: Corviknight|88/100\n|\n|-heal|p2a: Corviknight|94/100|[from] item: Leftovers\n|upkeep\n|turn|21\n|\n|t:|1776080784\n|move|p1a: Aegislash|Shadow Sneak|p2a: Corviknight\n|-damage|p2a: Corviknight|89/100\n|move|p2a: Corviknight|Iron Defense|p2a: Corviknight\n|-boost|p2a: Corviknight|def|0\n|\n|-heal|p2a: Corviknight|95/100|[from] item: Leftovers\n|upkeep\n|turn|22\n|\n|t:|1776080790\n|move|p1a: Aegislash|Shadow Sneak|p2a: Corviknight\n|-damage|p2a: Corviknight|91/100\n|move|p2a: Corviknight|Iron Defense|p2a: Corviknight\n|-boost|p2a: Corviknight|def|0\n|\n|-heal|p2a: Corviknight|97/100|[from] item: Leftovers\n|upkeep\n|turn|23\n|\n|t:|1776080800\n|move|p1a: Aegislash|Shadow Sneak|p2a: Corviknight\n|-damage|p2a: Corviknight|92/100\n|move|p2a: Corviknight|Iron Defense|p2a: Corviknight\n|-boost|p2a: Corviknight|def|0\n|\n|-heal|p2a: Corviknight|98/100|[from] item: Leftovers\n|upkeep\n|turn|24\n|\n|t:|1776080808\n|move|p1a: Aegislash|Shadow Sneak|p2a: Corviknight\n|-damage|p2a: Corviknight|93/100\n|move|p2a: Corviknight|Iron Defense|p2a: Corviknight\n|-boost|p2a: Corviknight|def|0\n|\n|-heal|p2a: Corviknight|99/100|[from] item: Leftovers\n|upkeep\n|turn|25\n|\n|t:|1776080816\n|move|p1a: Aegislash|Shadow Sneak|p2a: Corviknight\n|-damage|p2a: Corviknight|95/100\n|move|p2a: Corviknight|Iron Defense|p2a: Corviknight\n|-boost|p2a: Corviknight|def|0\n|\n|-heal|p2a: Corviknight|100/100|[from] item: Leftovers\n|upkeep\n|turn|26\n|\n|t:|1776080823\n|move|p1a: Aegislash|Shadow Sneak|p2a: Corviknight\n|-damage|p2a: Corviknight|97/100\n|move|p2a: Corviknight|Iron Defense|p2a: Corviknight\n|-boost|p2a: Corviknight|def|0\n|\n|-heal|p2a: Corviknight|100/100|[from] item: Leftovers\n|upkeep\n|turn|27\n|\n|t:|1776080829\n|move|p1a: Aegislash|Shadow Sneak|p2a: Corviknight\n|-damage|p2a: Corviknight|96/100\n|move|p2a: Corviknight|Body Press|p1a: Aegislash\n|-immune|p1a: Aegislash\n|\n|-heal|p2a: Corviknight|100/100|[from] item: Leftovers\n|upkeep\n|turn|28\n|\n|t:|1776080837\n|switch|p1a: Greninja|Greninja, L50, F, shiny|100/100\n|move|p2a: Corviknight|Body Press|p1a: Greninja\n|-supereffective|p1a: Greninja|1\n|-damage|p1a: Greninja|0 fnt\n|faint|p1a: Greninja\n|\n|upkeep\n|-message|Boriborino forfeited.\n|\n|win|showwell\n|raw|Boriborino's rating: 1139 &rarr; <strong>1110</strong><br />(-29 for losing)\n|raw|showwell's rating: 1090 &rarr; <strong>1120</strong><br />(+30 for winning)\n|l|\u2606Boriborino\n|player|p1|\n",
  "uploadtime": 1776080856,
  "views": 4,
  "formatid": "gen9championsbssregma",
  "rating": 1110,
  "private": 0,
  "password": null
}