{
  "id": "gen9championsbssregma-2580843342",
  "format": "[Gen 9 Champions] BSS Reg M-A",
  "players": [
    "klini",
    "Meteorplayz_"
  ],
  "log": "|j|\u2606klini\n|j|\u2606Meteorplayz_\n|t:|1775937021\n|gametype|singles\n|player|p1|klini|morgan|1103\n|player|p2|Meteorplayz_|winona-gen6|1077\n|gen|9\n|tier|[Gen 9 Champions] BSS Reg M-A\n|rated|\n|rule|Species Clause: Limit one of each Pok\u00e9mon\n|rule|Item Clause: Limit 1 of each item\n|clearpoke\n|poke|p1|Lopunny, L50, F|\n|poke|p1|Kleavor, L50, M|\n|poke|p1|Primarina, L50, F|\n|poke|p1|Dragapult, L50, F|\n|poke|p1|Kingambit, L50, F|\n|poke|p1|Ninetales-Alola, L50, F|\n|poke|p2|Meowscarada, L50, M|\n|poke|p2|Milotic, L50, F|\n|poke|p2|Aegislash, L50, M|\n|poke|p2|Dragonite, L50, F|\n|poke|p2|Slowking-Galar, L50, M|\n|poke|p2|Lopunny, L50, F|\n|teampreview|3\n|\n|t:|1775937045\n|teamsize|p1|3\n|teamsize|p2|3\n|start\n|switch|p1a: Kleavor|Kleavor, L50, M|100/100\n|switch|p2a: Dragonite|Dragonite, L50, F|100/100\n|turn|1\n|\n|t:|1775937053\n|move|p2a: Dragonite|Dragon Dance|p2a: Dragonite\n|-boost|p2a: Dragonite|atk|1\n|-boost|p2a: Dragonite|spe|1\n|move|p1a: Kleavor|Tailwind|p1a: Kleavor\n|-sidestart|p1: klini|move: Tailwind\n|\n|upkeep\n|turn|2\n|\n|t:|1775937058\n|move|p1a: Kleavor|Stone Axe|p2a: Dragonite|[miss]\n|-miss|p1a: Kleavor|p2a: Dragonite\n|move|p2a: Dragonite|Dragon Dance|p2a: Dragonite\n|-boost|p2a: Dragonite|atk|1\n|-boost|p2a: Dragonite|spe|1\n|\n|upkeep\n|turn|3\n|\n|t:|1775937061\n|move|p2a: Dragonite|Dragon Dance|p2a: Dragonite\n|-boost|p2a: Dragonite|atk|1\n|-boost|p2a: Dragonite|spe|1\n|move|p1a: Kleavor|Stone Axe|p2a: Dragonite\n|-supereffective|p2a: Dragonite|1\n|-damage|p2a: Dragonite|34/100\n|-sidestart|p2: Meteorplayz_|move: Stealth Rock\n|-enditem|p2a: Dragonite|Sitrus Berry|[eat]\n|-heal|p2a: Dragonite|58/100|[from] item: Sitrus Berry\n|\n|upkeep\n|turn|4\n|\n|t:|1775937064\n|move|p2a: Dragonite|Outrage|p1a: Kleavor\n|-enditem|p1a: Kleavor|Focus Sash\n|-damage|p1a: Kleavor|1/100\n|move|p1a: Kleavor|Stone Axe|p2a: Dragonite\n|-supereffective|p2a: Dragonite|1\n|-damage|p2a: Dragonite|0 fnt\n|faint|p2a: Dragonite\n|\n|-sideend|p1: klini|move: Tailwind\n|upkeep\n|\n|t:|1775937070\n|switch|p2a: Meowscarada|Meowscarada, L50, M|100/100\n|-damage|p2a: Meowscarada|89/100|[from] Stealth Rock\n|turn|5\n|\n|t:|1775937075\n|move|p2a: Meowscarada|Flower Trick|p1a: Kleavor\n|-start|p2a: Meowscarada|typechange|Grass|[from] ability: Protean\n|-crit|p1a: Kleavor\n|-damage|p1a: Kleavor|0 fnt\n|faint|p1a: Kleavor\n|\n|upkeep\n|\n|t:|1775937079\n|switch|p1a: Ninetales|Ninetales-Alola, L50, F|100/100\n|turn|6\n|\n|t:|1775937083\n|move|p2a: Meowscarada|Flower Trick|p1a: Ninetales\n|-crit|p1a: Ninetales\n|-damage|p1a: Ninetales|43/100\n|move|p1a: Ninetales|Aurora Veil||[still]\n|-fail|p1a: Ninetales\n|\n|upkeep\n|turn|7\n|-message|klini forfeited.\n|\n|win|Meteorplayz_\n|raw|klini's rating: 1103 &rarr; <strong>1076</strong><br />(-27 for losing)\n|raw|Meteorplayz_'s rating: 1077 &rarr; <strong>1108</strong><br />(+31 for winning)\n",
  "uploadtime": 1775937091,
  "views": 22,
  "formatid": "gen9championsbssregma",
  "rating": 1076,
  "private": 0,
  "password": null
}