{
  "id": "gen9championsbssregma-2585283538",
  "format": "[Gen 9 Champions] BSS Reg M-A",
  "players": [
    "lovrillo",
    "Oshawottpoke"
  ],
  "log": "|j|\u2606lovrillo\n|j|\u2606Oshawottpoke\n|t:|1776333628\n|gametype|singles\n|player|p1|lovrillo|266|1353\n|player|p2|Oshawottpoke|265|1435\n|gen|9\n|tier|[Gen 9 Champions] BSS Reg M-A\n|rated|\n|rule|Species Clause: Limit one of each Pok\u00e9mon\n|rule|Item Clause: Limit 1 of each item\n|clearpoke\n|poke|p1|Garchomp, L50, M|\n|poke|p1|Umbreon, L50, F|\n|poke|p1|Gengar, L50, F|\n|poke|p1|Glimmora, L50, F|\n|poke|p1|Toxapex, L50, M|\n|poke|p1|Rotom-Heat, L50|\n|poke|p2|Floette-Eternal, L50, F|\n|poke|p2|Aegislash, L50, M|\n|poke|p2|Garchomp, L50, F|\n|poke|p2|Vaporeon, L50, M|\n|poke|p2|Dragonite, L50, F|\n|poke|p2|Kingambit, L50, M|\n|teampreview|3\n|j| p74\n|\n|t:|1776333674\n|teamsize|p1|3\n|teamsize|p2|3\n|start\n|switch|p1a: Glimmora|Glimmora, L50, F|100/100\n|switch|p2a: Garchomp|Garchomp, L50, F|100/100\n|turn|1\n|\n|t:|1776333686\n|move|p2a: Garchomp|Earthquake|p1a: Glimmora\n|-supereffective|p1a: Glimmora|2\n|-enditem|p1a: Glimmora|Focus Sash\n|-damage|p1a: Glimmora|1/100\n|-activate|p1a: Glimmora|ability: Toxic Debris\n|-sidestart|p2: Oshawottpoke|move: Toxic Spikes\n|move|p1a: Glimmora|Stealth Rock|p2a: Garchomp\n|-sidestart|p2: Oshawottpoke|move: Stealth Rock\n|\n|upkeep\n|turn|2\n|\n|t:|1776333705\n|move|p2a: Garchomp|Scale Shot|p1a: Glimmora\n|-damage|p1a: Glimmora|0 fnt\n|-activate|p1a: Glimmora|ability: Toxic Debris\n|-sidestart|p2: Oshawottpoke|move: Toxic Spikes\n|faint|p1a: Glimmora\n|-hitcount|p1: Glimmora|1\n|-unboost|p2a: Garchomp|def|1\n|-boost|p2a: Garchomp|spe|1\n|\n|upkeep\n|\n|t:|1776333710\n|switch|p1a: Umbreon|Umbreon, L50, F, shiny|100/100\n|turn|3\n|\n|t:|1776333735\n|switch|p2a: Floette|Floette-Eternal, L50, F|100/100\n|-status|p2a: Floette|tox\n|-damage|p2a: Floette|89/100 tox|[from] Stealth Rock\n|move|p1a: Umbreon|Yawn||[still]\n|-fail|p1a: Umbreon\n|\n|-damage|p2a: Floette|83/100 tox|[from] psn\n|upkeep\n|turn|4\n|\n|t:|1776333762\n|detailschange|p2a: Floette|Floette-Mega, L50, F\n|-mega|p2a: Floette|Floette|Floettite\n|-ability|p2a: Floette|Fairy Aura\n|move|p1a: Umbreon|Protect|p1a: Umbreon\n|-singleturn|p1a: Umbreon|Protect\n|move|p2a: Floette|Moonblast|p1a: Umbreon\n|-activate|p1a: Umbreon|move: Protect\n|\n|-damage|p2a: Floette|72/100 tox|[from] psn\n|upkeep\n|turn|5\n|\n|t:|1776333770\n|switch|p1a: Gengar|Gengar, L50, F, shiny|100/100\n|move|p2a: Floette|Moonblast|p1a: Gengar\n|-resisted|p1a: Gengar|1\n|-damage|p1a: Gengar|36/100\n|\n|-damage|p2a: Floette|55/100 tox|[from] psn\n|upkeep\n|turn|6\n|\n|t:|1776333807\n|switch|p2a: Kingambit|Kingambit, L50, M|100/100\n|-damage|p2a: Kingambit|95/100|[from] Stealth Rock\n|detailschange|p1a: Gengar|Gengar-Mega, L50, F, shiny\n|-mega|p1a: Gengar|Gengar|Gengarite\n|move|p1a: Gengar|Sludge Wave|p2a: Kingambit\n|-immune|p2a: Kingambit\n|\n|upkeep\n|turn|7\n|\n|t:|1776333824\n|move|p2a: Kingambit|Sucker Punch||[still]\n|-fail|p2a: Kingambit\n|move|p1a: Gengar|Substitute|p1a: Gengar\n|-start|p1a: Gengar|Substitute\n|-damage|p1a: Gengar|11/100\n|\n|upkeep\n|turn|8\n|\n|t:|1776333828\n|move|p2a: Kingambit|Sucker Punch|p1a: Gengar\n|-supereffective|p1a: Gengar|1\n|-end|p1a: Gengar|Substitute\n|move|p1a: Gengar|Focus Blast|p2a: Kingambit|[miss]\n|-miss|p1a: Gengar|p2a: Kingambit\n|\n|upkeep\n|turn|9\n|\n|t:|1776333833\n|switch|p1a: Umbreon|Umbreon, L50, F, shiny|100/100\n|move|p2a: Kingambit|Sucker Punch||[still]\n|-fail|p2a: Kingambit\n|\n|upkeep\n|turn|10\n|\n|t:|1776333855\n|move|p2a: Kingambit|Taunt|p1a: Umbreon\n|-start|p1a: Umbreon|move: Taunt\n|cant|p1a: Umbreon|move: Taunt|Wish\n|\n|upkeep\n|turn|11\n|\n|t:|1776333861\n|move|p2a: Kingambit|Kowtow Cleave|p1a: Umbreon\n|-resisted|p1a: Umbreon|1\n|-damage|p1a: Umbreon|82/100\n|move|p1a: Umbreon|Foul Play|p2a: Kingambit\n|-resisted|p2a: Kingambit|1\n|-damage|p2a: Kingambit|69/100\n|\n|-heal|p1a: Umbreon|88/100|[from] item: Leftovers\n|upkeep\n|turn|12\n|\n|t:|1776333875\n|-end|p2a: Kingambit|fallenundefined|[silent]\n|switch|p2a: Floette|Floette-Mega, L50, F|55/100 tox\n|-damage|p2a: Floette|43/100 tox|[from] Stealth Rock\n|-ability|p2a: Floette|Fairy Aura\n|move|p1a: Umbreon|Foul Play|p2a: Floette\n|-resisted|p2a: Floette|1\n|-crit|p2a: Floette\n|-damage|p2a: Floette|18/100 tox\n|\n|-heal|p1a: Umbreon|94/100|[from] item: Leftovers\n|-damage|p2a: Floette|12/100 tox|[from] psn\n|-end|p1a: Umbreon|move: Taunt\n|upkeep\n|turn|13\n|\n|t:|1776333886\n|move|p1a: Umbreon|Protect|p1a: Umbreon\n|-singleturn|p1a: Umbreon|Protect\n|move|p2a: Floette|Draining Kiss|p1a: Umbreon\n|-activate|p1a: Umbreon|move: Protect\n|\n|-heal|p1a: Umbreon|99/100|[from] item: Leftovers\n|-damage|p2a: Floette|1/100 tox|[from] psn\n|upkeep\n|turn|14\n|\n|t:|1776333897\n|switch|p1a: Gengar|Gengar-Mega, L50, F, shiny|11/100\n|move|p2a: Floette|Draining Kiss|p1a: Gengar\n|-resisted|p1a: Gengar|1\n|-damage|p1a: Gengar|0 fnt\n|-heal|p2a: Floette|8/100 tox|[from] drain|[of] p1a: Gengar\n|faint|p1a: Gengar\n|\n|-damage|p2a: Floette|0 fnt|[from] psn\n|faint|p2a: Floette\n|upkeep\n|\n|t:|1776333905\n|switch|p1a: Umbreon|Umbreon, L50, F, shiny|99/100\n|switch|p2a: Kingambit|Kingambit, L50, M|69/100\n|-damage|p2a: Kingambit|63/100|[from] Stealth Rock\n|-activate|p2a: Kingambit|ability: Supreme Overlord\n|-start|p2a: Kingambit|fallen1|[silent]\n|turn|15\n|\n|t:|1776333938\n|move|p2a: Kingambit|Taunt|p1a: Umbreon\n|-start|p1a: Umbreon|move: Taunt\n|move|p1a: Umbreon|Foul Play|p2a: Kingambit\n|-resisted|p2a: Kingambit|1\n|-damage|p2a: Kingambit|38/100\n|\n|-heal|p1a: Umbreon|100/100|[from] item: Leftovers\n|upkeep\n|turn|16\n|\n|t:|1776333944\n|move|p2a: Kingambit|Kowtow Cleave|p1a: Umbreon\n|-resisted|p1a: Umbreon|1\n|-damage|p1a: Umbreon|80/100\n|move|p1a: Umbreon|Foul Play|p2a: Kingambit\n|-resisted|p2a: Kingambit|1\n|-damage|p2a: Kingambit|12/100\n|\n|-heal|p1a: Umbreon|86/100|[from] item: Leftovers\n|upkeep\n|turn|17\n|j| weakertt\n|\n|t:|1776333965\n|move|p2a: Kingambit|Kowtow Cleave|p1a: Umbreon\n|-resisted|p1a: Umbreon|1\n|-damage|p1a: Umbreon|65/100\n|move|p1a: Umbreon|Foul Play|p2a: Kingambit\n|-resisted|p2a: Kingambit|1\n|-damage|p2a: Kingambit|0 fnt\n|faint|p2a: Kingambit\n|-end|p2a: Kingambit|fallen1|[silent]\n|\n|-heal|p1a: Umbreon|71/100|[from] item: Leftovers\n|-end|p1a: Umbreon|move: Taunt\n|upkeep\n|\n|t:|1776333968\n|switch|p2a: Garchomp|Garchomp, L50, F|100/100\n|-status|p2a: Garchomp|tox\n|-damage|p2a: Garchomp|94/100 tox|[from] Stealth Rock\n|turn|18\n|\n|t:|1776333975\n|move|p2a: Garchomp|Earthquake|p1a: Umbreon\n|-damage|p1a: Umbreon|41/100\n|move|p1a: Umbreon|Foul Play|p2a: Garchomp\n|-damage|p2a: Garchomp|40/100 tox\n|-damage|p1a: Umbreon|29/100|[from] ability: Rough Skin|[of] p2a: Garchomp\n|\n|-heal|p1a: Umbreon|35/100|[from] item: Leftovers\n|-damage|p2a: Garchomp|34/100 tox|[from] psn\n|upkeep\n|turn|19\n|\n|t:|1776333990\n|move|p2a: Garchomp|Scale Shot|p1a: Umbreon\n|-damage|p1a: Umbreon|26/100\n|-damage|p1a: Umbreon|18/100\n|-damage|p1a: Umbreon|10/100\n|-hitcount|p1a: Umbreon|3\n|-unboost|p2a: Garchomp|def|1\n|-boost|p2a: Garchomp|spe|1\n|move|p1a: Umbreon|Foul Play|p2a: Garchomp\n|-damage|p2a: Garchomp|0 fnt\n|-damage|p1a: Umbreon|0 fnt|[from] ability: Rough Skin|[of] p2a: Garchomp\n|faint|p2a: Garchomp\n|faint|p1a: Umbreon\n|\n|win|lovrillo\n|raw|lovrillo's rating: 1300 &rarr; <strong>1334</strong><br />(+34 for winning)\n|raw|Oshawottpoke's rating: 1435 &rarr; <strong>1408</strong><br />(-27 for losing)\n|l|\u2606lovrillo\n|player|p1|\n|l| weakertt\n",
  "uploadtime": 1776334394,
  "views": 6,
  "formatid": "gen9championsbssregma",
  "rating": 1334,
  "private": 0,
  "password": null
}