{
  "id": "gen9championsbssregma-2581450759",
  "format": "[Gen 9 Champions] BSS Reg M-A",
  "players": [
    "tanakon",
    "misakamikoto 9982"
  ],
  "log": "|j|\u2606tanakon\n|j|\u2606misakamikoto 9982\n|t:|1776001663\n|gametype|singles\n|player|p1|tanakon|102|1205\n|player|p2|misakamikoto 9982|dawn|1196\n|gen|9\n|tier|[Gen 9 Champions] BSS Reg M-A\n|rated|\n|rule|Species Clause: Limit one of each Pok\u00e9mon\n|rule|Item Clause: Limit 1 of each item\n|clearpoke\n|poke|p1|Ditto, L50|\n|poke|p1|Garchomp, L50, M|\n|poke|p1|Gengar, L50, M|\n|poke|p1|Azumarill, L50, F|\n|poke|p1|Archaludon, L50, F|\n|poke|p1|Charizard, L50, M|\n|poke|p2|Pelipper, L50, M|\n|poke|p2|Archaludon, L50, M|\n|poke|p2|Garchomp, L50, M|\n|poke|p2|Basculegion, L50, M|\n|poke|p2|Meganium, L50, F|\n|poke|p2|Sneasler, L50, F|\n|teampreview|3\n|inactive|Battle timer is ON: inactive players will automatically lose when time's up. (requested by misakamikoto 9982)\n|inactive|tanakon has 60 seconds left.\n|\n|t:|1776001696\n|teamsize|p1|3\n|teamsize|p2|3\n|start\n|switch|p1a: Azumarill|Azumarill, L50, F|100/100\n|switch|p2a: Garchomp|Garchomp, L50, M|100/100\n|turn|1\n|\n|t:|1776001704\n|move|p2a: Garchomp|Stealth Rock|p1a: Azumarill\n|-sidestart|p1: tanakon|move: Stealth Rock\n|move|p1a: Azumarill|Play Rough|p2a: Garchomp\n|-supereffective|p2a: Garchomp|1\n|-damage|p2a: Garchomp|0 fnt\n|-damage|p1a: Azumarill|88/100|[from] ability: Rough Skin|[of] p2a: Garchomp\n|faint|p2a: Garchomp\n|\n|upkeep\n|\n|t:|1776001710\n|switch|p2a: Meganium|Meganium, L50, F, shiny|100/100\n|turn|2\n|j| don sax 22\n|\n|t:|1776001718\n|switch|p1a: Gengar|Gengar, L50, M|100/100\n|-damage|p1a: Gengar|88/100|[from] Stealth Rock\n|detailschange|p2a: Meganium|Meganium-Mega, L50, F, shiny\n|-mega|p2a: Meganium|Meganium|Meganiumite\n|move|p2a: Meganium|Solar Beam||[still]\n|-prepare|p2a: Meganium|Solar Beam\n|-activate|p2a: Meganium|ability: Mega Sol\n|-anim|p2a: Meganium|Solar Beam|p1a: Gengar\n|-resisted|p1a: Gengar|1\n|-damage|p1a: Gengar|33/100\n|\n|upkeep\n|turn|3\n|\n|t:|1776001732\n|switch|p2a: Basculegion|Basculegion, L50, M, shiny|100/100\n|detailschange|p1a: Gengar|Gengar-Mega, L50, M\n|-mega|p1a: Gengar|Gengar|Gengarite\n|move|p1a: Gengar|Sludge Wave|p2a: Basculegion\n|-resisted|p2a: Basculegion|1\n|-damage|p2a: Basculegion|65/100\n|\n|upkeep\n|turn|4\n|\n|t:|1776001747\n|switch|p1a: Azumarill|Azumarill, L50, F|88/100\n|-damage|p1a: Azumarill|76/100|[from] Stealth Rock\n|move|p2a: Basculegion|Flip Turn|p1a: Azumarill\n|-resisted|p1a: Azumarill|1\n|-crit|p1a: Azumarill\n|-damage|p1a: Azumarill|45/100\n|-enditem|p1a: Azumarill|Sitrus Berry|[eat]\n|-heal|p1a: Azumarill|70/100|[from] item: Sitrus Berry\n|\n|t:|1776001760\n|switch|p2a: Meganium|Meganium-Mega, L50, F, shiny|100/100|[from] Flip Turn\n|\n|upkeep\n|turn|5\n|j| crosschampion\n|inactive|tanakon has 30 seconds left.\n|inactive|tanakon has 20 seconds left.\n|inactive|tanakon has 15 seconds left.\n|inactive|tanakon has 10 seconds left.\n|inactive|tanakon has 5 seconds left.\n|\n|t:|1776001811\n|move|p2a: Meganium|Solar Beam||[still]\n|-prepare|p2a: Meganium|Solar Beam\n|-activate|p2a: Meganium|ability: Mega Sol\n|-anim|p2a: Meganium|Solar Beam|p1a: Azumarill\n|-supereffective|p1a: Azumarill|1\n|-damage|p1a: Azumarill|0 fnt\n|faint|p1a: Azumarill\n|\n|upkeep\n|\n|t:|1776001816\n|switch|p1a: Gengar|Gengar-Mega, L50, M|33/100\n|-damage|p1a: Gengar|21/100|[from] Stealth Rock\n|turn|6\n|\n|t:|1776001823\n|move|p1a: Gengar|Sludge Wave|p2a: Meganium\n|-supereffective|p2a: Meganium|2\n|-damage|p2a: Meganium|0 fnt\n|faint|p2a: Meganium\n|\n|upkeep\n|\n|t:|1776001825\n|switch|p2a: Basculegion|Basculegion, L50, M, shiny|65/100\n|turn|7\n|\n|t:|1776001831\n|move|p2a: Basculegion|Last Respects|p1a: Gengar\n|-supereffective|p1a: Gengar|1\n|-damage|p1a: Gengar|0 fnt\n|faint|p1a: Gengar\n|\n|upkeep\n|\n|t:|1776001834\n|switch|p1a: Ditto|Ditto, L50|100/100\n|-damage|p1a: Ditto|88/100|[from] Stealth Rock\n|-transform|p1a: Ditto|p2a: Basculegion|[from] ability: Imposter\n|turn|8\n|\n|t:|1776001841\n|move|p1a: Ditto|Last Respects|p2a: Basculegion\n|-supereffective|p2a: Basculegion|1\n|-damage|p2a: Basculegion|0 fnt\n|faint|p2a: Basculegion\n|\n|win|tanakon\n|raw|tanakon's rating: 1205 &rarr; <strong>1229</strong><br />(+24 for winning)\n|raw|misakamikoto 9982's rating: 1196 &rarr; <strong>1172</strong><br />(-24 for losing)\n|l|\u2606misakamikoto 9982\n|player|p2|\n",
  "uploadtime": 1776001851,
  "views": 8,
  "formatid": "gen9championsbssregma",
  "rating": 1172,
  "private": 0,
  "password": null
}