{
  "id": "gen9championsbssregma-2584839756",
  "format": "[Gen 9 Champions] BSS Reg M-A",
  "players": [
    "Mobileishard",
    "Ineedaonetype"
  ],
  "log": "|j|\u2606Mobileishard\n|j|\u2606Ineedaonetype\n|t:|1776287700\n|gametype|singles\n|player|p1|Mobileishard|1|1373\n|player|p2|Ineedaonetype|101|1351\n|gen|9\n|tier|[Gen 9 Champions] BSS Reg M-A\n|rated|\n|rule|Species Clause: Limit one of each Pok\u00e9mon\n|rule|Item Clause: Limit 1 of each item\n|clearpoke\n|poke|p1|Azumarill, L50, M|\n|poke|p1|Blastoise, L50, M|\n|poke|p1|Ditto, L50|\n|poke|p1|Reuniclus, L50, M|\n|poke|p1|Dragapult, L50, F|\n|poke|p1|Kleavor, L50, M|\n|poke|p2|Venusaur, L50, F|\n|poke|p2|Hydreigon, L50, F|\n|poke|p2|Corviknight, L50, F|\n|poke|p2|Meowscarada, L50, F|\n|poke|p2|Snorlax, L50, F|\n|poke|p2|Delphox, L50, F|\n|teampreview|3\n|inactive|Battle timer is ON: inactive players will automatically lose when time's up. (requested by Mobileishard)\n|j| p74\n|\n|t:|1776287716\n|teamsize|p1|3\n|teamsize|p2|3\n|start\n|switch|p1a: Dragapult|Dragapult, L50, F|100/100\n|switch|p2a: HYDRA|Hydreigon, L50, F|100/100\n|turn|1\n|\n|t:|1776287720\n|switch|p1a: Azumarill|Azumarill, L50, M|100/100\n|move|p2a: HYDRA|Dark Pulse|p1a: Azumarill\n|-resisted|p1a: Azumarill|1\n|-damage|p1a: Azumarill|79/100\n|\n|upkeep\n|turn|2\n|\n|t:|1776287728\n|switch|p2a: BIG STEPPA|Snorlax, L50, F|100/100\n|switch|p1a: Dragapult|Dragapult, L50, F|100/100\n|\n|upkeep\n|turn|3\n|\n|t:|1776287737\n|switch|p2a: HYDRA|Hydreigon, L50, F|100/100\n|move|p1a: Dragapult|Will-O-Wisp|p2a: HYDRA\n|-status|p2a: HYDRA|brn\n|\n|-damage|p2a: HYDRA|95/100 brn|[from] brn\n|upkeep\n|turn|4\n|j| huhyuhyuhyuh\n|\n|t:|1776287741\n|switch|p1a: Azumarill|Azumarill, L50, M|79/100\n|move|p2a: HYDRA|U-turn|p1a: Azumarill\n|-resisted|p1a: Azumarill|1\n|-damage|p1a: Azumarill|75/100\n|\n|t:|1776287746\n|switch|p2a: CIRCUS CONTRAPTION|Meowscarada, L50, F|100/100|[from] U-turn\n|\n|upkeep\n|turn|5\n|\n|t:|1776287752\n|move|p2a: CIRCUS CONTRAPTION|Flower Trick|p1a: Azumarill\n|-start|p2a: CIRCUS CONTRAPTION|typechange|Grass|[from] ability: Protean\n|-supereffective|p1a: Azumarill|1\n|-crit|p1a: Azumarill\n|-damage|p1a: Azumarill|0 fnt\n|faint|p1a: Azumarill\n|\n|upkeep\n|\n|t:|1776287755\n|switch|p1a: Dragapult|Dragapult, L50, F|100/100\n|turn|6\n|\n|t:|1776287768\n|move|p1a: Dragapult|Curse|p2a: CIRCUS CONTRAPTION\n|-start|p2a: CIRCUS CONTRAPTION|Curse|[of] p1a: Dragapult\n|-damage|p1a: Dragapult|51/100\n|move|p2a: CIRCUS CONTRAPTION|Triple Axel|p1a: Dragapult|[miss]\n|-miss|p2a: CIRCUS CONTRAPTION|p1a: Dragapult\n|\n|-damage|p2a: CIRCUS CONTRAPTION|76/100|[from] Curse\n|upkeep\n|turn|7\n|\n|t:|1776287781\n|switch|p2a: HYDRA|Hydreigon, L50, F|95/100 brn\n|move|p1a: Dragapult|Will-O-Wisp|p2a: HYDRA\n|-fail|p2a: HYDRA|brn\n|\n|-damage|p2a: HYDRA|89/100 brn|[from] brn\n|upkeep\n|turn|8\n|\n|t:|1776287785\n|move|p2a: HYDRA|Dark Pulse|p1a: Dragapult\n|-supereffective|p1a: Dragapult|1\n|-damage|p1a: Dragapult|0 fnt\n|faint|p1a: Dragapult\n|\n|-damage|p2a: HYDRA|83/100 brn|[from] brn\n|upkeep\n|\n|t:|1776287787\n|switch|p1a: Blastoise|Blastoise, L50, M|100/100\n|turn|9\n|\n|t:|1776287795\n|detailschange|p1a: Blastoise|Blastoise-Mega, L50, M\n|-mega|p1a: Blastoise|Blastoise|Blastoisinite\n|move|p2a: HYDRA|Dark Pulse|p1a: Blastoise\n|-crit|p1a: Blastoise\n|-damage|p1a: Blastoise|36/100\n|move|p1a: Blastoise|Shell Smash|p1a: Blastoise\n|-unboost|p1a: Blastoise|def|1\n|-unboost|p1a: Blastoise|spd|1\n|-boost|p1a: Blastoise|atk|2\n|-boost|p1a: Blastoise|spa|2\n|-boost|p1a: Blastoise|spe|2\n|\n|-damage|p2a: HYDRA|77/100 brn|[from] brn\n|upkeep\n|turn|10\n|\n|t:|1776287800\n|move|p1a: Blastoise|Aura Sphere|p2a: HYDRA\n|-supereffective|p2a: HYDRA|1\n|-damage|p2a: HYDRA|0 fnt\n|faint|p2a: HYDRA\n|\n|upkeep\n|\n|t:|1776287803\n|switch|p2a: BIG STEPPA|Snorlax, L50, F|100/100\n|turn|11\n|\n|t:|1776287809\n|move|p1a: Blastoise|Aura Sphere|p2a: BIG STEPPA\n|-supereffective|p2a: BIG STEPPA|1\n|-damage|p2a: BIG STEPPA|15/100\n|move|p2a: BIG STEPPA|Body Slam|p1a: Blastoise\n|-damage|p1a: Blastoise|0 fnt\n|faint|p1a: Blastoise\n|\n|win|Ineedaonetype\n|raw|Mobileishard's rating: 1373 &rarr; <strong>1352</strong><br />(-21 for losing)\n|raw|Ineedaonetype's rating: 1351 &rarr; <strong>1372</strong><br />(+21 for winning)\n|l|\u2606Mobileishard\n|player|p1|\n|l| huhyuhyuhyuh\n",
  "uploadtime": 1776287909,
  "views": 7,
  "formatid": "gen9championsbssregma",
  "rating": 1352,
  "private": 0,
  "password": null
}