{
  "id": "gen9championsbssregma-2585428874",
  "format": "[Gen 9 Champions] BSS Reg M-A",
  "players": [
    "darknightpt",
    "MiraidonGaming"
  ],
  "log": "|j|\u2606darknightpt\n|j|\u2606MiraidonGaming\n|t:|1776346665\n|gametype|singles\n|player|p1|darknightpt|sabrina|\n|player|p2|MiraidonGaming|lucas|\n|gen|9\n|tier|[Gen 9 Champions] BSS Reg M-A\n|rule|Species Clause: Limit one of each Pok\u00e9mon\n|rule|Item Clause: Limit 1 of each item\n|clearpoke\n|poke|p1|Gengar, L50, F|\n|poke|p1|Primarina, L50, F|\n|poke|p1|Garchomp, L50, F|\n|poke|p1|Corviknight, L50, M|\n|poke|p1|Lopunny, L50, M|\n|poke|p1|Meowscarada, L50, M|\n|poke|p2|Ninetales-Alola, L50, F|\n|poke|p2|Charizard, L50, M|\n|poke|p2|Scizor, L50, M|\n|poke|p2|Sinistcha, L50|\n|poke|p2|Rotom-Wash, L50|\n|poke|p2|Salazzle, L50, F|\n|teampreview|3\n|\n|t:|1776346713\n|teamsize|p1|3\n|teamsize|p2|3\n|start\n|switch|p1a: Garchomp|Garchomp, L50, F|100/100\n|switch|p2a: Put a brick in|Rotom-Wash, L50|100/100\n|turn|1\n|\n|t:|1776346720\n|move|p2a: Put a brick in|Hydro Pump|p1a: Garchomp\n|-damage|p1a: Garchomp|45/100\n|move|p1a: Garchomp|Stone Edge|p2a: Put a brick in\n|-crit|p2a: Put a brick in\n|-damage|p2a: Put a brick in|27/100\n|\n|upkeep\n|turn|2\n|\n|t:|1776346725\n|switch|p1a: Primarina|Primarina, L50, F|100/100\n|move|p2a: Put a brick in|Hydro Pump|p1a: Primarina\n|-resisted|p1a: Primarina|1\n|-damage|p1a: Primarina|81/100\n|\n|upkeep\n|turn|3\n|\n|t:|1776346730\n|switch|p2a: Vanity?|Ninetales-Alola, L50, F|100/100\n|-weather|Snowscape|[from] ability: Snow Warning|[of] p2a: Vanity?\n|move|p1a: Primarina|Calm Mind|p1a: Primarina\n|-boost|p1a: Primarina|spa|1\n|-boost|p1a: Primarina|spd|1\n|\n|-weather|Snowscape|[upkeep]\n|upkeep\n|turn|4\n|\n|t:|1776346746\n|switch|p1a: Gengar|Gengar, L50, F|100/100\n|move|p2a: Vanity?|Nasty Plot|p2a: Vanity?\n|-boost|p2a: Vanity?|spa|2\n|\n|-weather|Snowscape|[upkeep]\n|upkeep\n|turn|5\n|c|\u2606darknightpt|i didn't expect nasty plot\n|\n|t:|1776346770\n|detailschange|p1a: Gengar|Gengar-Mega, L50, F\n|-mega|p1a: Gengar|Gengar|Gengarite\n|move|p1a: Gengar|Sludge Wave|p2a: Vanity?\n|-supereffective|p2a: Vanity?|1\n|-enditem|p2a: Vanity?|Focus Sash\n|-damage|p2a: Vanity?|1/100\n|move|p2a: Vanity?|Freeze-Dry|p1a: Gengar\n|-damage|p1a: Gengar|30/100\n|\n|-weather|Snowscape|[upkeep]\n|upkeep\n|turn|6\n|c|\u2606MiraidonGaming|I should realistically be on Blizzard\n|c|\u2606MiraidonGaming|But then my Water MU gets even worse\n|\n|t:|1776346798\n|move|p1a: Gengar|Shadow Ball|p2a: Vanity?\n|-damage|p2a: Vanity?|0 fnt\n|faint|p2a: Vanity?\n|\n|-weather|Snowscape|[upkeep]\n|upkeep\n|\n|t:|1776346800\n|switch|p2a: Put a brick in|Rotom-Wash, L50|27/100\n|turn|7\n|c|\u2606darknightpt|i swapped out expecting encore\n|c|\u2606MiraidonGaming|Hmm\n|c|\u2606MiraidonGaming|Another 50/50\n|\n|t:|1776346822\n|switch|p1a: Garchomp|Garchomp, L50, F|45/100\n|move|p2a: Put a brick in|Hydro Pump|p1a: Garchomp\n|-damage|p1a: Garchomp|0 fnt\n|faint|p1a: Garchomp\n|\n|-weather|none\n|upkeep\n|\n|t:|1776346829\n|switch|p1a: Primarina|Primarina, L50, F|81/100\n|turn|8\n|\n|t:|1776346833\n|switch|p2a: Bruce|Charizard, L50, M|100/100\n|move|p1a: Primarina|Calm Mind|p1a: Primarina\n|-boost|p1a: Primarina|spa|1\n|-boost|p1a: Primarina|spd|1\n|\n|upkeep\n|turn|9\n|\n|t:|1776346842\n|detailschange|p2a: Bruce|Charizard-Mega-X, L50, M\n|-mega|p2a: Bruce|Charizard|Charizardite X\n|move|p2a: Bruce|Dragon Dance|p2a: Bruce\n|-boost|p2a: Bruce|atk|1\n|-boost|p2a: Bruce|spe|1\n|move|p1a: Primarina|Moonblast|p2a: Bruce\n|-damage|p2a: Bruce|22/100\n|\n|upkeep\n|turn|10\n|c|\u2606MiraidonGaming|Ow\n|\n|t:|1776346849\n|move|p2a: Bruce|Dragon Dance|p2a: Bruce\n|-boost|p2a: Bruce|atk|1\n|-boost|p2a: Bruce|spe|1\n|move|p1a: Primarina|Moonblast|p2a: Bruce\n|-damage|p2a: Bruce|0 fnt\n|faint|p2a: Bruce\n|\n|upkeep\n|c|\u2606MiraidonGaming|Ala\n|c|\u2606darknightpt|the greed\n|c|\u2606MiraidonGaming|Mischief\n|c|\u2606MiraidonGaming|Misplaced\n|c|\u2606MiraidonGaming|Misclicked\n|c|\u2606MiraidonGaming|Wanted to hit Flare Blitz\n|c|\u2606darknightpt|also mistyped\n|c|\u2606MiraidonGaming|Twice\n|c|\u2606MiraidonGaming|Wonder if that'd have made a difference\n|c|\u2606MiraidonGaming|You're on Sitrus I assume\n|\n|t:|1776346890\n|switch|p2a: Put a brick in|Rotom-Wash, L50|27/100\n|turn|11\n|\n|t:|1776346895\n|move|p2a: Put a brick in|Discharge|p1a: Primarina\n|-supereffective|p1a: Primarina|1\n|-damage|p1a: Primarina|38/100\n|-enditem|p1a: Primarina|Sitrus Berry|[eat]\n|-heal|p1a: Primarina|63/100|[from] item: Sitrus Berry\n|move|p1a: Primarina|Moonblast|p2a: Put a brick in\n|-damage|p2a: Put a brick in|0 fnt\n|faint|p2a: Put a brick in\n|\n|win|darknightpt\n|c|\u2606darknightpt|no because i'm sitrus\n|c|\u2606MiraidonGaming|43%, maybe\n|c|\u2606MiraidonGaming|Alas\n",
  "uploadtime": 1776346915,
  "views": 20,
  "formatid": "gen9championsbssregma",
  "rating": null,
  "private": 0,
  "password": null
}