{
  "id": "gen9championsbssregma-2581632192",
  "format": "[Gen 9 Champions] BSS Reg M-A",
  "players": [
    "adacus1",
    "Dahkniece"
  ],
  "log": "|j|\u2606adacus1\n|j|\u2606Dahkniece\n|t:|1776016601\n|gametype|singles\n|player|p1|adacus1|1|\n|player|p2|Dahkniece|phoebe-masters|\n|gen|9\n|tier|[Gen 9 Champions] BSS Reg M-A\n|rule|Species Clause: Limit one of each Pok\u00e9mon\n|rule|Item Clause: Limit 1 of each item\n|clearpoke\n|poke|p1|Delphox, L50, F|\n|poke|p1|Palafin, L50, F|\n|poke|p1|Meganium, L50, F|\n|poke|p1|Kingambit, L50, M|\n|poke|p1|Zoroark-Hisui, L50, F|\n|poke|p1|Dragapult, L50, M|\n|poke|p2|Dragapult, L50, M|\n|poke|p2|Primarina, L50, M|\n|poke|p2|Mimikyu, L50, F|\n|poke|p2|Aggron, L50, M|\n|poke|p2|Sneasler, L50, F|\n|poke|p2|Charizard, L50, F|\n|teampreview|3\n|\n|t:|1776016695\n|teamsize|p1|3\n|teamsize|p2|3\n|start\n|switch|p1a: Palafin|Palafin, L50, F|100/100\n|switch|p2a: Yuyuko|Mimikyu, L50, F, shiny|100/100\n|turn|1\n|\n|t:|1776016714\n|move|p2a: Yuyuko|Substitute|p2a: Yuyuko\n|-start|p2a: Yuyuko|Substitute\n|-damage|p2a: Yuyuko|75/100\n|move|p1a: Palafin|Flip Turn|p2a: Yuyuko\n|-end|p2a: Yuyuko|Substitute\n|\n|t:|1776016756\n|detailschange|p1a: Palafin|Palafin-Hero, L50, F\n|switch|p1a: Delphox|Delphox, L50, F|100/100|[from] Flip Turn\n|\n|upkeep\n|turn|2\n|\n|t:|1776016769\n|detailschange|p1a: Delphox|Delphox-Mega, L50, F\n|-mega|p1a: Delphox|Delphox|Delphoxite\n|move|p1a: Delphox|Fire Blast|p2a: Yuyuko\n|-activate|p2a: Yuyuko|ability: Disguise\n|-damage|p2a: Yuyuko|75/100\n|detailschange|p2a: Yuyuko|Mimikyu-Busted, L50, F, shiny\n|-damage|p2a: Yuyuko|63/100|[from] pokemon: Mimikyu-Busted\n|move|p2a: Yuyuko|Substitute|p2a: Yuyuko\n|-start|p2a: Yuyuko|Substitute\n|-damage|p2a: Yuyuko|38/100\n|\n|upkeep\n|turn|3\n|\n|t:|1776016784\n|move|p1a: Delphox|Psychic|p2a: Yuyuko\n|-end|p2a: Yuyuko|Substitute\n|move|p2a: Yuyuko|Pain Split|p1a: Delphox\n|-sethp|p1a: Delphox|67/100|[from] move: Pain Split|[silent]\n|-sethp|p2a: Yuyuko|77/100|[from] move: Pain Split\n|\n|upkeep\n|turn|4\n|\n|t:|1776016799\n|move|p1a: Delphox|Fire Blast|p2a: Yuyuko\n|-damage|p2a: Yuyuko|0 fnt\n|faint|p2a: Yuyuko\n|\n|upkeep\n|\n|t:|1776016821\n|switch|p2a: Cinder|Charizard, L50, F, shiny|100/100\n|turn|5\n|\n|t:|1776016841\n|detailschange|p2a: Cinder|Charizard-Mega-Y, L50, F, shiny\n|-mega|p2a: Cinder|Charizard|Charizardite Y\n|-weather|SunnyDay|[from] ability: Drought|[of] p2a: Cinder\n|move|p1a: Delphox|Nasty Plot|p1a: Delphox\n|-boost|p1a: Delphox|spa|2\n|move|p2a: Cinder|Overheat|p1a: Delphox\n|-resisted|p1a: Delphox|1\n|-damage|p1a: Delphox|10/100\n|-unboost|p2a: Cinder|spa|2\n|\n|-weather|SunnyDay|[upkeep]\n|upkeep\n|turn|6\n|\n|t:|1776016861\n|move|p1a: Delphox|Psychic|p2a: Cinder\n|-damage|p2a: Cinder|0 fnt\n|faint|p2a: Cinder\n|\n|-weather|SunnyDay|[upkeep]\n|upkeep\n|\n|t:|1776016866\n|switch|p2a: Larxene|Sneasler, L50, F|100/100\n|turn|7\n|\n|t:|1776016875\n|move|p2a: Larxene|Fake Out|p1a: Delphox\n|-damage|p1a: Delphox|0 fnt\n|faint|p1a: Delphox\n|\n|-weather|SunnyDay|[upkeep]\n|upkeep\n|\n|t:|1776016892\n|switch|p1a: Palafin|Palafin-Hero, L50, F|100/100\n|-activate|p1a: Palafin|ability: Zero to Hero\n|turn|8\n|\n|t:|1776016900\n|move|p2a: Larxene|Dire Claw|p1a: Palafin\n|-damage|p1a: Palafin|59/100\n|move|p1a: Palafin|Liquidation|p2a: Larxene\n|-damage|p2a: Larxene|57/100\n|\n|-weather|SunnyDay|[upkeep]\n|upkeep\n|turn|9\n|\n|t:|1776016913\n|move|p2a: Larxene|Close Combat|p1a: Palafin\n|-damage|p1a: Palafin|0 fnt\n|-unboost|p2a: Larxene|def|1\n|-unboost|p2a: Larxene|spd|1\n|faint|p1a: Palafin\n|\n|-weather|none\n|upkeep\n|\n|t:|1776016927\n|switch|p1a: Dragapult|Dragapult, L50, M|100/100\n|turn|10\n|\n|t:|1776016932\n|move|p1a: Dragapult|Outrage|p2a: Larxene\n|-damage|p2a: Larxene|0 fnt\n|faint|p2a: Larxene\n|\n|win|adacus1\n",
  "uploadtime": 1776016956,
  "views": 4,
  "formatid": "gen9championsbssregma",
  "rating": null,
  "private": 0,
  "password": null
}