{
  "id": "gen9championsbssregma-2585793892",
  "format": "[Gen 9 Champions] BSS Reg M-A",
  "players": [
    "harald283",
    "boopgoose"
  ],
  "log": "|j|\u2606harald283\n|j|\u2606boopgoose\n|t:|1776371088\n|gametype|singles\n|player|p1|harald283|drayden|1194\n|player|p2|boopgoose|rocketgruntf|1127\n|gen|9\n|tier|[Gen 9 Champions] BSS Reg M-A\n|rated|\n|rule|Species Clause: Limit one of each Pok\u00e9mon\n|rule|Item Clause: Limit 1 of each item\n|clearpoke\n|poke|p1|Hippowdon, L50, M|\n|poke|p1|Garchomp, L50, M|\n|poke|p1|Charizard, L50, M|\n|poke|p1|Aegislash, L50, M|\n|poke|p1|Glimmora, L50, M|\n|poke|p1|Corviknight, L50, M|\n|poke|p2|Orthworm, L50, M|\n|poke|p2|Mudsdale, L50, F|\n|poke|p2|Clefable, L50, F|\n|poke|p2|Hydrapple, L50, F|\n|poke|p2|Greninja-*, L50, M|\n|poke|p2|Pinsir, L50, F|\n|teampreview|3\n|\n|t:|1776371100\n|teamsize|p1|3\n|teamsize|p2|3\n|start\n|switch|p1a: Glimmora|Glimmora, L50, M, shiny|100/100\n|switch|p2a: Clefable|Clefable, L50, F|100/100\n|turn|1\n|\n|t:|1776371117\n|move|p1a: Glimmora|Stealth Rock|p2a: Clefable\n|-sidestart|p2: boopgoose|move: Stealth Rock\n|move|p2a: Clefable|Calm Mind|p2a: Clefable\n|-boost|p2a: Clefable|spa|1\n|-boost|p2a: Clefable|spd|1\n|\n|upkeep\n|turn|2\n|inactive|Battle timer is ON: inactive players will automatically lose when time's up. (requested by boopgoose)\n|\n|t:|1776371127\n|switch|p1a: Aegislash|Aegislash, L50, M, shiny|100/100\n|move|p2a: Clefable|Calm Mind|p2a: Clefable\n|-boost|p2a: Clefable|spa|1\n|-boost|p2a: Clefable|spd|1\n|\n|upkeep\n|turn|3\n|\n|t:|1776371134\n|move|p2a: Clefable|Baton Pass|p2a: Clefable\n|\n|t:|1776371140\n|switch|p2a: Hydrapple|Hydrapple, L50, F|100/100|[from] Baton Pass\n|-damage|p2a: Hydrapple|88/100|[from] Stealth Rock\n|-formechange|p1a: Aegislash|Aegislash-Blade|\n|move|p1a: Aegislash|Iron Head|p2a: Hydrapple\n|-damage|p2a: Hydrapple|68/100\n|\n|-heal|p2a: Hydrapple|74/100|[from] item: Leftovers\n|upkeep\n|turn|4\n|\n|t:|1776371152\n|-formechange|p1a: Aegislash|Aegislash|\n|move|p1a: Aegislash|King's Shield|p1a: Aegislash\n|-singleturn|p1a: Aegislash|Protect\n|move|p2a: Hydrapple|Earth Power|p1a: Aegislash\n|-activate|p1a: Aegislash|move: Protect\n|\n|-heal|p2a: Hydrapple|80/100|[from] item: Leftovers\n|upkeep\n|turn|5\n|\n|t:|1776371163\n|switch|p1a: Charizard|Charizard, L50, M, shiny|100/100\n|move|p2a: Hydrapple|Giga Drain|p1a: Charizard\n|-resisted|p1a: Charizard|2\n|-damage|p1a: Charizard|80/100\n|-heal|p2a: Hydrapple|88/100|[from] drain|[of] p1a: Charizard\n|\n|-heal|p2a: Hydrapple|94/100|[from] item: Leftovers\n|upkeep\n|turn|6\n|\n|t:|1776371177\n|detailschange|p1a: Charizard|Charizard-Mega-Y, L50, M, shiny\n|-mega|p1a: Charizard|Charizard|Charizardite Y\n|-weather|SunnyDay|[from] ability: Drought|[of] p1a: Charizard\n|move|p1a: Charizard|Hurricane|p2a: Hydrapple|[miss]\n|-miss|p1a: Charizard|p2a: Hydrapple\n|move|p2a: Hydrapple|Draco Meteor|p1a: Charizard\n|-damage|p1a: Charizard|0 fnt\n|-unboost|p2a: Hydrapple|spa|2\n|faint|p1a: Charizard\n|\n|-weather|SunnyDay|[upkeep]\n|-heal|p2a: Hydrapple|99/100|[from] item: Leftovers\n|upkeep\n|\n|t:|1776371191\n|switch|p1a: Glimmora|Glimmora, L50, M, shiny|100/100\n|turn|7\n|\n|t:|1776371197\n|move|p1a: Glimmora|Mortal Spin|p2a: Hydrapple\n|-supereffective|p2a: Hydrapple|1\n|-damage|p2a: Hydrapple|91/100\n|-status|p2a: Hydrapple|psn\n|move|p2a: Hydrapple|Earth Power|p1a: Glimmora\n|-supereffective|p1a: Glimmora|2\n|-enditem|p1a: Glimmora|Focus Sash\n|-damage|p1a: Glimmora|1/100\n|\n|-weather|SunnyDay|[upkeep]\n|-heal|p2a: Hydrapple|97/100 psn|[from] item: Leftovers\n|-damage|p2a: Hydrapple|84/100 psn|[from] psn\n|upkeep\n|turn|8\n|\n|t:|1776371212\n|move|p1a: Glimmora|Spiky Shield|p1a: Glimmora\n|-singleturn|p1a: Glimmora|move: Protect\n|move|p2a: Hydrapple|Giga Drain|p1a: Glimmora\n|-activate|p1a: Glimmora|move: Protect\n|\n|-weather|SunnyDay|[upkeep]\n|-heal|p2a: Hydrapple|91/100 psn|[from] item: Leftovers\n|-damage|p2a: Hydrapple|78/100 psn|[from] psn\n|upkeep\n|turn|9\n|\n|t:|1776371227\n|move|p1a: Glimmora|Stone Edge|p2a: Hydrapple\n|-damage|p2a: Hydrapple|59/100 psn\n|move|p2a: Hydrapple|Earth Power|p1a: Glimmora\n|-supereffective|p1a: Glimmora|2\n|-damage|p1a: Glimmora|0 fnt\n|faint|p1a: Glimmora\n|\n|-weather|SunnyDay|[upkeep]\n|-heal|p2a: Hydrapple|65/100 psn|[from] item: Leftovers\n|-damage|p2a: Hydrapple|53/100 psn|[from] psn\n|upkeep\n|\n|t:|1776371239\n|switch|p1a: Aegislash|Aegislash, L50, M, shiny|100/100\n|turn|10\n|\n|t:|1776371246\n|move|p1a: Aegislash|King's Shield|p1a: Aegislash\n|-singleturn|p1a: Aegislash|Protect\n|move|p2a: Hydrapple|Earth Power|p1a: Aegislash\n|-activate|p1a: Aegislash|move: Protect\n|\n|-weather|none\n|-heal|p2a: Hydrapple|59/100 psn|[from] item: Leftovers\n|-damage|p2a: Hydrapple|47/100 psn|[from] psn\n|upkeep\n|turn|11\n|\n|t:|1776371257\n|-formechange|p1a: Aegislash|Aegislash-Blade|\n|move|p1a: Aegislash|Poltergeist|p2a: Hydrapple\n|-activate|p2a: Hydrapple|move: Poltergeist|Leftovers\n|-damage|p2a: Hydrapple|19/100 psn\n|move|p2a: Hydrapple|Earth Power|p1a: Aegislash\n|-supereffective|p1a: Aegislash|1\n|-damage|p1a: Aegislash|44/100\n|\n|-heal|p1a: Aegislash|50/100|[from] item: Leftovers\n|-heal|p2a: Hydrapple|25/100 psn|[from] item: Leftovers\n|-damage|p2a: Hydrapple|12/100 psn|[from] psn\n|upkeep\n|turn|12\n|\n|t:|1776371272\n|-formechange|p1a: Aegislash|Aegislash|\n|move|p1a: Aegislash|King's Shield|p1a: Aegislash\n|-singleturn|p1a: Aegislash|Protect\n|move|p2a: Hydrapple|Nasty Plot|p2a: Hydrapple\n|-boost|p2a: Hydrapple|spa|2\n|\n|-heal|p1a: Aegislash|56/100|[from] item: Leftovers\n|-heal|p2a: Hydrapple|19/100 psn|[from] item: Leftovers\n|-damage|p2a: Hydrapple|6/100 psn|[from] psn\n|upkeep\n|turn|13\n|\n|t:|1776371284\n|-formechange|p1a: Aegislash|Aegislash-Blade|\n|move|p1a: Aegislash|Shadow Sneak|p2a: Hydrapple\n|-damage|p2a: Hydrapple|0 fnt\n|faint|p2a: Hydrapple\n|\n|-heal|p1a: Aegislash|62/100|[from] item: Leftovers\n|upkeep\n|\n|t:|1776371296\n|switch|p2a: Greninja|Greninja, L50, M|100/100\n|-damage|p2a: Greninja|88/100|[from] Stealth Rock\n|turn|14\n|\n|t:|1776371311\n|detailschange|p2a: Greninja|Greninja-Mega, L50, M\n|-mega|p2a: Greninja|Greninja|Greninjite\n|-formechange|p1a: Aegislash|Aegislash|\n|move|p1a: Aegislash|King's Shield|p1a: Aegislash\n|-singleturn|p1a: Aegislash|Protect\n|move|p2a: Greninja|Hydro Pump|p1a: Aegislash\n|-start|p2a: Greninja|typechange|Water|[from] ability: Protean\n|-activate|p1a: Aegislash|move: Protect\n|\n|-heal|p1a: Aegislash|68/100|[from] item: Leftovers\n|upkeep\n|turn|15\n|\n|t:|1776371324\n|move|p2a: Greninja|Hydro Pump|p1a: Aegislash\n|-damage|p1a: Aegislash|33/100\n|-formechange|p1a: Aegislash|Aegislash-Blade|\n|move|p1a: Aegislash|Poltergeist|p2a: Greninja\n|-activate|p2a: Greninja|move: Poltergeist|Greninjite\n|-damage|p2a: Greninja|12/100\n|\n|-heal|p1a: Aegislash|39/100|[from] item: Leftovers\n|upkeep\n|turn|16\n|\n|t:|1776371342\n|switch|p2a: Clefable|Clefable, L50, F|100/100\n|move|p1a: Aegislash|Shadow Sneak|p2a: Clefable\n|-damage|p2a: Clefable|86/100\n|\n|-heal|p1a: Aegislash|45/100|[from] item: Leftovers\n|upkeep\n|turn|17\n|\n|t:|1776371354\n|-formechange|p1a: Aegislash|Aegislash|\n|move|p1a: Aegislash|King's Shield|p1a: Aegislash\n|-singleturn|p1a: Aegislash|Protect\n|move|p2a: Clefable|Moonblast|p1a: Aegislash\n|-activate|p1a: Aegislash|move: Protect\n|\n|-heal|p1a: Aegislash|51/100|[from] item: Leftovers\n|upkeep\n|turn|18\n|\n|t:|1776371364\n|move|p2a: Clefable|Moonblast|p1a: Aegislash\n|-resisted|p1a: Aegislash|1\n|-damage|p1a: Aegislash|41/100\n|-formechange|p1a: Aegislash|Aegislash-Blade|\n|move|p1a: Aegislash|Iron Head|p2a: Clefable\n|-supereffective|p2a: Clefable|1\n|-damage|p2a: Clefable|23/100\n|\n|-heal|p1a: Aegislash|47/100|[from] item: Leftovers\n|upkeep\n|turn|19\n|\n|t:|1776371375\n|-formechange|p1a: Aegislash|Aegislash|\n|move|p1a: Aegislash|King's Shield|p1a: Aegislash\n|-singleturn|p1a: Aegislash|Protect\n|move|p2a: Clefable|Calm Mind|p2a: Clefable\n|-boost|p2a: Clefable|spa|1\n|-boost|p2a: Clefable|spd|1\n|\n|-heal|p1a: Aegislash|53/100|[from] item: Leftovers\n|upkeep\n|turn|20\n|\n|t:|1776371385\n|move|p2a: Clefable|Moonblast|p1a: Aegislash\n|-resisted|p1a: Aegislash|1\n|-damage|p1a: Aegislash|38/100\n|-unboost|p1a: Aegislash|spa|1\n|-formechange|p1a: Aegislash|Aegislash-Blade|\n|move|p1a: Aegislash|Iron Head|p2a: Clefable\n|-supereffective|p2a: Clefable|1\n|-damage|p2a: Clefable|0 fnt\n|faint|p2a: Clefable\n|\n|-heal|p1a: Aegislash|44/100|[from] item: Leftovers\n|upkeep\n|\n|t:|1776371397\n|switch|p2a: Greninja|Greninja-Mega, L50, M|12/100\n|-damage|p2a: Greninja|0 fnt|[from] Stealth Rock\n|faint|p2a: Greninja\n|\n|win|harald283\n|raw|harald283's rating: 1194 &rarr; <strong>1214</strong><br />(+20 for winning)\n|raw|boopgoose's rating: 1127 &rarr; <strong>1107</strong><br />(-20 for losing)\n|c|\u2606boopgoose|ggs\n",
  "uploadtime": 1776371404,
  "views": 8,
  "formatid": "gen9championsbssregma",
  "rating": 1107,
  "private": 0,
  "password": null
}