{
  "id": "gen9championsbssregma-2584371310",
  "format": "[Gen 9 Champions] BSS Reg M-A",
  "players": [
    "Mikeflem12326171",
    "KshAetchup"
  ],
  "log": "|j|\u2606Mikeflem12326171\n|j|\u2606KshAetchup\n|t:|1776255743\n|gametype|singles\n|player|p1|Mikeflem12326171|colress|1128\n|player|p2|KshAetchup|caitlin|1036\n|gen|9\n|tier|[Gen 9 Champions] BSS Reg M-A\n|rated|\n|rule|Species Clause: Limit one of each Pok\u00e9mon\n|rule|Item Clause: Limit 1 of each item\n|clearpoke\n|poke|p1|Pelipper, L50, F|\n|poke|p1|Greninja-*, L50, M|\n|poke|p1|Basculegion, L50, M|\n|poke|p1|Rotom-Wash, L50|\n|poke|p1|Clefable, L50, F|\n|poke|p1|Lopunny, L50, M|\n|poke|p2|Meganium, L50, M|\n|poke|p2|Garchomp, L50, F|\n|poke|p2|Rotom-Wash, L50|\n|poke|p2|Corviknight, L50, M|\n|poke|p2|Excadrill, L50, M|\n|poke|p2|Tyranitar, L50, M|\n|teampreview|3\n|\n|t:|1776255755\n|teamsize|p1|3\n|teamsize|p2|3\n|start\n|switch|p1a: Rotom|Rotom-Wash, L50, shiny|100/100\n|switch|p2a: Rotom|Rotom-Wash, L50|100/100\n|turn|1\n|\n|t:|1776255760\n|move|p2a: Rotom|Volt Switch|p1a: Rotom\n|-damage|p1a: Rotom|72/100\n|\n|t:|1776255763\n|switch|p2a: Godzilla|Tyranitar, L50, M|100/100|[from] Volt Switch\n|-weather|Sandstorm|[from] ability: Sand Stream|[of] p2a: Godzilla\n|move|p1a: Rotom|Will-O-Wisp|p2a: Godzilla\n|-status|p2a: Godzilla|brn\n|\n|-weather|Sandstorm|[upkeep]\n|-damage|p1a: Rotom|66/100|[from] Sandstorm\n|-damage|p2a: Godzilla|95/100 brn|[from] brn\n|upkeep\n|turn|2\n|\n|t:|1776255769\n|move|p1a: Rotom|Volt Switch|p2a: Godzilla\n|-damage|p2a: Godzilla|80/100 brn\n|\n|t:|1776255772\n|switch|p1a: Pelipper|Pelipper, L50, F|100/100|[from] Volt Switch\n|-weather|RainDance|[from] ability: Drizzle|[of] p1a: Pelipper\n|move|p2a: Godzilla|Stealth Rock|p1a: Pelipper\n|-sidestart|p1: Mikeflem12326171|move: Stealth Rock\n|\n|-weather|RainDance|[upkeep]\n|-damage|p2a: Godzilla|74/100 brn|[from] brn\n|upkeep\n|turn|3\n|\n|t:|1776255778\n|move|p1a: Pelipper|Surf|p2a: Godzilla\n|-supereffective|p2a: Godzilla|1\n|-damage|p2a: Godzilla|0 fnt\n|faint|p2a: Godzilla\n|\n|-weather|RainDance|[upkeep]\n|upkeep\n|\n|t:|1776255781\n|switch|p2a: Rotom|Rotom-Wash, L50|100/100\n|turn|4\n|\n|t:|1776255787\n|move|p1a: Pelipper|U-turn|p2a: Rotom\n|-damage|p2a: Rotom|88/100\n|\n|t:|1776255789\n|switch|p1a: Rotom|Rotom-Wash, L50, shiny|66/100|[from] U-turn\n|-damage|p1a: Rotom|54/100|[from] Stealth Rock\n|move|p2a: Rotom|Thunderbolt|p1a: Rotom\n|-damage|p1a: Rotom|20/100\n|-enditem|p1a: Rotom|Sitrus Berry|[eat]\n|-heal|p1a: Rotom|44/100|[from] item: Sitrus Berry\n|\n|-weather|RainDance|[upkeep]\n|upkeep\n|turn|5\n|\n|t:|1776255791\n|move|p1a: Rotom|Pain Split|p2a: Rotom\n|-sethp|p2a: Rotom|72/100|[from] move: Pain Split|[silent]\n|-sethp|p1a: Rotom|57/100|[from] move: Pain Split\n|move|p2a: Rotom|Thunderbolt|p1a: Rotom\n|-damage|p1a: Rotom|25/100\n|\n|-weather|RainDance|[upkeep]\n|upkeep\n|turn|6\n|\n|t:|1776255796\n|move|p1a: Rotom|Pain Split|p2a: Rotom\n|-sethp|p2a: Rotom|51/100|[from] move: Pain Split|[silent]\n|-sethp|p1a: Rotom|41/100|[from] move: Pain Split\n|move|p2a: Rotom|Hydro Pump|p1a: Rotom\n|-resisted|p1a: Rotom|1\n|-damage|p1a: Rotom|5/100\n|\n|-weather|none\n|upkeep\n|turn|7\n|\n|t:|1776255799\n|move|p1a: Rotom|Pain Split|p2a: Rotom\n|-sethp|p2a: Rotom|28/100|[from] move: Pain Split|[silent]\n|-sethp|p1a: Rotom|23/100|[from] move: Pain Split\n|-enditem|p2a: Rotom|Sitrus Berry|[eat]\n|-heal|p2a: Rotom|53/100|[from] item: Sitrus Berry\n|move|p2a: Rotom|Thunderbolt|p1a: Rotom\n|-damage|p1a: Rotom|0 fnt\n|faint|p1a: Rotom\n|\n|upkeep\n|\n|t:|1776255803\n|switch|p1a: Greninja|Greninja, L50, M|100/100\n|-damage|p1a: Greninja|88/100|[from] Stealth Rock\n|turn|8\n|\n|t:|1776255806\n|switch|p2a: Meganium|Meganium, L50, M|100/100\n|detailschange|p1a: Greninja|Greninja-Mega, L50, M\n|-mega|p1a: Greninja|Greninja|Greninjite\n|move|p1a: Greninja|Dark Pulse|p2a: Meganium\n|-start|p1a: Greninja|typechange|Dark|[from] ability: Protean\n|-damage|p2a: Meganium|62/100\n|\n|upkeep\n|turn|9\n|\n|t:|1776255811\n|detailschange|p2a: Meganium|Meganium-Mega, L50, M\n|-mega|p2a: Meganium|Meganium|Meganiumite\n|move|p1a: Greninja|Ice Beam|p2a: Meganium\n|-supereffective|p2a: Meganium|1\n|-damage|p2a: Meganium|5/100\n|move|p2a: Meganium|Synthesis|p2a: Meganium\n|-heal|p2a: Meganium|72/100\n|\n|upkeep\n|turn|10\n|\n|t:|1776255818\n|move|p1a: Greninja|Sludge Wave|p2a: Meganium\n|-supereffective|p2a: Meganium|2\n|-damage|p2a: Meganium|0 fnt\n|faint|p2a: Meganium\n|\n|upkeep\n|\n|t:|1776255820\n|switch|p2a: Rotom|Rotom-Wash, L50|53/100\n|turn|11\n|\n|t:|1776255822\n|move|p1a: Greninja|Dark Pulse|p2a: Rotom\n|-damage|p2a: Rotom|14/100\n|move|p2a: Rotom|Thunderbolt|p1a: Greninja\n|-damage|p1a: Greninja|28/100\n|\n|upkeep\n|turn|12\n|\n|t:|1776255827\n|move|p1a: Greninja|Dark Pulse|p2a: Rotom\n|-damage|p2a: Rotom|0 fnt\n|faint|p2a: Rotom\n|\n|win|Mikeflem12326171\n|raw|Mikeflem12326171's rating: 1128 &rarr; <strong>1147</strong><br />(+19 for winning)\n|raw|KshAetchup's rating: 1036 &rarr; <strong>1025</strong><br />(-11 for losing)\n|l|\u2606KshAetchup\n|player|p2|\n",
  "uploadtime": 1776255833,
  "views": 1,
  "formatid": "gen9championsbssregma",
  "rating": 1025,
  "private": 0,
  "password": null
}