{
  "id": "gen9championsbssregma-2588670515",
  "format": "[Gen 9 Champions] BSS Reg M-A",
  "players": [
    "mega.CHIVA",
    "olivertwitter"
  ],
  "log": "|j|\u2606mega.CHIVA\n|j|\u2606olivertwitter\n|t:|1776655932\n|gametype|singles\n|player|p1|mega.CHIVA|unknown|1109\n|player|p2|olivertwitter|ethan|1000\n|gen|9\n|tier|[Gen 9 Champions] BSS Reg M-A\n|rated|\n|rule|Species Clause: Limit one of each Pok\u00e9mon\n|rule|Item Clause: Limit 1 of each item\n|clearpoke\n|poke|p1|Corviknight, L50, M|\n|poke|p1|Garchomp, L50, M|\n|poke|p1|Hawlucha, L50, M|\n|poke|p1|Sylveon, L50, F|\n|poke|p1|Greninja, L50, M|\n|poke|p1|Blastoise, L50, M|\n|poke|p2|Feraligatr, L50, F|\n|poke|p2|Aerodactyl, L50, F|\n|poke|p2|Tyranitar, L50, F|\n|poke|p2|Hydreigon, L50, F|\n|poke|p2|Slowking-Galar, L50, M|\n|poke|p2|Milotic, L50, M|\n|teampreview|3\n|inactive|Battle timer is ON: inactive players will automatically lose when time's up. (requested by olivertwitter)\n|\n|t:|1776655956\n|teamsize|p1|3\n|teamsize|p2|3\n|start\n|switch|p1a: Sylveon|Sylveon, L50, F|100/100\n|switch|p2a: Aerodactyl|Aerodactyl, L50, F|100/100\n|-ability|p2a: Aerodactyl|Unnerve\n|turn|1\n|\n|t:|1776655963\n|move|p2a: Aerodactyl|Taunt|p1a: Sylveon\n|-start|p1a: Sylveon|move: Taunt\n|move|p1a: Sylveon|Hyper Voice|p2a: Aerodactyl\n|-enditem|p2a: Aerodactyl|Focus Sash\n|-damage|p2a: Aerodactyl|1/100\n|\n|upkeep\n|turn|2\n|\n|t:|1776655976\n|move|p2a: Aerodactyl|Rock Slide|p1a: Sylveon\n|-damage|p1a: Sylveon|57/100\n|move|p1a: Sylveon|Mystical Fire|p2a: Aerodactyl\n|-resisted|p2a: Aerodactyl|1\n|-damage|p2a: Aerodactyl|0 fnt\n|faint|p2a: Aerodactyl\n|\n|upkeep\n|\n|t:|1776655981\n|switch|p2a: Feraligatr|Feraligatr, L50, F|100/100\n|turn|3\n|\n|t:|1776655985\n|move|p2a: Feraligatr|Dragon Dance|p2a: Feraligatr\n|-boost|p2a: Feraligatr|atk|1\n|-boost|p2a: Feraligatr|spe|1\n|move|p1a: Sylveon|Hyper Voice|p2a: Feraligatr\n|-damage|p2a: Feraligatr|18/100\n|\n|-end|p1a: Sylveon|move: Taunt\n|upkeep\n|turn|4\n|\n|t:|1776655995\n|detailschange|p2a: Feraligatr|Feraligatr-Mega, L50, F\n|-mega|p2a: Feraligatr|Feraligatr|Feraligite\n|move|p2a: Feraligatr|Liquidation|p1a: Sylveon\n|-damage|p1a: Sylveon|0 fnt\n|faint|p1a: Sylveon\n|\n|upkeep\n|\n|t:|1776656001\n|switch|p1a: Garchomp|Garchomp, L50, M|100/100\n|turn|5\n|\n|t:|1776656006\n|move|p2a: Feraligatr|Double-Edge|p1a: Garchomp\n|-supereffective|p1a: Garchomp|1\n|-damage|p1a: Garchomp|0 fnt\n|-damage|p2a: Feraligatr|5/100|[from] ability: Rough Skin|[of] p1a: Garchomp\n|faint|p1a: Garchomp\n|-damage|p2a: Feraligatr|0 fnt|[from] Recoil\n|faint|p2a: Feraligatr\n|\n|upkeep\n|\n|t:|1776656014\n|switch|p2a: Hydreigon|Hydreigon, L50, F|100/100\n|switch|p1a: Hawlucha|Hawlucha, L50, M|100/100\n|turn|6\n|\n|t:|1776656020\n|detailschange|p1a: Hawlucha|Hawlucha-Mega, L50, M\n|-mega|p1a: Hawlucha|Hawlucha|Hawluchanite\n|move|p2a: Hydreigon|Draco Meteor|p1a: Hawlucha\n|-damage|p1a: Hawlucha|15/100\n|-unboost|p2a: Hydreigon|spa|2\n|move|p1a: Hawlucha|Cross Chop|p2a: Hydreigon\n|-supereffective|p2a: Hydreigon|1\n|-damage|p2a: Hydreigon|0 fnt\n|faint|p2a: Hydreigon\n|\n|win|mega.CHIVA\n|raw|mega.CHIVA's rating: 1109 &rarr; <strong>1126</strong><br />(+17 for winning)\n|raw|olivertwitter's rating: 1000 &rarr; <strong>1000</strong><br />(+0 for losing)\n|l|\u2606olivertwitter\n|player|p2|\n",
  "uploadtime": 1776656029,
  "views": 0,
  "formatid": "gen9championsbssregma",
  "rating": 1000,
  "private": 0,
  "password": null
}