{
  "id": "gen9championsbssregma-2587966239",
  "format": "[Gen 9 Champions] BSS Reg M-A",
  "players": [
    "deokso king",
    "asasdfaf"
  ],
  "log": "|j|\u2606deokso king\n|j|\u2606asasdfaf\n|t:|1776585996\n|gametype|singles\n|player|p1|deokso king|bellelba|1186\n|player|p2|asasdfaf|265|1274\n|gen|9\n|tier|[Gen 9 Champions] BSS Reg M-A\n|rated|\n|rule|Species Clause: Limit one of each Pok\u00e9mon\n|rule|Item Clause: Limit 1 of each item\n|clearpoke\n|poke|p1|Gyarados, L50, F|\n|poke|p1|Aegislash, L50, M|\n|poke|p1|Garchomp, L50, M|\n|poke|p1|Primarina, L50, M|\n|poke|p1|Charizard, L50, F|\n|poke|p1|Rotom-Mow, L50|\n|poke|p2|Feraligatr, L50, M|\n|poke|p2|Aegislash, L50, F|\n|poke|p2|Garchomp, L50, M|\n|poke|p2|Rotom-Heat, L50|\n|poke|p2|Venusaur, L50, M|\n|poke|p2|Clefable, L50, M|\n|teampreview|3\n|inactive|Battle timer is ON: inactive players will automatically lose when time's up. (requested by deokso king)\n|inactive|deokso king has 60 seconds left.\n|\n|t:|1776586038\n|teamsize|p1|3\n|teamsize|p2|3\n|start\n|switch|p1a: Aegislash|Aegislash, L50, M|100/100\n|switch|p2a: Garchomp|Garchomp, L50, M|100/100\n|turn|1\n|\n|t:|1776586053\n|move|p1a: Aegislash|King's Shield|p1a: Aegislash\n|-singleturn|p1a: Aegislash|Protect\n|move|p2a: Garchomp|Earthquake|p1a: Aegislash\n|-activate|p1a: Aegislash|move: Protect\n|\n|upkeep\n|turn|2\n|\n|t:|1776586067\n|move|p2a: Garchomp|Earthquake|p1a: Aegislash\n|-supereffective|p1a: Aegislash|1\n|-damage|p1a: Aegislash|32/100\n|-formechange|p1a: Aegislash|Aegislash-Blade|\n|move|p1a: Aegislash|Shadow Ball|p2a: Garchomp\n|-damage|p2a: Garchomp|59/100\n|\n|-heal|p1a: Aegislash|38/100|[from] item: Leftovers\n|upkeep\n|turn|3\n|\n|t:|1776586081\n|-formechange|p1a: Aegislash|Aegislash|\n|move|p1a: Aegislash|King's Shield|p1a: Aegislash\n|-singleturn|p1a: Aegislash|Protect\n|move|p2a: Garchomp|Earthquake|p1a: Aegislash\n|-activate|p1a: Aegislash|move: Protect\n|\n|-heal|p1a: Aegislash|44/100|[from] item: Leftovers\n|upkeep\n|turn|4\n|\n|t:|1776586087\n|switch|p1a: Charizard|Charizard, L50, F|100/100\n|move|p2a: Garchomp|Earthquake|p1a: Charizard\n|-immune|p1a: Charizard\n|\n|upkeep\n|turn|5\n|\n|t:|1776586093\n|switch|p2a: Clefable|Clefable, L50, M|100/100\n|detailschange|p1a: Charizard|Charizard-Mega-Y, L50, F\n|-mega|p1a: Charizard|Charizard|Charizardite Y\n|-weather|SunnyDay|[from] ability: Drought|[of] p1a: Charizard\n|move|p1a: Charizard|Solar Beam||[still]\n|-prepare|p1a: Charizard|Solar Beam\n|-anim|p1a: Charizard|Solar Beam|p2a: Clefable\n|-damage|p2a: Clefable|52/100\n|\n|-weather|SunnyDay|[upkeep]\n|upkeep\n|turn|6\n|\n|t:|1776586104\n|move|p1a: Charizard|Weather Ball|p2a: Clefable\n|-damage|p2a: Clefable|0 fnt\n|faint|p2a: Clefable\n|\n|-weather|SunnyDay|[upkeep]\n|upkeep\n|\n|t:|1776586109\n|switch|p2a: Garchomp|Garchomp, L50, M|59/100\n|turn|7\n|\n|t:|1776586114\n|switch|p1a: Aegislash|Aegislash, L50, M|44/100\n|move|p2a: Garchomp|Scale Shot|p1a: Aegislash\n|-resisted|p1a: Aegislash|1\n|-damage|p1a: Aegislash|41/100\n|-resisted|p1a: Aegislash|1\n|-crit|p1a: Aegislash\n|-damage|p1a: Aegislash|35/100\n|-resisted|p1a: Aegislash|1\n|-crit|p1a: Aegislash\n|-damage|p1a: Aegislash|28/100\n|-hitcount|p1a: Aegislash|3\n|-unboost|p2a: Garchomp|def|1\n|-boost|p2a: Garchomp|spe|1\n|\n|-weather|SunnyDay|[upkeep]\n|-heal|p1a: Aegislash|34/100|[from] item: Leftovers\n|upkeep\n|turn|8\n|\n|t:|1776586127\n|move|p2a: Garchomp|Stealth Rock|p1a: Aegislash\n|-sidestart|p1: deokso king|move: Stealth Rock\n|-formechange|p1a: Aegislash|Aegislash-Blade|\n|move|p1a: Aegislash|Flash Cannon|p2a: Garchomp\n|-crit|p2a: Garchomp\n|-damage|p2a: Garchomp|0 fnt\n|faint|p2a: Garchomp\n|\n|-weather|SunnyDay|[upkeep]\n|-heal|p1a: Aegislash|40/100|[from] item: Leftovers\n|upkeep\n|\n|t:|1776586129\n|switch|p2a: Venusaur|Venusaur, L50, M|100/100\n|turn|9\n|\n|t:|1776586136\n|detailschange|p2a: Venusaur|Venusaur-Mega, L50, M\n|-mega|p2a: Venusaur|Venusaur|Venusaurite\n|-formechange|p1a: Aegislash|Aegislash|\n|move|p1a: Aegislash|King's Shield|p1a: Aegislash\n|-singleturn|p1a: Aegislash|Protect\n|move|p2a: Venusaur|Earth Power|p1a: Aegislash\n|-activate|p1a: Aegislash|move: Protect\n|\n|-weather|none\n|-heal|p1a: Aegislash|46/100|[from] item: Leftovers\n|upkeep\n|turn|10\n|\n|t:|1776586145\n|move|p2a: Venusaur|Earth Power|p1a: Aegislash\n|-supereffective|p1a: Aegislash|1\n|-damage|p1a: Aegislash|6/100\n|-unboost|p1a: Aegislash|spd|1\n|-formechange|p1a: Aegislash|Aegislash-Blade|\n|move|p1a: Aegislash|Shadow Ball|p2a: Venusaur\n|-damage|p2a: Venusaur|74/100\n|\n|-heal|p1a: Aegislash|12/100|[from] item: Leftovers\n|upkeep\n|turn|11\n|\n|t:|1776586157\n|move|p2a: Venusaur|Synthesis|p2a: Venusaur\n|-heal|p2a: Venusaur|100/100\n|move|p1a: Aegislash|Shadow Ball|p2a: Venusaur\n|-damage|p2a: Venusaur|78/100\n|-unboost|p2a: Venusaur|spd|1\n|\n|-heal|p1a: Aegislash|18/100|[from] item: Leftovers\n|upkeep\n|turn|12\n|\n|t:|1776586163\n|move|p2a: Venusaur|Earth Power|p1a: Aegislash\n|-supereffective|p1a: Aegislash|1\n|-damage|p1a: Aegislash|0 fnt\n|faint|p1a: Aegislash\n|\n|upkeep\n|\n|t:|1776586165\n|switch|p1a: Charizard|Charizard-Mega-Y, L50, F|100/100\n|-damage|p1a: Charizard|51/100|[from] Stealth Rock\n|-weather|SunnyDay|[from] ability: Drought|[of] p1a: Charizard\n|turn|13\n|\n|t:|1776586167\n|move|p1a: Charizard|Weather Ball|p2a: Venusaur\n|-supereffective|p2a: Venusaur|1\n|-damage|p2a: Venusaur|0 fnt\n|faint|p2a: Venusaur\n|\n|win|deokso king\n|raw|deokso king's rating: 1186 &rarr; <strong>1217</strong><br />(+31 for winning)\n|raw|asasdfaf's rating: 1274 &rarr; <strong>1243</strong><br />(-31 for losing)\n",
  "uploadtime": 1776586169,
  "views": 3,
  "formatid": "gen9championsbssregma",
  "rating": 1217,
  "private": 0,
  "password": null
}