{
  "id": "gen9championsbssregma-2589463138",
  "format": "[Gen 9 Champions] BSS Reg M-A",
  "players": [
    "ruriripoke",
    "kerom.pk"
  ],
  "log": "|j|\u2606ruriripoke\n|j|\u2606kerom.pk\n|t:|1776725181\n|gametype|singles\n|player|p1|ruriripoke|265|1433\n|player|p2|kerom.pk|2|1431\n|gen|9\n|tier|[Gen 9 Champions] BSS Reg M-A\n|rated|\n|rule|Species Clause: Limit one of each Pok\u00e9mon\n|rule|Item Clause: Limit 1 of each item\n|clearpoke\n|poke|p1|Corviknight, L50, M|\n|poke|p1|Garchomp, L50, M|\n|poke|p1|Floette-Eternal, L50, F|\n|poke|p1|Greninja, L50, M|\n|poke|p1|Lopunny, L50, F|\n|poke|p1|Incineroar, L50, M|\n|poke|p2|Scizor, L50, M|\n|poke|p2|Garchomp, L50, F|\n|poke|p2|Umbreon, L50, M|\n|poke|p2|Skeledirge, L50, F|\n|poke|p2|Basculegion, L50, M|\n|poke|p2|Clefable, L50, M|\n|teampreview|3\n|inactive|Battle timer is ON: inactive players will automatically lose when time's up. (requested by ruriripoke)\n|j| yoko1212\n|inactive|ruriripoke has 60 seconds left.\n|j| damauti)\n|inactive|ruriripoke has 30 seconds left.\n|inactive|ruriripoke has 20 seconds left.\n|inactive|ruriripoke has 15 seconds left.\n|\n|t:|1776725261\n|teamsize|p1|3\n|teamsize|p2|3\n|start\n|switch|p1a: Garchomp|Garchomp, L50, M|100/100\n|switch|p2a: Garchomp|Garchomp, L50, F|100/100\n|turn|1\n|\n|t:|1776725268\n|switch|p1a: Corviknight|Corviknight, L50, M|100/100\n|-ability|p1a: Corviknight|Pressure\n|switch|p2a: Clefable|Clefable, L50, M|100/100\n|\n|upkeep\n|turn|2\n|\n|t:|1776725273\n|detailschange|p2a: Clefable|Clefable-Mega, L50, M\n|-mega|p2a: Clefable|Clefable|Clefablite\n|move|p2a: Clefable|Flamethrower|p1a: Corviknight\n|-supereffective|p1a: Corviknight|1\n|-damage|p1a: Corviknight|46/100\n|move|p1a: Corviknight|Iron Head|p2a: Clefable\n|-supereffective|p2a: Clefable|1\n|-damage|p2a: Clefable|64/100\n|\n|-heal|p1a: Corviknight|52/100|[from] item: Leftovers\n|upkeep\n|turn|3\n|\n|t:|1776725284\n|switch|p1a: Floette|Floette-Eternal, L50, F|100/100\n|move|p2a: Clefable|Moonlight|p2a: Clefable\n|-heal|p2a: Clefable|100/100\n|\n|upkeep\n|turn|4\n|\n|t:|1776725289\n|switch|p2a: Skeledirge|Skeledirge, L50, F|100/100\n|detailschange|p1a: Floette|Floette-Mega, L50, F\n|-mega|p1a: Floette|Floette|Floettite\n|-ability|p1a: Floette|Fairy Aura\n|move|p1a: Floette|Calm Mind|p1a: Floette\n|-boost|p1a: Floette|spa|1\n|-boost|p1a: Floette|spd|1\n|\n|upkeep\n|turn|5\n|\n|t:|1776725297\n|move|p1a: Floette|Substitute|p1a: Floette\n|-start|p1a: Floette|Substitute\n|-damage|p1a: Floette|76/100\n|move|p2a: Skeledirge|Torch Song|p1a: Floette\n|-damage|p1a: Floette|52/100\n|-boost|p2a: Skeledirge|spa|1\n|\n|upkeep\n|turn|6\n|\n|t:|1776725301\n|move|p1a: Floette|Draining Kiss|p2a: Skeledirge\n|-resisted|p2a: Skeledirge|1\n|-damage|p2a: Skeledirge|79/100\n|-heal|p1a: Floette|71/100|[from] drain|[of] p2a: Skeledirge\n|move|p2a: Skeledirge|Torch Song|p1a: Floette\n|-damage|p1a: Floette|41/100\n|-boost|p2a: Skeledirge|spa|1\n|\n|upkeep\n|turn|7\n|\n|t:|1776725305\n|move|p1a: Floette|Synthesis|p1a: Floette\n|-heal|p1a: Floette|91/100\n|move|p2a: Skeledirge|Slack Off|p2a: Skeledirge\n|-heal|p2a: Skeledirge|100/100\n|\n|upkeep\n|turn|8\n|\n|t:|1776725313\n|move|p1a: Floette|Draining Kiss|p2a: Skeledirge\n|-resisted|p2a: Skeledirge|1\n|-damage|p2a: Skeledirge|80/100\n|-heal|p1a: Floette|100/100|[from] drain|[of] p2a: Skeledirge\n|move|p2a: Skeledirge|Torch Song|p1a: Floette\n|-damage|p1a: Floette|57/100\n|-boost|p2a: Skeledirge|spa|1\n|\n|upkeep\n|turn|9\n|\n|t:|1776725321\n|move|p1a: Floette|Draining Kiss|p2a: Skeledirge\n|-resisted|p2a: Skeledirge|1\n|-damage|p2a: Skeledirge|60/100\n|-heal|p1a: Floette|74/100|[from] drain|[of] p2a: Skeledirge\n|move|p2a: Skeledirge|Torch Song|p1a: Floette\n|-damage|p1a: Floette|23/100\n|-boost|p2a: Skeledirge|spa|1\n|\n|upkeep\n|turn|10\n|\n|t:|1776725325\n|switch|p1a: Garchomp|Garchomp, L50, M|100/100\n|move|p2a: Skeledirge|Slack Off|p2a: Skeledirge\n|-heal|p2a: Skeledirge|100/100\n|\n|upkeep\n|turn|11\n|\n|t:|1776725335\n|switch|p2a: Clefable|Clefable-Mega, L50, M|100/100\n|move|p1a: Garchomp|Stone Edge|p2a: Clefable\n|-supereffective|p2a: Clefable|1\n|-damage|p2a: Clefable|49/100\n|\n|upkeep\n|turn|12\n|\n|t:|1776725351\n|switch|p2a: Garchomp|Garchomp, L50, F|100/100\n|move|p1a: Garchomp|Stone Edge|p2a: Garchomp\n|-resisted|p2a: Garchomp|1\n|-crit|p2a: Garchomp\n|-damage|p2a: Garchomp|83/100\n|\n|upkeep\n|turn|13\n|\n|t:|1776725359\n|switch|p1a: Corviknight|Corviknight, L50, M|52/100\n|-ability|p1a: Corviknight|Pressure\n|switch|p2a: Clefable|Clefable-Mega, L50, M|49/100\n|\n|-heal|p1a: Corviknight|58/100|[from] item: Leftovers\n|upkeep\n|turn|14\n|\n|t:|1776725374\n|move|p2a: Clefable|Moonlight|p2a: Clefable\n|-heal|p2a: Clefable|99/100\n|move|p1a: Corviknight|U-turn|p2a: Clefable\n|-resisted|p2a: Clefable|2\n|-damage|p2a: Clefable|97/100\n|\n|t:|1776725380\n|switch|p1a: Floette|Floette-Mega, L50, F|23/100|[from] U-turn\n|-ability|p1a: Floette|Fairy Aura\n|\n|upkeep\n|turn|15\n|j| JoatAJimmy\n|\n|t:|1776725387\n|switch|p2a: Skeledirge|Skeledirge, L50, F|100/100\n|move|p1a: Floette|Synthesis|p1a: Floette\n|-heal|p1a: Floette|72/100\n|\n|upkeep\n|turn|16\n|\n|t:|1776725391\n|switch|p1a: Garchomp|Garchomp, L50, M|100/100\n|move|p2a: Skeledirge|Torch Song|p1a: Garchomp\n|-resisted|p1a: Garchomp|1\n|-damage|p1a: Garchomp|84/100\n|-boost|p2a: Skeledirge|spa|1\n|\n|upkeep\n|turn|17\n|l| damauti)\n|\n|t:|1776725402\n|move|p1a: Garchomp|Stone Edge|p2a: Skeledirge\n|-supereffective|p2a: Skeledirge|1\n|-damage|p2a: Skeledirge|55/100\n|move|p2a: Skeledirge|Slack Off|p2a: Skeledirge\n|-heal|p2a: Skeledirge|100/100\n|\n|upkeep\n|turn|18\n|\n|t:|1776725407\n|switch|p2a: Garchomp|Garchomp, L50, F|83/100\n|move|p1a: Garchomp|Stone Edge|p2a: Garchomp\n|-resisted|p2a: Garchomp|1\n|-damage|p2a: Garchomp|71/100\n|\n|upkeep\n|turn|19\n|\n|t:|1776725411\n|switch|p1a: Corviknight|Corviknight, L50, M|58/100\n|-ability|p1a: Corviknight|Pressure\n|move|p2a: Garchomp|Stealth Rock|p1a: Corviknight\n|-sidestart|p1: ruriripoke|move: Stealth Rock\n|\n|-heal|p1a: Corviknight|63/100|[from] item: Leftovers\n|upkeep\n|turn|20\n|\n|t:|1776725421\n|switch|p2a: Skeledirge|Skeledirge, L50, F|100/100\n|move|p1a: Corviknight|U-turn|p2a: Skeledirge\n|-resisted|p2a: Skeledirge|2\n|-damage|p2a: Skeledirge|98/100\n|\n|t:|1776725425\n|switch|p1a: Garchomp|Garchomp, L50, M|84/100|[from] U-turn\n|-damage|p1a: Garchomp|78/100|[from] Stealth Rock\n|\n|upkeep\n|turn|21\n|\n|t:|1776725444\n|move|p1a: Garchomp|Earthquake|p2a: Skeledirge\n|-supereffective|p2a: Skeledirge|1\n|-damage|p2a: Skeledirge|28/100\n|move|p2a: Skeledirge|Slack Off|p2a: Skeledirge\n|-heal|p2a: Skeledirge|78/100\n|\n|upkeep\n|turn|22\n|\n|t:|1776725452\n|switch|p1a: Corviknight|Corviknight, L50, M|63/100\n|-damage|p1a: Corviknight|51/100|[from] Stealth Rock\n|-ability|p1a: Corviknight|Pressure\n|switch|p2a: Clefable|Clefable-Mega, L50, M|97/100\n|\n|-heal|p1a: Corviknight|57/100|[from] item: Leftovers\n|upkeep\n|turn|23\n|\n|t:|1776725471\n|switch|p1a: Floette|Floette-Mega, L50, F|72/100\n|-damage|p1a: Floette|60/100|[from] Stealth Rock\n|-ability|p1a: Floette|Fairy Aura\n|move|p2a: Clefable|Flamethrower|p1a: Floette\n|-damage|p1a: Floette|41/100\n|\n|upkeep\n|turn|24\n|\n|t:|1776725494\n|move|p1a: Floette|Draining Kiss|p2a: Clefable\n|-damage|p2a: Clefable|63/100\n|-heal|p1a: Floette|68/100|[from] drain|[of] p2a: Clefable\n|move|p2a: Clefable|Calm Mind|p2a: Clefable\n|-boost|p2a: Clefable|spa|1\n|-boost|p2a: Clefable|spd|1\n|\n|upkeep\n|turn|25\n|\n|t:|1776725501\n|move|p1a: Floette|Calm Mind|p1a: Floette\n|-boost|p1a: Floette|spa|1\n|-boost|p1a: Floette|spd|1\n|move|p2a: Clefable|Moonblast|p1a: Floette\n|-damage|p1a: Floette|30/100\n|\n|upkeep\n|turn|26\n|\n|t:|1776725508\n|move|p1a: Floette|Draining Kiss|p2a: Clefable\n|-damage|p2a: Clefable|32/100\n|-heal|p1a: Floette|56/100|[from] drain|[of] p2a: Clefable\n|move|p2a: Clefable|Moonlight|p2a: Clefable\n|-heal|p2a: Clefable|82/100\n|\n|upkeep\n|turn|27\n|\n|t:|1776725518\n|switch|p2a: Skeledirge|Skeledirge, L50, F|78/100\n|move|p1a: Floette|Calm Mind|p1a: Floette\n|-boost|p1a: Floette|spa|1\n|-boost|p1a: Floette|spd|1\n|\n|upkeep\n|turn|28\n|\n|t:|1776725523\n|move|p1a: Floette|Draining Kiss|p2a: Skeledirge\n|-resisted|p2a: Skeledirge|1\n|-damage|p2a: Skeledirge|56/100\n|-heal|p1a: Floette|75/100|[from] drain|[of] p2a: Skeledirge\n|move|p2a: Skeledirge|Torch Song|p1a: Floette\n|-damage|p1a: Floette|51/100\n|-boost|p2a: Skeledirge|spa|1\n|\n|upkeep\n|turn|29\n|\n|t:|1776725531\n|switch|p1a: Garchomp|Garchomp, L50, M|78/100\n|-damage|p1a: Garchomp|72/100|[from] Stealth Rock\n|move|p2a: Skeledirge|Slack Off|p2a: Skeledirge\n|-heal|p2a: Skeledirge|100/100\n|\n|upkeep\n|turn|30\n|l| yoko1212\n|\n|t:|1776725543\n|switch|p2a: Garchomp|Garchomp, L50, F|71/100\n|move|p1a: Garchomp|Earthquake|p2a: Garchomp\n|-crit|p2a: Garchomp\n|-damage|p2a: Garchomp|18/100\n|-enditem|p2a: Garchomp|Sitrus Berry|[eat]\n|-heal|p2a: Garchomp|42/100|[from] item: Sitrus Berry\n|\n|upkeep\n|turn|31\n|\n|t:|1776725558\n|switch|p1a: Floette|Floette-Mega, L50, F|51/100\n|-damage|p1a: Floette|39/100|[from] Stealth Rock\n|-ability|p1a: Floette|Fairy Aura\n|move|p2a: Garchomp|Spikes|p1a: Floette\n|-sidestart|p1: ruriripoke|Spikes\n|\n|upkeep\n|turn|32\n|\n|t:|1776725562\n|switch|p2a: Skeledirge|Skeledirge, L50, F|100/100\n|move|p1a: Floette|Draining Kiss|p2a: Skeledirge\n|-resisted|p2a: Skeledirge|1\n|-damage|p2a: Skeledirge|79/100\n|-heal|p1a: Floette|57/100|[from] drain|[of] p2a: Skeledirge\n|\n|upkeep\n|turn|33\n|l| JoatAJimmy\n|\n|t:|1776725569\n|move|p1a: Floette|Synthesis|p1a: Floette\n|-heal|p1a: Floette|100/100\n|move|p2a: Skeledirge|Will-O-Wisp|p1a: Floette\n|-status|p1a: Floette|brn\n|\n|-damage|p1a: Floette|94/100 brn|[from] brn\n|upkeep\n|turn|34\n|\n|t:|1776725577\n|move|p1a: Floette|Draining Kiss|p2a: Skeledirge\n|-resisted|p2a: Skeledirge|1\n|-damage|p2a: Skeledirge|60/100\n|-heal|p1a: Floette|100/100 brn|[from] drain|[of] p2a: Skeledirge\n|move|p2a: Skeledirge|Torch Song|p1a: Floette\n|-damage|p1a: Floette|77/100 brn\n|-boost|p2a: Skeledirge|spa|1\n|\n|-damage|p1a: Floette|71/100 brn|[from] brn\n|upkeep\n|turn|35\n|\n|t:|1776725584\n|move|p1a: Floette|Draining Kiss|p2a: Skeledirge\n|-resisted|p2a: Skeledirge|1\n|-damage|p2a: Skeledirge|40/100\n|-heal|p1a: Floette|89/100 brn|[from] drain|[of] p2a: Skeledirge\n|move|p2a: Skeledirge|Slack Off|p2a: Skeledirge\n|-heal|p2a: Skeledirge|90/100\n|\n|-damage|p1a: Floette|83/100 brn|[from] brn\n|upkeep\n|turn|36\n|\n|t:|1776725593\n|move|p1a: Floette|Draining Kiss|p2a: Skeledirge\n|-resisted|p2a: Skeledirge|1\n|-damage|p2a: Skeledirge|71/100\n|-heal|p1a: Floette|99/100 brn|[from] drain|[of] p2a: Skeledirge\n|move|p2a: Skeledirge|Torch Song|p1a: Floette\n|-damage|p1a: Floette|69/100 brn\n|-boost|p2a: Skeledirge|spa|1\n|\n|-damage|p1a: Floette|63/100 brn|[from] brn\n|upkeep\n|turn|37\n|\n|t:|1776725604\n|switch|p1a: Garchomp|Garchomp, L50, M|72/100\n|-damage|p1a: Garchomp|66/100|[from] Stealth Rock\n|-damage|p1a: Garchomp|54/100|[from] Spikes\n|move|p2a: Skeledirge|Torch Song|p1a: Garchomp\n|-resisted|p1a: Garchomp|1\n|-damage|p1a: Garchomp|20/100\n|-boost|p2a: Skeledirge|spa|1\n|\n|upkeep\n|turn|38\n|\n|t:|1776725615\n|switch|p2a: Garchomp|Garchomp, L50, F|42/100\n|move|p1a: Garchomp|Stone Edge|p2a: Garchomp\n|-resisted|p2a: Garchomp|1\n|-damage|p2a: Garchomp|32/100\n|\n|upkeep\n|turn|39\n|-message|ruriripoke forfeited.\n|\n|win|kerom.pk\n|raw|ruriripoke's rating: 1433 &rarr; <strong>1413</strong><br />(-20 for losing)\n|raw|kerom.pk's rating: 1431 &rarr; <strong>1451</strong><br />(+20 for winning)\n|l|\u2606ruriripoke\n|player|p1|\n",
  "uploadtime": 1776725627,
  "views": 1,
  "formatid": "gen9championsbssregma",
  "rating": 1413,
  "private": 0,
  "password": null
}