{
  "id": "gen9championsbssregma-2588416185",
  "format": "[Gen 9 Champions] BSS Reg M-A",
  "players": [
    "SpectralSlayer",
    "MegayaRaykaza"
  ],
  "log": "|j|\u2606SpectralSlayer\n|j|\u2606MegayaRaykaza\n|t:|1776631663\n|gametype|singles\n|player|p1|SpectralSlayer|n|1164\n|player|p2|MegayaRaykaza|cynthia|1126\n|gen|9\n|tier|[Gen 9 Champions] BSS Reg M-A\n|rated|\n|rule|Species Clause: Limit one of each Pok\u00e9mon\n|rule|Item Clause: Limit 1 of each item\n|clearpoke\n|poke|p1|Aegislash, L50, M|\n|poke|p1|Scizor, L50, F|\n|poke|p1|Ditto, L50|\n|poke|p1|Kleavor, L50, F|\n|poke|p1|Blastoise, L50, F|\n|poke|p1|Primarina, L50, F|\n|poke|p2|Aggron, L50, F|\n|poke|p2|Toxapex, L50, M|\n|poke|p2|Gliscor, L50, F|\n|poke|p2|Incineroar, L50, F|\n|poke|p2|Sneasler, L50, F|\n|poke|p2|Basculegion, L50, M|\n|teampreview|3\n|inactive|Battle timer is ON: inactive players will automatically lose when time's up. (requested by SpectralSlayer)\n|inactive|SpectralSlayer has 60 seconds left.\n|\n|t:|1776631723\n|teamsize|p1|3\n|teamsize|p2|3\n|start\n|switch|p1a: Kleavor|Kleavor, L50, F|100/100\n|switch|p2a: Aggron|Aggron, L50, F|100/100\n|turn|1\n|\n|t:|1776631731\n|detailschange|p2a: Aggron|Aggron-Mega, L50, F\n|-mega|p2a: Aggron|Aggron|Aggronite\n|move|p1a: Kleavor|Close Combat|p2a: Aggron\n|-supereffective|p2a: Aggron|1\n|-damage|p2a: Aggron|75/100\n|-unboost|p1a: Kleavor|def|1\n|-unboost|p1a: Kleavor|spd|1\n|move|p2a: Aggron|Substitute|p2a: Aggron\n|-start|p2a: Aggron|Substitute\n|-damage|p2a: Aggron|50/100\n|\n|upkeep\n|turn|2\n|\n|t:|1776631740\n|move|p1a: Kleavor|Close Combat|p2a: Aggron\n|-supereffective|p2a: Aggron|1\n|-end|p2a: Aggron|Substitute\n|-unboost|p1a: Kleavor|def|1\n|-unboost|p1a: Kleavor|spd|1\n|move|p2a: Aggron|Body Press|p1a: Kleavor\n|-enditem|p1a: Kleavor|Focus Sash\n|-damage|p1a: Kleavor|1/100\n|\n|upkeep\n|turn|3\n|\n|t:|1776631747\n|move|p1a: Kleavor|Stone Axe|p2a: Aggron\n|-resisted|p2a: Aggron|1\n|-crit|p2a: Aggron\n|-damage|p2a: Aggron|34/100\n|-sidestart|p2: MegayaRaykaza|move: Stealth Rock\n|move|p2a: Aggron|Rest|p2a: Aggron\n|-status|p2a: Aggron|slp|[from] move: Rest\n|-heal|p2a: Aggron|100/100 slp|[silent]\n|\n|upkeep\n|turn|4\n|\n|t:|1776631765\n|move|p1a: Kleavor|Close Combat|p2a: Aggron\n|-supereffective|p2a: Aggron|1\n|-damage|p2a: Aggron|72/100 slp\n|-unboost|p1a: Kleavor|def|1\n|-unboost|p1a: Kleavor|spd|1\n|cant|p2a: Aggron|slp\n|move|p2a: Aggron|Sleep Talk|p2a: Aggron\n|move|p2a: Aggron|Body Press|p1a: Kleavor|[from] move: Sleep Talk\n|-damage|p1a: Kleavor|0 fnt\n|faint|p1a: Kleavor\n|\n|upkeep\n|inactive|SpectralSlayer has 30 seconds left.\n|\n|t:|1776631793\n|switch|p1a: Ditto|Ditto, L50|100/100\n|-transform|p1a: Ditto|p2a: Aggron|[from] ability: Imposter\n|turn|5\n|\n|t:|1776631810\n|switch|p2a: Toxapex|Toxapex, L50, M|100/100\n|-damage|p2a: Toxapex|88/100|[from] Stealth Rock\n|move|p1a: Ditto|Body Press|p2a: Toxapex\n|-resisted|p2a: Toxapex|1\n|-damage|p2a: Toxapex|70/100\n|\n|upkeep\n|turn|6\n|\n|t:|1776631820\n|switch|p1a: Blastoise|Blastoise, L50, F|100/100\n|move|p2a: Toxapex|Surf|p1a: Blastoise\n|-resisted|p1a: Blastoise|1\n|-damage|p1a: Blastoise|89/100\n|\n|upkeep\n|turn|7\n|\n|t:|1776631825\n|detailschange|p1a: Blastoise|Blastoise-Mega, L50, F\n|-mega|p1a: Blastoise|Blastoise|Blastoisinite\n|move|p1a: Blastoise|Shell Smash|p1a: Blastoise\n|-unboost|p1a: Blastoise|def|1\n|-unboost|p1a: Blastoise|spd|1\n|-boost|p1a: Blastoise|atk|2\n|-boost|p1a: Blastoise|spa|2\n|-boost|p1a: Blastoise|spe|2\n|move|p2a: Toxapex|Toxic|p1a: Blastoise\n|-status|p1a: Blastoise|tox\n|\n|-damage|p1a: Blastoise|83/100 tox|[from] psn\n|upkeep\n|turn|8\n|\n|t:|1776631845\n|move|p1a: Blastoise|Shell Smash|p1a: Blastoise\n|-unboost|p1a: Blastoise|def|1\n|-unboost|p1a: Blastoise|spd|1\n|-boost|p1a: Blastoise|atk|2\n|-boost|p1a: Blastoise|spa|2\n|-boost|p1a: Blastoise|spe|2\n|move|p2a: Toxapex|Haze|p2a: Toxapex\n|-clearallboost\n|\n|-damage|p1a: Blastoise|71/100 tox|[from] psn\n|upkeep\n|turn|9\n|-message|SpectralSlayer forfeited.\n|\n|win|MegayaRaykaza\n|raw|SpectralSlayer's rating: 1164 &rarr; <strong>1136</strong><br />(-28 for losing)\n|raw|MegayaRaykaza's rating: 1126 &rarr; <strong>1154</strong><br />(+28 for winning)\n|l|\u2606SpectralSlayer\n|player|p1|\n",
  "uploadtime": 1776631865,
  "views": 4,
  "formatid": "gen9championsbssregma",
  "rating": 1136,
  "private": 0,
  "password": null
}