{
  "id": "gen9championsbssregma-2587083423",
  "format": "[Gen 9 Champions] BSS Reg M-A",
  "players": [
    "MiraidonGaming",
    "KevMev"
  ],
  "log": "|j|\u2606MiraidonGaming\n|j|\u2606KevMev\n|t:|1776491083\n|gametype|singles\n|player|p1|MiraidonGaming|lucas|1260\n|player|p2|KevMev|waiter-gen4|1317\n|gen|9\n|tier|[Gen 9 Champions] BSS Reg M-A\n|rated|\n|rule|Species Clause: Limit one of each Pok\u00e9mon\n|rule|Item Clause: Limit 1 of each item\n|clearpoke\n|poke|p1|Ninetales-Alola, L50, F|\n|poke|p1|Charizard, L50, M|\n|poke|p1|Scizor, L50, M|\n|poke|p1|Sinistcha, L50|\n|poke|p1|Rotom-Wash, L50|\n|poke|p1|Salazzle, L50, F|\n|poke|p2|Sneasler, L50, F, shiny|\n|poke|p2|Archaludon, L50, F, shiny|\n|poke|p2|Gyarados, L50, F, shiny|\n|poke|p2|Meowscarada, L50, F, shiny|\n|poke|p2|Primarina, L50, M|\n|poke|p2|Mimikyu, L50, F|\n|teampreview|3\n|\n|t:|1776491103\n|teamsize|p1|3\n|teamsize|p2|3\n|start\n|switch|p1a: Put a brick in|Rotom-Wash, L50|100/100\n|switch|p2a: Sneasler|Sneasler, L50, F, shiny|100/100\n|turn|1\n|\n|t:|1776491116\n|move|p2a: Sneasler|Fake Out|p1a: Put a brick in\n|-damage|p1a: Put a brick in|82/100\n|cant|p1a: Put a brick in|flinch\n|\n|upkeep\n|turn|2\n|\n|t:|1776491123\n|switch|p2a: Archaludon|Archaludon, L50, F, shiny|100/100\n|move|p1a: Put a brick in|Discharge|p2a: Archaludon\n|-resisted|p2a: Archaludon|1\n|-damage|p2a: Archaludon|73/100\n|-status|p2a: Archaludon|par\n|\n|-heal|p2a: Archaludon|79/100 par|[from] item: Leftovers\n|upkeep\n|turn|3\n|\n|t:|1776491132\n|switch|p1a: Edward|Scizor, L50, M|100/100\n|move|p2a: Archaludon|Thunderbolt|p1a: Edward\n|-damage|p1a: Edward|70/100\n|\n|-heal|p2a: Archaludon|85/100 par|[from] item: Leftovers\n|upkeep\n|turn|4\n|\n|t:|1776491142\n|move|p1a: Edward|Swords Dance|p1a: Edward\n|-boost|p1a: Edward|atk|2\n|move|p2a: Archaludon|Thunderbolt|p1a: Edward\n|-damage|p1a: Edward|44/100\n|\n|-heal|p2a: Archaludon|91/100 par|[from] item: Leftovers\n|upkeep\n|turn|5\n|\n|t:|1776491145\n|switch|p2a: Gyarados|Gyarados, L50, F, shiny|100/100\n|-ability|p2a: Gyarados|Intimidate|boost\n|-unboost|p1a: Edward|atk|1\n|move|p1a: Edward|Roost|p1a: Edward\n|-heal|p1a: Edward|94/100\n|-singleturn|p1a: Edward|move: Roost\n|\n|upkeep\n|turn|6\n|\n|t:|1776491149\n|move|p2a: Gyarados|Taunt|p1a: Edward\n|-start|p1a: Edward|move: Taunt\n|cant|p1a: Edward|move: Taunt|Swords Dance\n|\n|upkeep\n|turn|7\n|\n|t:|1776491152\n|move|p2a: Gyarados|Dragon Dance|p2a: Gyarados\n|-boost|p2a: Gyarados|atk|1\n|-boost|p2a: Gyarados|spe|1\n|move|p1a: Edward|Bug Bite|p2a: Gyarados\n|-resisted|p2a: Gyarados|1\n|-crit|p2a: Gyarados\n|-damage|p2a: Gyarados|48/100\n|\n|upkeep\n|turn|8\n|\n|t:|1776491158\n|move|p2a: Gyarados|Bounce||[still]\n|-prepare|p2a: Gyarados|Bounce\n|move|p1a: Edward|Bug Bite|p2a: Gyarados|[miss]\n|-miss|p1a: Edward|p2a: Gyarados\n|\n|-end|p1a: Edward|move: Taunt\n|upkeep\n|turn|9\n|\n|t:|1776491162\n|move|p2a: Gyarados|Bounce|p1a: Edward|[from] lockedmove\n|-damage|p1a: Edward|20/100\n|move|p1a: Edward|Bug Bite|p2a: Gyarados\n|-resisted|p2a: Gyarados|1\n|-damage|p2a: Gyarados|8/100\n|\n|upkeep\n|turn|10\n|\n|t:|1776491171\n|move|p1a: Edward|Bullet Punch|p2a: Gyarados\n|-resisted|p2a: Gyarados|1\n|-damage|p2a: Gyarados|0 fnt\n|faint|p2a: Gyarados\n|\n|upkeep\n|\n|t:|1776491177\n|switch|p2a: Sneasler|Sneasler, L50, F, shiny|100/100\n|turn|11\n|\n|t:|1776491179\n|move|p1a: Edward|Bullet Punch|p2a: Sneasler\n|-damage|p2a: Sneasler|36/100\n|move|p2a: Sneasler|Throat Chop|p1a: Edward\n|-damage|p1a: Edward|0 fnt\n|faint|p1a: Edward\n|\n|upkeep\n|\n|t:|1776491184\n|switch|p1a: Put a brick in|Rotom-Wash, L50|82/100\n|turn|12\n|\n|t:|1776491189\n|move|p1a: Put a brick in|Volt Switch|p2a: Sneasler\n|-damage|p2a: Sneasler|0 fnt\n|faint|p2a: Sneasler\n|\n|t:|1776491192\n|switch|p1a: Bruce|Charizard, L50, M|100/100|[from] Volt Switch\n|\n|upkeep\n|\n|t:|1776491193\n|switch|p2a: Archaludon|Archaludon, L50, F, shiny|91/100 par\n|turn|13\n|j| The Educated Fool\n|\n|t:|1776491200\n|switch|p1a: Put a brick in|Rotom-Wash, L50|82/100\n|move|p2a: Archaludon|Thunderbolt|p1a: Put a brick in\n|-damage|p1a: Put a brick in|36/100\n|\n|-heal|p2a: Archaludon|97/100 par|[from] item: Leftovers\n|upkeep\n|turn|14\n|\n|t:|1776491206\n|move|p1a: Put a brick in|Trick|p2a: Archaludon\n|-activate|p1a: Put a brick in|move: Trick|[of] p2a: Archaludon\n|-item|p2a: Archaludon|Choice Scarf|[from] move: Trick\n|-item|p1a: Put a brick in|Leftovers|[from] move: Trick\n|move|p2a: Archaludon|Thunderbolt|p1a: Put a brick in\n|-damage|p1a: Put a brick in|0 fnt\n|faint|p1a: Put a brick in\n|\n|upkeep\n|\n|t:|1776491209\n|switch|p1a: Bruce|Charizard, L50, M|100/100\n|turn|15\n|\n|t:|1776491211\n|detailschange|p1a: Bruce|Charizard-Mega-X, L50, M\n|-mega|p1a: Bruce|Charizard|Charizardite X\n|move|p1a: Bruce|Dragon Dance|p1a: Bruce\n|-boost|p1a: Bruce|atk|1\n|-boost|p1a: Bruce|spe|1\n|move|p2a: Archaludon|Thunderbolt|p1a: Bruce\n|-resisted|p1a: Bruce|1\n|-damage|p1a: Bruce|85/100\n|\n|upkeep\n|turn|16\n|-message|KevMev forfeited.\n|\n|win|MiraidonGaming\n|raw|MiraidonGaming's rating: 1260 &rarr; <strong>1289</strong><br />(+29 for winning)\n|raw|KevMev's rating: 1317 &rarr; <strong>1294</strong><br />(-23 for losing)\n|l|\u2606KevMev\n|player|p2|\n|l|\u2606MiraidonGaming\n|player|p1|\n",
  "uploadtime": 1776491291,
  "views": 2,
  "formatid": "gen9championsbssregma",
  "rating": 1289,
  "private": 0,
  "password": null
}