{
  "id": "gen9championsbssregma-2588666827",
  "format": "[Gen 9 Champions] BSS Reg M-A",
  "players": [
    "anubisu",
    "meteor1101"
  ],
  "log": "|j|\u2606anubisu\n|j|\u2606meteor1101\n|t:|1776655539\n|gametype|singles\n|player|p1|anubisu|266|1311\n|player|p2|meteor1101|acetrainerf|1308\n|gen|9\n|tier|[Gen 9 Champions] BSS Reg M-A\n|rated|\n|rule|Species Clause: Limit one of each Pok\u00e9mon\n|rule|Item Clause: Limit 1 of each item\n|clearpoke\n|poke|p1|Kangaskhan, L50, F|\n|poke|p1|Scizor, L50, F|\n|poke|p1|Volcarona, L50, F|\n|poke|p1|Garchomp, L50, M|\n|poke|p1|Mimikyu, L50, M|\n|poke|p1|Corviknight, L50, M|\n|poke|p2|Kingambit, L50, F|\n|poke|p2|Meowscarada, L50, M|\n|poke|p2|Basculegion, L50, M|\n|poke|p2|Mimikyu, L50, M|\n|poke|p2|Victreebel, L50, F|\n|poke|p2|Dragonite, L50, M|\n|teampreview|3\n|inactive|Battle timer is ON: inactive players will automatically lose when time's up. (requested by meteor1101)\n|\n|t:|1776655597\n|teamsize|p1|3\n|teamsize|p2|3\n|start\n|switch|p1a: Corviknight|Corviknight, L50, M|100/100\n|switch|p2a: Meowscarada|Meowscarada, L50, M|100/100\n|-ability|p1a: Corviknight|Pressure\n|turn|1\n|inactive|meteor1101 has 30 seconds left.\n|\n|t:|1776655628\n|move|p2a: Meowscarada|Knock Off|p1a: Corviknight\n|-start|p2a: Meowscarada|typechange|Dark|[from] ability: Protean\n|-damage|p1a: Corviknight|75/100\n|-enditem|p1a: Corviknight|Leftovers|[from] move: Knock Off|[of] p2a: Meowscarada\n|move|p1a: Corviknight|U-turn|p2a: Meowscarada\n|-supereffective|p2a: Meowscarada|1\n|-damage|p2a: Meowscarada|52/100\n|\n|t:|1776655637\n|switch|p1a: Scizor|Scizor, L50, F|100/100|[from] U-turn\n|\n|upkeep\n|turn|2\n|\n|t:|1776655661\n|switch|p2a: Dragonite|Dragonite, L50, M|100/100\n|detailschange|p1a: Scizor|Scizor-Mega, L50, F\n|-mega|p1a: Scizor|Scizor|Scizorite\n|move|p1a: Scizor|Bullet Punch|p2a: Dragonite\n|-damage|p2a: Dragonite|80/100\n|\n|upkeep\n|turn|3\n|inactive|meteor1101 has 30 seconds left.\n|\n|t:|1776655690\n|switch|p1a: Mimikyu|Mimikyu, L50, M|100/100\n|detailschange|p2a: Dragonite|Dragonite-Mega, L50, M\n|-mega|p2a: Dragonite|Dragonite|Dragoninite\n|move|p2a: Dragonite|Draco Meteor|p1a: Mimikyu\n|-immune|p1a: Mimikyu\n|\n|upkeep\n|turn|4\n|\n|t:|1776655709\n|switch|p2a: Kingambit|Kingambit, L50, F|100/100\n|move|p1a: Mimikyu|Substitute|p1a: Mimikyu\n|-start|p1a: Mimikyu|Substitute\n|-damage|p1a: Mimikyu|76/100\n|\n|upkeep\n|turn|5\n|\n|t:|1776655718\n|move|p1a: Mimikyu|Curse|p2a: Kingambit\n|-start|p2a: Kingambit|Curse|[of] p1a: Mimikyu\n|-damage|p1a: Mimikyu|26/100\n|move|p2a: Kingambit|Iron Head|p1a: Mimikyu\n|-supereffective|p1a: Mimikyu|1\n|-end|p1a: Mimikyu|Substitute\n|\n|-damage|p2a: Kingambit|76/100|[from] Curse\n|upkeep\n|turn|6\n|\n|t:|1776655728\n|move|p1a: Mimikyu|Pain Split|p2a: Kingambit\n|-sethp|p2a: Kingambit|50/100|[from] move: Pain Split|[silent]\n|-sethp|p1a: Mimikyu|54/100|[from] move: Pain Split\n|move|p2a: Kingambit|Kowtow Cleave|p1a: Mimikyu\n|-activate|p1a: Mimikyu|ability: Disguise\n|-damage|p1a: Mimikyu|54/100\n|detailschange|p1a: Mimikyu|Mimikyu-Busted, L50, M\n|-damage|p1a: Mimikyu|41/100|[from] pokemon: Mimikyu-Busted\n|\n|-damage|p2a: Kingambit|25/100|[from] Curse\n|upkeep\n|turn|7\n|\n|t:|1776655743\n|move|p1a: Mimikyu|Substitute|p1a: Mimikyu\n|-start|p1a: Mimikyu|Substitute\n|-damage|p1a: Mimikyu|17/100\n|move|p2a: Kingambit|Kowtow Cleave|p1a: Mimikyu\n|-end|p1a: Mimikyu|Substitute\n|\n|-damage|p2a: Kingambit|0 fnt|[from] Curse\n|faint|p2a: Kingambit\n|-end|p2a: Kingambit|fallenundefined|[silent]\n|upkeep\n|\n|t:|1776655751\n|switch|p2a: Meowscarada|Meowscarada, L50, M|52/100\n|turn|8\n|\n|t:|1776655760\n|switch|p1a: Corviknight|Corviknight, L50, M|75/100\n|-ability|p1a: Corviknight|Pressure\n|move|p2a: Meowscarada|U-turn|p1a: Corviknight\n|-start|p2a: Meowscarada|typechange|Bug|[from] ability: Protean\n|-resisted|p1a: Corviknight|2\n|-damage|p1a: Corviknight|70/100\n|\n|t:|1776655762\n|switch|p2a: Dragonite|Dragonite-Mega, L50, M|80/100|[from] U-turn\n|\n|upkeep\n|turn|9\n|\n|t:|1776655778\n|move|p2a: Dragonite|Flamethrower|p1a: Corviknight\n|-supereffective|p1a: Corviknight|1\n|-damage|p1a: Corviknight|0 fnt\n|faint|p1a: Corviknight\n|\n|upkeep\n|\n|t:|1776655783\n|switch|p1a: Mimikyu|Mimikyu-Busted, L50, M|17/100\n|turn|10\n|\n|t:|1776655794\n|move|p2a: Dragonite|Aqua Jet|p1a: Mimikyu\n|-damage|p1a: Mimikyu|3/100\n|move|p1a: Mimikyu|Pain Split|p2a: Dragonite\n|-sethp|p2a: Dragonite|42/100|[from] move: Pain Split|[silent]\n|-sethp|p1a: Mimikyu|43/100|[from] move: Pain Split\n|\n|upkeep\n|turn|11\n|\n|t:|1776655815\n|switch|p2a: Meowscarada|Meowscarada, L50, M|52/100\n|move|p1a: Mimikyu|Night Shade|p2a: Meowscarada\n|-damage|p2a: Meowscarada|19/100\n|\n|upkeep\n|turn|12\n|\n|t:|1776655836\n|move|p2a: Meowscarada|Knock Off|p1a: Mimikyu\n|-start|p2a: Meowscarada|typechange|Dark|[from] ability: Protean\n|-damage|p1a: Mimikyu|0 fnt\n|-enditem|p1a: Mimikyu|Bright Powder|[from] move: Knock Off|[of] p2a: Meowscarada\n|faint|p1a: Mimikyu\n|\n|upkeep\n|\n|t:|1776655839\n|switch|p1a: Scizor|Scizor-Mega, L50, F|100/100\n|turn|13\n|\n|t:|1776655847\n|move|p2a: Meowscarada|Knock Off|p1a: Scizor\n|-damage|p1a: Scizor|75/100\n|move|p1a: Scizor|Swords Dance|p1a: Scizor\n|-boost|p1a: Scizor|atk|2\n|\n|upkeep\n|turn|14\n|-message|meteor1101 forfeited.\n|\n|win|anubisu\n|raw|anubisu's rating: 1311 &rarr; <strong>1331</strong><br />(+20 for winning)\n|raw|meteor1101's rating: 1308 &rarr; <strong>1288</strong><br />(-20 for losing)\n|l|\u2606meteor1101\n|player|p2|\n|l|\u2606anubisu\n|player|p1|\n",
  "uploadtime": 1776656472,
  "views": 0,
  "formatid": "gen9championsbssregma",
  "rating": 1288,
  "private": 0,
  "password": null
}