{
  "id": "gen9championsbssregma-2584171903",
  "format": "[Gen 9 Champions] BSS Reg M-A",
  "players": [
    "Keyan_Sans",
    "Scrambledegg62"
  ],
  "log": "|j|\u2606Keyan_Sans\n|j|\u2606Scrambledegg62\n|t:|1776233952\n|gametype|singles\n|player|p1|Keyan_Sans|hugh|1112\n|player|p2|Scrambledegg62|lance|1064\n|gen|9\n|tier|[Gen 9 Champions] BSS Reg M-A\n|rated|\n|rule|Species Clause: Limit one of each Pok\u00e9mon\n|rule|Item Clause: Limit 1 of each item\n|clearpoke\n|poke|p1|Kingambit, L50, M|\n|poke|p1|Starmie, L50|\n|poke|p1|Sneasler, L50, M|\n|poke|p1|Basculegion, L50, M|\n|poke|p1|Volcarona, L50, F|\n|poke|p1|Excadrill, L50, F|\n|poke|p2|Glimmora, L50, F|\n|poke|p2|Blastoise, L50, F|\n|poke|p2|Garchomp, L50, F|\n|poke|p2|Scizor, L50, F|\n|poke|p2|Corviknight, L50, F|\n|poke|p2|Dragonite, L50, M|\n|teampreview|3\n|inactive|Battle timer is ON: inactive players will automatically lose when time's up. (requested by Scrambledegg62)\n|inactive|Keyan_Sans has 60 seconds left.\n|\n|t:|1776233986\n|teamsize|p1|3\n|teamsize|p2|3\n|start\n|switch|p1a: Excadrill|Excadrill, L50, F|100/100\n|switch|p2a: Glimmora|Glimmora, L50, F|100/100\n|-ability|p1a: Excadrill|Mold Breaker\n|turn|1\n|\n|t:|1776233992\n|move|p1a: Excadrill|Earthquake|p2a: Glimmora\n|-supereffective|p2a: Glimmora|2\n|-enditem|p2a: Glimmora|Focus Sash\n|-damage|p2a: Glimmora|1/100\n|-activate|p2a: Glimmora|ability: Toxic Debris\n|-sidestart|p1: Keyan_Sans|move: Toxic Spikes\n|move|p2a: Glimmora|Earth Power|p1a: Excadrill\n|-supereffective|p1a: Excadrill|1\n|-enditem|p1a: Excadrill|Shuca Berry|[eat]\n|-enditem|p1a: Excadrill|Shuca Berry|[weaken]\n|-damage|p1a: Excadrill|64/100\n|\n|upkeep\n|turn|2\n|\n|t:|1776234003\n|move|p1a: Excadrill|Rapid Spin|p2a: Glimmora\n|-resisted|p2a: Glimmora|1\n|-damage|p2a: Glimmora|0 fnt\n|-boost|p1a: Excadrill|spe|1\n|-activate|p2a: Glimmora|ability: Toxic Debris\n|-sidestart|p1: Keyan_Sans|move: Toxic Spikes\n|-sideend|p1: Keyan_Sans|Toxic Spikes|[from] move: Rapid Spin|[of] p1a: Excadrill\n|faint|p2a: Glimmora\n|\n|upkeep\n|\n|t:|1776234008\n|switch|p2a: Blastoise|Blastoise, L50, F|100/100\n|turn|3\n|\n|t:|1776234014\n|detailschange|p2a: Blastoise|Blastoise-Mega, L50, F\n|-mega|p2a: Blastoise|Blastoise|Blastoisinite\n|move|p1a: Excadrill|Rock Tomb|p2a: Blastoise\n|-damage|p2a: Blastoise|85/100\n|-unboost|p2a: Blastoise|spe|1\n|move|p2a: Blastoise|Shell Smash|p2a: Blastoise\n|-unboost|p2a: Blastoise|def|1\n|-unboost|p2a: Blastoise|spd|1\n|-boost|p2a: Blastoise|atk|2\n|-boost|p2a: Blastoise|spa|2\n|-boost|p2a: Blastoise|spe|2\n|\n|upkeep\n|turn|4\n|\n|t:|1776234021\n|move|p1a: Excadrill|Earthquake|p2a: Blastoise\n|-damage|p2a: Blastoise|23/100\n|move|p2a: Blastoise|Aura Sphere|p1a: Excadrill\n|-supereffective|p1a: Excadrill|1\n|-damage|p1a: Excadrill|0 fnt\n|faint|p1a: Excadrill\n|\n|upkeep\n|\n|t:|1776234025\n|switch|p1a: Starmie|Starmie, L50|100/100\n|turn|5\n|\n|t:|1776234031\n|detailschange|p1a: Starmie|Starmie-Mega, L50\n|-mega|p1a: Starmie|Starmie|Starminite\n|move|p1a: Starmie|Aqua Jet|p2a: Blastoise\n|-resisted|p2a: Blastoise|1\n|-damage|p2a: Blastoise|1/100\n|move|p2a: Blastoise|Water Pulse|p1a: Starmie\n|-resisted|p1a: Starmie|1\n|-damage|p1a: Starmie|28/100\n|\n|upkeep\n|turn|6\n|\n|t:|1776234035\n|move|p1a: Starmie|Aqua Jet|p2a: Blastoise\n|-resisted|p2a: Blastoise|1\n|-damage|p2a: Blastoise|0 fnt\n|faint|p2a: Blastoise\n|\n|upkeep\n|\n|t:|1776234037\n|switch|p2a: Garchomp|Garchomp, L50, F, shiny|100/100\n|turn|7\n|\n|t:|1776234040\n|move|p2a: Garchomp|Iron Head|p1a: Starmie\n|-resisted|p1a: Starmie|1\n|-damage|p1a: Starmie|11/100\n|move|p1a: Starmie|Ice Spinner|p2a: Garchomp\n|-supereffective|p2a: Garchomp|2\n|-damage|p2a: Garchomp|0 fnt\n|-damage|p1a: Starmie|0 fnt|[from] ability: Rough Skin|[of] p2a: Garchomp\n|faint|p2a: Garchomp\n|faint|p1a: Starmie\n|\n|win|Keyan_Sans\n|raw|Keyan_Sans's rating: 1112 &rarr; <strong>1134</strong><br />(+22 for winning)\n|raw|Scrambledegg62's rating: 1064 &rarr; <strong>1047</strong><br />(-17 for losing)\n|l|\u2606Scrambledegg62\n|player|p2|\n",
  "uploadtime": 1776234044,
  "views": 5,
  "formatid": "gen9championsbssregma",
  "rating": 1047,
  "private": 0,
  "password": null
}