{
  "id": "gen9championsbssregma-2580392223",
  "format": "[Gen 9 Champions] BSS Reg M-A",
  "players": [
    "Oshawottpoke",
    "S1E1X1Y"
  ],
  "log": "|j|\u2606Oshawottpoke\n|j|\u2606S1E1X1Y\n|t:|1775889626\n|gametype|singles\n|player|p1|Oshawottpoke|2|\n|player|p2|S1E1X1Y|266|\n|gen|9\n|tier|[Gen 9 Champions] BSS Reg M-A\n|rule|Species Clause: Limit one of each Pok\u00e9mon\n|rule|Item Clause: Limit 1 of each item\n|clearpoke\n|poke|p1|Kangaskhan, L50, F|\n|poke|p1|Hippowdon, L50, F|\n|poke|p1|Aegislash, L50, M|\n|poke|p1|Glimmora, L50, F|\n|poke|p1|Greninja-*, L50, M|\n|poke|p1|Corviknight, L50, M|\n|poke|p2|Garchomp, L50, M|\n|poke|p2|Hippowdon, L50, M|\n|poke|p2|Greninja-*, L50, F|\n|teampreview|3\n|\n|t:|1775889647\n|teamsize|p1|3\n|teamsize|p2|3\n|start\n|switch|p1a: Glimmora|Glimmora, L50, F|100/100\n|switch|p2a: Hippowdon|Hippowdon, L50, M|100/100\n|-weather|Sandstorm|[from] ability: Sand Stream|[of] p2a: Hippowdon\n|turn|1\n|\n|t:|1775889669\n|move|p1a: Glimmora|Mortal Spin|p2a: Hippowdon\n|-resisted|p2a: Hippowdon|1\n|-damage|p2a: Hippowdon|98/100\n|-status|p2a: Hippowdon|psn\n|move|p2a: Hippowdon|Stealth Rock|p1a: Glimmora\n|-sidestart|p1: Oshawottpoke|move: Stealth Rock\n|\n|-weather|Sandstorm|[upkeep]\n|-damage|p2a: Hippowdon|86/100 psn|[from] psn\n|upkeep\n|turn|2\n|\n|t:|1775889682\n|move|p1a: Glimmora|Stealth Rock|p2a: Hippowdon\n|-sidestart|p2: S1E1X1Y|move: Stealth Rock\n|move|p2a: Hippowdon|Whirlwind|p1a: Glimmora\n|drag|p1a: Kangaskhan|Kangaskhan, L50, F|100/100\n|-damage|p1a: Kangaskhan|88/100|[from] Stealth Rock\n|\n|-weather|Sandstorm|[upkeep]\n|-damage|p1a: Kangaskhan|82/100|[from] Sandstorm\n|-damage|p2a: Hippowdon|74/100 psn|[from] psn\n|upkeep\n|turn|3\n|\n|t:|1775889694\n|detailschange|p1a: Kangaskhan|Kangaskhan-Mega, L50, F\n|-mega|p1a: Kangaskhan|Kangaskhan|Kangaskhanite\n|move|p1a: Kangaskhan|Fake Out|p2a: Hippowdon\n|-damage|p2a: Hippowdon|57/100 psn\n|-damage|p2a: Hippowdon|54/100 psn\n|-hitcount|p2a: Hippowdon|2\n|cant|p2a: Hippowdon|flinch\n|\n|-weather|Sandstorm|[upkeep]\n|-damage|p1a: Kangaskhan|76/100|[from] Sandstorm\n|-damage|p2a: Hippowdon|41/100 psn|[from] psn\n|upkeep\n|-enditem|p2a: Hippowdon|Sitrus Berry|[eat]\n|-heal|p2a: Hippowdon|66/100 psn|[from] item: Sitrus Berry\n|turn|4\n|\n|t:|1775889726\n|move|p1a: Kangaskhan|Double-Edge|p2a: Hippowdon\n|-damage|p2a: Hippowdon|18/100 psn\n|-damage|p2a: Hippowdon|7/100 psn\n|-hitcount|p2a: Hippowdon|2\n|-damage|p1a: Kangaskhan|56/100|[from] Recoil\n|move|p2a: Hippowdon|Whirlwind|p1a: Kangaskhan\n|drag|p1a: Greninja|Greninja, L50, M|100/100\n|-damage|p1a: Greninja|88/100|[from] Stealth Rock\n|\n|-weather|Sandstorm|[upkeep]\n|-damage|p1a: Greninja|82/100|[from] Sandstorm\n|-damage|p2a: Hippowdon|0 fnt|[from] psn\n|faint|p2a: Hippowdon\n|upkeep\n|\n|t:|1775889751\n|switch|p2a: Greninja|Greninja, L50, F|100/100\n|-damage|p2a: Greninja|88/100|[from] Stealth Rock\n|turn|5\n|\n|t:|1775889774\n|switch|p1a: Glimmora|Glimmora, L50, F|100/100\n|-damage|p1a: Glimmora|88/100|[from] Stealth Rock\n|detailschange|p2a: Greninja|Greninja-Mega, L50, F\n|-mega|p2a: Greninja|Greninja|Greninjite\n|move|p2a: Greninja|Gunk Shot|p1a: Glimmora\n|-start|p2a: Greninja|typechange|Poison|[from] ability: Protean\n|-resisted|p1a: Glimmora|2\n|-damage|p1a: Glimmora|69/100\n|-activate|p1a: Glimmora|ability: Toxic Debris\n|-sidestart|p2: S1E1X1Y|move: Toxic Spikes\n|\n|-weather|none\n|upkeep\n|turn|6\n|\n|t:|1775889789\n|move|p2a: Greninja|Flip Turn|p1a: Glimmora\n|-supereffective|p1a: Glimmora|1\n|-damage|p1a: Glimmora|14/100\n|-activate|p1a: Glimmora|ability: Toxic Debris\n|-sidestart|p2: S1E1X1Y|move: Toxic Spikes\n|\n|t:|1775889795\n|switch|p2a: Garchomp|Garchomp, L50, M|100/100|[from] Flip Turn\n|-damage|p2a: Garchomp|94/100|[from] Stealth Rock\n|-status|p2a: Garchomp|tox\n|move|p1a: Glimmora|Mud Shot|p2a: Garchomp\n|-damage|p2a: Garchomp|71/100 tox\n|-unboost|p2a: Garchomp|spe|1\n|\n|-damage|p2a: Garchomp|65/100 tox|[from] psn\n|upkeep\n|turn|7\n|\n|t:|1775889834\n|move|p1a: Glimmora|Mud Shot|p2a: Garchomp\n|-damage|p2a: Garchomp|44/100 tox\n|-unboost|p2a: Garchomp|spe|1\n|move|p2a: Garchomp|Earthquake|p1a: Glimmora\n|-supereffective|p1a: Glimmora|2\n|-damage|p1a: Glimmora|0 fnt\n|faint|p1a: Glimmora\n|\n|-damage|p2a: Garchomp|32/100 tox|[from] psn\n|upkeep\n|\n|t:|1775889852\n|switch|p1a: Greninja|Greninja, L50, M|82/100\n|-damage|p1a: Greninja|70/100|[from] Stealth Rock\n|turn|8\n|\n|t:|1775889867\n|move|p1a: Greninja|Dark Pulse|p2a: Garchomp\n|-start|p1a: Greninja|typechange|Dark|[from] ability: Protean\n|-damage|p2a: Garchomp|0 fnt\n|faint|p2a: Garchomp\n|\n|upkeep\n|\n|t:|1775889875\n|switch|p2a: Greninja|Greninja-Mega, L50, F|88/100\n|-damage|p2a: Greninja|76/100|[from] Stealth Rock\n|-status|p2a: Greninja|tox\n|turn|9\n|\n|t:|1775889890\n|move|p2a: Greninja|Liquidation|p1a: Greninja\n|-start|p2a: Greninja|typechange|Water|[from] ability: Protean\n|-damage|p1a: Greninja|0 fnt\n|faint|p1a: Greninja\n|\n|-damage|p2a: Greninja|70/100 tox|[from] psn\n|upkeep\n|\n|t:|1775889895\n|switch|p1a: Kangaskhan|Kangaskhan-Mega, L50, F|56/100\n|-damage|p1a: Kangaskhan|44/100|[from] Stealth Rock\n|turn|10\n|\n|t:|1775889912\n|move|p1a: Kangaskhan|Fake Out|p2a: Greninja\n|-damage|p2a: Greninja|34/100 tox\n|-damage|p2a: Greninja|27/100 tox\n|-hitcount|p2a: Greninja|2\n|cant|p2a: Greninja|flinch\n|\n|-damage|p2a: Greninja|15/100 tox|[from] psn\n|upkeep\n|turn|11\n|\n|t:|1775889921\n|move|p1a: Kangaskhan|Sucker Punch|p2a: Greninja\n|-damage|p2a: Greninja|0 fnt\n|faint|p2a: Greninja\n|-hitcount|p2: Greninja|1\n|\n|win|Oshawottpoke\n",
  "uploadtime": 1775889969,
  "views": 30,
  "formatid": "gen9championsbssregma",
  "rating": null,
  "private": 0,
  "password": null
}