{
  "id": "gen9championsbssregma-2585108294",
  "format": "[Gen 9 Champions] BSS Reg M-A",
  "players": [
    "4jyoudebu",
    "Mannerist"
  ],
  "log": "|j|\u26064jyoudebu\n|j|\u203dMannerist\n|t:|1776312681\n|gametype|singles\n|player|p1|4jyoudebu|crasherwake|1325\n|player|p2|Mannerist|wattson|1309\n|gen|9\n|tier|[Gen 9 Champions] BSS Reg M-A\n|rated|\n|rule|Species Clause: Limit one of each Pok\u00e9mon\n|rule|Item Clause: Limit 1 of each item\n|clearpoke\n|poke|p1|Garchomp, L50, M|\n|poke|p1|Basculegion, L50, M|\n|poke|p1|Mimikyu, L50, F|\n|poke|p1|Dragonite, L50, M|\n|poke|p1|Gengar, L50, M|\n|poke|p1|Archaludon, L50, M|\n|poke|p2|Glimmora, L50, M|\n|poke|p2|Gengar, L50, F|\n|poke|p2|Lopunny, L50, F|\n|poke|p2|Garchomp, L50, F|\n|poke|p2|Corviknight, L50, F|\n|poke|p2|Rotom-Wash, L50|\n|teampreview|3\n|j| p74\n|inactive|Battle timer is ON: inactive players will automatically lose when time's up. (requested by 4jyoudebu)\n|inactive|4jyoudebu has 60 seconds left.\n|inactive|Mannerist has 60 seconds left.\n|\n|t:|1776312725\n|teamsize|p1|3\n|teamsize|p2|3\n|start\n|switch|p1a: Garchomp|Garchomp, L50, M, shiny|100/100\n|switch|p2a: Lopunny|Lopunny, L50, F|100/100\n|turn|1\n|\n|t:|1776312732\n|detailschange|p2a: Lopunny|Lopunny-Mega, L50, F\n|-mega|p2a: Lopunny|Lopunny|Lopunnite\n|move|p2a: Lopunny|Ice Punch|p1a: Garchomp\n|-supereffective|p1a: Garchomp|2\n|-damage|p1a: Garchomp|11/100\n|-damage|p2a: Lopunny|89/100|[from] ability: Rough Skin|[of] p1a: Garchomp\n|-enditem|p1a: Garchomp|Sitrus Berry|[eat]\n|-heal|p1a: Garchomp|36/100|[from] item: Sitrus Berry\n|move|p1a: Garchomp|Earthquake|p2a: Lopunny\n|-damage|p2a: Lopunny|27/100\n|\n|upkeep\n|turn|2\n|\n|t:|1776312740\n|move|p2a: Lopunny|Close Combat|p1a: Garchomp\n|-damage|p1a: Garchomp|0 fnt\n|-unboost|p2a: Lopunny|def|1\n|-unboost|p2a: Lopunny|spd|1\n|-damage|p2a: Lopunny|15/100|[from] ability: Rough Skin|[of] p1a: Garchomp\n|faint|p1a: Garchomp\n|\n|upkeep\n|\n|t:|1776312743\n|switch|p1a: Dragonite|Dragonite, L50, M, shiny|100/100\n|turn|3\n|\n|t:|1776312746\n|switch|p2a: Corviknight|Corviknight, L50, F|100/100\n|-ability|p2a: Corviknight|Pressure\n|move|p1a: Dragonite|Extreme Speed|p2a: Corviknight\n|-resisted|p2a: Corviknight|1\n|-damage|p2a: Corviknight|93/100\n|\n|upkeep\n|turn|4\n|\n|t:|1776312749\n|detailschange|p1a: Dragonite|Dragonite-Mega, L50, M, shiny\n|-mega|p1a: Dragonite|Dragonite|Dragoninite\n|move|p1a: Dragonite|Flamethrower|p2a: Corviknight\n|-supereffective|p2a: Corviknight|1\n|-damage|p2a: Corviknight|22/100\n|-enditem|p2a: Corviknight|Sitrus Berry|[eat]\n|-heal|p2a: Corviknight|47/100|[from] item: Sitrus Berry\n|move|p2a: Corviknight|Bulk Up|p2a: Corviknight\n|-boost|p2a: Corviknight|atk|1\n|-boost|p2a: Corviknight|def|1\n|\n|upkeep\n|turn|5\n|\n|t:|1776312757\n|switch|p2a: Rotom|Rotom-Wash, L50|100/100\n|move|p1a: Dragonite|Flamethrower|p2a: Rotom\n|-resisted|p2a: Rotom|1\n|-damage|p2a: Rotom|86/100\n|\n|-heal|p2a: Rotom|92/100|[from] item: Leftovers\n|upkeep\n|turn|6\n|\n|t:|1776312761\n|move|p1a: Dragonite|Draco Meteor|p2a: Rotom\n|-damage|p2a: Rotom|27/100\n|-unboost|p1a: Dragonite|spa|2\n|move|p2a: Rotom|Thunder Wave|p1a: Dragonite\n|-status|p1a: Dragonite|par\n|\n|-heal|p2a: Rotom|32/100|[from] item: Leftovers\n|upkeep\n|turn|7\n|j| huhyuhyuhyuh\n|\n|t:|1776312776\n|switch|p1a: Mimikyu|Mimikyu, L50, F, shiny|100/100\n|move|p2a: Rotom|Volt Switch|p1a: Mimikyu\n|-activate|p1a: Mimikyu|ability: Disguise\n|-damage|p1a: Mimikyu|100/100\n|detailschange|p1a: Mimikyu|Mimikyu-Busted, L50, F, shiny\n|-damage|p1a: Mimikyu|88/100|[from] pokemon: Mimikyu-Busted\n|\n|t:|1776312783\n|switch|p2a: Corviknight|Corviknight, L50, F|47/100|[from] Volt Switch\n|-ability|p2a: Corviknight|Pressure\n|\n|upkeep\n|turn|8\n|\n|t:|1776312786\n|switch|p1a: Dragonite|Dragonite-Mega, L50, M, shiny|100/100 par\n|move|p2a: Corviknight|Roost|p2a: Corviknight\n|-heal|p2a: Corviknight|98/100\n|-singleturn|p2a: Corviknight|move: Roost\n|\n|upkeep\n|turn|9\n|\n|t:|1776312799\n|move|p2a: Corviknight|U-turn|p1a: Dragonite\n|-resisted|p1a: Dragonite|1\n|-damage|p1a: Dragonite|97/100 par\n|\n|t:|1776312801\n|switch|p2a: Lopunny|Lopunny-Mega, L50, F|15/100|[from] U-turn\n|move|p1a: Dragonite|Flamethrower|p2a: Lopunny\n|-damage|p2a: Lopunny|0 fnt\n|faint|p2a: Lopunny\n|\n|upkeep\n|\n|t:|1776312811\n|switch|p2a: Corviknight|Corviknight, L50, F|98/100\n|-ability|p2a: Corviknight|Pressure\n|turn|10\n|\n|t:|1776312814\n|move|p2a: Corviknight|Brave Bird|p1a: Dragonite\n|-damage|p1a: Dragonite|68/100 par\n|-damage|p2a: Corviknight|88/100|[from] Recoil\n|move|p1a: Dragonite|Flamethrower|p2a: Corviknight\n|-supereffective|p2a: Corviknight|1\n|-damage|p2a: Corviknight|14/100\n|\n|upkeep\n|turn|11\n|\n|t:|1776312831\n|move|p2a: Corviknight|Roost|p2a: Corviknight\n|-heal|p2a: Corviknight|64/100\n|-singleturn|p2a: Corviknight|move: Roost\n|move|p1a: Dragonite|Flamethrower|p2a: Corviknight\n|-supereffective|p2a: Corviknight|1\n|-damage|p2a: Corviknight|0 fnt\n|faint|p2a: Corviknight\n|\n|upkeep\n|-message|Mannerist forfeited.\n|\n|win|4jyoudebu\n|raw|4jyoudebu's rating: 1325 &rarr; <strong>1344</strong><br />(+19 for winning)\n|raw|Mannerist's rating: 1309 &rarr; <strong>1290</strong><br />(-19 for losing)\n|l|\u203dMannerist\n|player|p2|\n|l|\u26064jyoudebu\n|player|p1|\n|l| huhyuhyuhyuh\n",
  "uploadtime": 1776312983,
  "views": 7,
  "formatid": "gen9championsbssregma",
  "rating": 1290,
  "private": 0,
  "password": null
}