{
  "id": "gen9championsbssregma-2587786146",
  "format": "[Gen 9 Champions] BSS Reg M-A",
  "players": [
    "Umbreonuser1",
    "Jin_Shirato_P3"
  ],
  "log": "|j|\u2606Umbreonuser1\n|j|\u2606Jin_Shirato_P3\n|t:|1776563862\n|gametype|singles\n|player|p1|Umbreonuser1|pokemaniac|1000\n|player|p2|Jin_Shirato_P3|collector|1000\n|gen|9\n|tier|[Gen 9 Champions] BSS Reg M-A\n|rated|\n|rule|Species Clause: Limit one of each Pok\u00e9mon\n|rule|Item Clause: Limit 1 of each item\n|clearpoke\n|poke|p1|Hawlucha, L50, F|\n|poke|p1|Excadrill, L50, F|\n|poke|p1|Maushold, L50|\n|poke|p1|Hydrapple, L50, F|\n|poke|p1|Runerigus, L50, F|\n|poke|p1|Mr. Rime, L50, M|\n|poke|p2|Zoroark-Hisui, L50, M, shiny|\n|poke|p2|Espeon, L50, M, shiny|\n|poke|p2|Ampharos, L50, F, shiny|\n|poke|p2|Lucario, L50, M|\n|poke|p2|Decidueye, L50, F|\n|poke|p2|Typhlosion-Hisui, L50, M|\n|teampreview|3\n|inactive|Battle timer is ON: inactive players will automatically lose when time's up. (requested by Jin_Shirato_P3)\n|c|\u2606Jin_Shirato_P3|Glhf\n|c|\u2606Umbreonuser1|yt\n|\n|t:|1776563882\n|teamsize|p1|3\n|teamsize|p2|3\n|start\n|switch|p1a: Maushold|Maushold, L50|100/100\n|switch|p2a: Jin|Espeon, L50, M, shiny|100/100\n|turn|1\n|\n|t:|1776563894\n|move|p1a: Maushold|Tidy Up|p1a: Maushold\n|-boost|p1a: Maushold|atk|1\n|-boost|p1a: Maushold|spe|1\n|move|p2a: Jin|Will-O-Wisp|p1a: Maushold\n|-status|p1a: Maushold|brn\n|\n|-damage|p1a: Maushold|94/100 brn|[from] brn\n|upkeep\n|turn|2\n|\n|t:|1776563902\n|move|p1a: Maushold|Population Bomb|p2a: Jin\n|-immune|p2a: Jin\n|move|p2a: Jin|Bitter Malice|p1a: Maushold\n|-immune|p1a: Maushold\n|\n|-damage|p1a: Maushold|88/100 brn|[from] brn\n|upkeep\n|turn|3\n|l|\u2606Jin_Shirato_P3\n|inactive|Jin_Shirato_P3 disconnected and has a minute to reconnect!\n|player|p2|\n|inactive|Jin_Shirato_P3 has 30 seconds left.\n|j|\u2606Jin_Shirato_P3\n|inactive|Jin_Shirato_P3 reconnected and has 30 seconds left.\n|player|p2|Jin_Shirato_P3|collector|\n|\n|t:|1776563931\n|move|p1a: Maushold|Encore|p2a: Jin\n|-start|p2a: Jin|Encore\n|move|p2a: Jin|Bitter Malice|p1a: Maushold\n|-immune|p1a: Maushold\n|\n|-damage|p1a: Maushold|82/100 brn|[from] brn\n|upkeep\n|turn|4\n|\n|t:|1776563941\n|switch|p2a: Yukari|Decidueye, L50, F|100/100\n|move|p1a: Maushold|Tidy Up|p1a: Maushold\n|-boost|p1a: Maushold|atk|1\n|-boost|p1a: Maushold|spe|1\n|\n|-damage|p1a: Maushold|76/100 brn|[from] brn\n|upkeep\n|turn|5\n|\n|t:|1776563950\n|move|p1a: Maushold|Play Rough|p2a: Yukari\n|-damage|p2a: Yukari|74/100\n|move|p2a: Yukari|Knock Off|p1a: Maushold\n|-damage|p1a: Maushold|29/100 brn\n|-enditem|p1a: Maushold|King's Rock|[from] move: Knock Off|[of] p2a: Yukari\n|\n|-damage|p1a: Maushold|23/100 brn|[from] brn\n|upkeep\n|turn|6\n|\n|t:|1776563958\n|move|p1a: Maushold|Play Rough|p2a: Yukari\n|-damage|p2a: Yukari|48/100\n|move|p2a: Yukari|Leaf Blade|p1a: Maushold\n|-damage|p1a: Maushold|0 fnt\n|faint|p1a: Maushold\n|\n|upkeep\n|\n|t:|1776563968\n|switch|p1a: Runerigus|Runerigus, L50, F|100/100\n|turn|7\n|\n|t:|1776563971\n|move|p2a: Yukari|Shadow Sneak|p1a: Runerigus\n|-supereffective|p1a: Runerigus|1\n|-damage|p1a: Runerigus|63/100\n|move|p1a: Runerigus|Trick Room|p1a: Runerigus\n|-fieldstart|move: Trick Room|[of] p1a: Runerigus\n|\n|upkeep\n|turn|8\n|\n|t:|1776563976\n|move|p2a: Yukari|Shadow Sneak|p1a: Runerigus\n|-supereffective|p1a: Runerigus|1\n|-damage|p1a: Runerigus|27/100\n|-enditem|p1a: Runerigus|Sitrus Berry|[eat]\n|-heal|p1a: Runerigus|51/100|[from] item: Sitrus Berry\n|move|p1a: Runerigus|Phantom Force||[still]\n|-prepare|p1a: Runerigus|Phantom Force\n|\n|upkeep\n|turn|9\n|\n|t:|1776563986\n|switch|p2a: Jin|Espeon, L50, M, shiny|100/100\n|move|p1a: Runerigus|Phantom Force|p2a: Jin|[from] lockedmove\n|-immune|p2a: Jin\n|\n|upkeep\n|turn|10\n|\n|t:|1776563995\n|move|p1a: Runerigus|Earthquake|p2a: Jin\n|-damage|p2a: Jin|7/100\n|replace|p2a: Takaya|Zoroark-Hisui, L50, M, shiny\n|-end|p2a: Takaya|Illusion\n|move|p2a: Takaya|Snarl|p1a: Runerigus\n|-supereffective|p1a: Runerigus|1\n|-damage|p1a: Runerigus|8/100\n|-unboost|p1a: Runerigus|spa|1\n|\n|upkeep\n|turn|11\n|\n|t:|1776564007\n|move|p1a: Runerigus|Earthquake|p2a: Takaya\n|-damage|p2a: Takaya|0 fnt\n|faint|p2a: Takaya\n|\n|-fieldend|move: Trick Room\n|upkeep\n|\n|t:|1776564013\n|switch|p2a: Yukari|Decidueye, L50, F|48/100\n|turn|12\n|\n|t:|1776564017\n|move|p2a: Yukari|Shadow Sneak|p1a: Runerigus\n|-supereffective|p1a: Runerigus|1\n|-damage|p1a: Runerigus|0 fnt\n|faint|p1a: Runerigus\n|\n|upkeep\n|\n|t:|1776564020\n|switch|p1a: Hydrapple|Hydrapple, L50, F|100/100\n|-ability|p1a: Hydrapple|Supersweet Syrup\n|-unboost|p2a: Yukari|evasion|1\n|turn|13\n|\n|t:|1776564025\n|move|p2a: Yukari|Knock Off|p1a: Hydrapple\n|-damage|p1a: Hydrapple|73/100\n|-enditem|p1a: Hydrapple|Quick Claw|[from] move: Knock Off|[of] p2a: Yukari\n|move|p1a: Hydrapple|Fickle Beam|p2a: Yukari\n|-damage|p2a: Yukari|9/100\n|\n|upkeep\n|turn|14\n|\n|t:|1776564033\n|move|p2a: Yukari|Spirit Shackle|p1a: Hydrapple\n|-damage|p1a: Hydrapple|26/100\n|-activate|p1a: Hydrapple|trapped\n|move|p1a: Hydrapple|Fickle Beam|p2a: Yukari|[anim] Fickle Beam All Out\n|-activate|p1a: Hydrapple|move: Fickle Beam\n|-damage|p2a: Yukari|0 fnt\n|faint|p2a: Yukari\n|\n|upkeep\n|\n|t:|1776564041\n|switch|p2a: Jin|Espeon, L50, M, shiny|100/100\n|turn|15\n|c|\u2606Jin_Shirato_P3|gg\n|c|\u2606Umbreonuser1|gulp\n|\n|t:|1776564052\n|move|p2a: Jin|Draining Kiss|p1a: Hydrapple\n|-supereffective|p1a: Hydrapple|1\n|-damage|p1a: Hydrapple|0 fnt\n|faint|p1a: Hydrapple\n|\n|win|Jin_Shirato_P3\n|raw|Umbreonuser1's rating: 1000 &rarr; <strong>1000</strong><br />(+0 for losing)\n|raw|Jin_Shirato_P3's rating: 1000 &rarr; <strong>1040</strong><br />(+40 for winning)\n|c|\u2606Umbreonuser1|ggs\n|l|\u2606Umbreonuser1\n|player|p1|\n",
  "uploadtime": 1776564087,
  "views": 2,
  "formatid": "gen9championsbssregma",
  "rating": 1000,
  "private": 0,
  "password": null
}