{
  "id": "gen9championsbssregma-2583063315",
  "format": "[Gen 9 Champions] BSS Reg M-A",
  "players": [
    "Hiraminu",
    "lstdddsb"
  ],
  "log": "|j|\u2606Hiraminu\n|j|\u2606lstdddsb\n|t:|1776137996\n|gametype|singles\n|player|p1|Hiraminu|265|1188\n|player|p2|lstdddsb|riley|1220\n|gen|9\n|tier|[Gen 9 Champions] BSS Reg M-A\n|rated|\n|rule|Species Clause: Limit one of each Pok\u00e9mon\n|rule|Item Clause: Limit 1 of each item\n|clearpoke\n|poke|p1|Lycanroc-Midnight, L50, F|\n|poke|p1|Corviknight, L50, F|\n|poke|p1|Azumarill, L50, F|\n|poke|p1|Volcarona, L50, M|\n|poke|p1|Ampharos, L50, M|\n|poke|p1|Greninja-*, L50, F|\n|poke|p2|Gallade, L50, M|\n|poke|p2|Hydreigon, L50, F|\n|poke|p2|Mimikyu, L50, M|\n|poke|p2|Clefable, L50, F|\n|poke|p2|Volcarona, L50, M|\n|poke|p2|Venusaur, L50, F|\n|teampreview|3\n|inactive|Battle timer is ON: inactive players will automatically lose when time's up. (requested by lstdddsb)\n|\n|t:|1776138023\n|teamsize|p1|3\n|teamsize|p2|3\n|start\n|switch|p1a: Greninja|Greninja, L50, F|100/100\n|switch|p2a: Venusaur|Venusaur, L50, F|100/100\n|turn|1\n|\n|t:|1776138030\n|detailschange|p2a: Venusaur|Venusaur-Mega, L50, F\n|-mega|p2a: Venusaur|Venusaur|Venusaurite\n|move|p1a: Greninja|U-turn|p2a: Venusaur\n|-start|p1a: Greninja|typechange|Bug|[from] ability: Protean\n|-damage|p2a: Venusaur|84/100\n|\n|t:|1776138036\n|switch|p1a: Volcarona|Volcarona, L50, M|100/100|[from] U-turn\n|move|p2a: Venusaur|Leech Seed|p1a: Volcarona\n|-start|p1a: Volcarona|move: Leech Seed\n|\n|-damage|p1a: Volcarona|88/100|[from] Leech Seed|[of] p2a: Venusaur\n|-heal|p2a: Venusaur|96/100|[silent]\n|upkeep\n|turn|2\n|\n|t:|1776138047\n|switch|p2a: Mimikyu|Mimikyu, L50, M|100/100\n|move|p1a: Volcarona|Quiver Dance|p1a: Volcarona\n|-boost|p1a: Volcarona|spa|1\n|-boost|p1a: Volcarona|spd|1\n|-boost|p1a: Volcarona|spe|1\n|\n|-damage|p1a: Volcarona|76/100|[from] Leech Seed|[of] p2a: Mimikyu\n|upkeep\n|turn|3\n|\n|t:|1776138058\n|move|p1a: Volcarona|Giga Drain|p2a: Mimikyu\n|-activate|p2a: Mimikyu|ability: Disguise\n|-damage|p2a: Mimikyu|100/100\n|detailschange|p2a: Mimikyu|Mimikyu-Busted, L50, M\n|-damage|p2a: Mimikyu|88/100|[from] pokemon: Mimikyu-Busted\n|move|p2a: Mimikyu|Curse|p1a: Volcarona\n|-start|p1a: Volcarona|Curse|[of] p2a: Mimikyu\n|-damage|p2a: Mimikyu|38/100\n|\n|-damage|p1a: Volcarona|64/100|[from] Leech Seed|[of] p2a: Mimikyu\n|-heal|p2a: Mimikyu|52/100|[silent]\n|-damage|p1a: Volcarona|39/100|[from] Curse\n|upkeep\n|turn|4\n|\n|t:|1776138074\n|switch|p2a: Venusaur|Venusaur-Mega, L50, F|96/100\n|move|p1a: Volcarona|Bug Buzz|p2a: Venusaur\n|-crit|p2a: Venusaur\n|-damage|p2a: Venusaur|37/100\n|\n|-damage|p1a: Volcarona|27/100|[from] Leech Seed|[of] p2a: Venusaur\n|-heal|p2a: Venusaur|49/100|[silent]\n|-damage|p1a: Volcarona|2/100|[from] Curse\n|upkeep\n|turn|5\n|\n|t:|1776138084\n|move|p1a: Volcarona|Fire Blast|p2a: Venusaur\n|-supereffective|p2a: Venusaur|1\n|-crit|p2a: Venusaur\n|-damage|p2a: Venusaur|0 fnt\n|faint|p2a: Venusaur\n|\n|-damage|p1a: Volcarona|0 fnt|[from] Curse\n|faint|p1a: Volcarona\n|upkeep\n|j| p74\n|j| gawayneou\n|\n|t:|1776138093\n|switch|p1a: Azumarill|Azumarill, L50, F|100/100\n|switch|p2a: Gallade|Gallade, L50, M|100/100\n|turn|6\n|\n|t:|1776138100\n|move|p2a: Gallade|Leaf Blade|p1a: Azumarill\n|-supereffective|p1a: Azumarill|1\n|-damage|p1a: Azumarill|0 fnt\n|faint|p1a: Azumarill\n|\n|upkeep\n|\n|t:|1776138103\n|switch|p1a: Greninja|Greninja, L50, F|100/100\n|turn|7\n|\n|t:|1776138111\n|switch|p2a: Mimikyu|Mimikyu-Busted, L50, M|52/100\n|move|p1a: Greninja|Hydro Pump|p2a: Mimikyu\n|-start|p1a: Greninja|typechange|Water|[from] ability: Protean\n|-damage|p2a: Mimikyu|0 fnt\n|faint|p2a: Mimikyu\n|\n|upkeep\n|\n|t:|1776138120\n|switch|p2a: Gallade|Gallade, L50, M|100/100\n|turn|8\n|\n|t:|1776138123\n|move|p1a: Greninja|Hydro Pump|p2a: Gallade\n|-damage|p2a: Gallade|46/100\n|move|p2a: Gallade|Leaf Blade|p1a: Greninja\n|-supereffective|p1a: Greninja|1\n|-damage|p1a: Greninja|0 fnt\n|faint|p1a: Greninja\n|\n|win|lstdddsb\n|raw|Hiraminu's rating: 1188 &rarr; <strong>1165</strong><br />(-23 for losing)\n|raw|lstdddsb's rating: 1220 &rarr; <strong>1243</strong><br />(+23 for winning)\n|l|\u2606Hiraminu\n|player|p1|\n",
  "uploadtime": 1776138131,
  "views": 3,
  "formatid": "gen9championsbssregma",
  "rating": 1165,
  "private": 0,
  "password": null
}