{
  "id": "gen9championsbssregma-2588072089",
  "format": "[Gen 9 Champions] BSS Reg M-A",
  "players": [
    "adfsdfsdfsdaf",
    "davdsso"
  ],
  "log": "|j|\u2606adfsdfsdfsdaf\n|j|\u2606davdsso\n|t:|1776600963\n|gametype|singles\n|player|p1|adfsdfsdfsdaf|2|1225\n|player|p2|davdsso|hilbert|1117\n|gen|9\n|tier|[Gen 9 Champions] BSS Reg M-A\n|rated|\n|rule|Species Clause: Limit one of each Pok\u00e9mon\n|rule|Item Clause: Limit 1 of each item\n|clearpoke\n|poke|p1|Aegislash, L50, M|\n|poke|p1|Rotom-Heat, L50|\n|poke|p1|Venusaur, L50, M|\n|poke|p1|Clefable, L50, F|\n|poke|p1|Hippowdon, L50, F|\n|poke|p1|Sableye, L50, F|\n|poke|p2|Palafin, L50, M|\n|poke|p2|Gengar, L50, M|\n|poke|p2|Scizor, L50, F|\n|poke|p2|Lopunny, L50, F|\n|poke|p2|Sylveon, L50, F|\n|poke|p2|Hydreigon, L50, M, shiny|\n|teampreview|3\n|inactive|Battle timer is ON: inactive players will automatically lose when time's up. (requested by davdsso)\n|\n|t:|1776600989\n|teamsize|p1|3\n|teamsize|p2|3\n|start\n|switch|p1a: Sableye|Sableye, L50, F|100/100\n|switch|p2a: Palafin|Palafin, L50, M|100/100\n|turn|1\n|\n|t:|1776601005\n|detailschange|p1a: Sableye|Sableye-Mega, L50, F\n|-mega|p1a: Sableye|Sableye|Sablenite\n|move|p1a: Sableye|Fake Out|p2a: Palafin\n|-damage|p2a: Palafin|89/100\n|cant|p2a: Palafin|flinch\n|\n|upkeep\n|turn|2\n|\n|t:|1776601013\n|move|p2a: Palafin|Flip Turn|p1a: Sableye\n|-damage|p1a: Sableye|83/100\n|\n|t:|1776601016\n|detailschange|p2a: Palafin|Palafin-Hero, L50, M\n|switch|p2a: Scizor|Scizor, L50, F|100/100|[from] Flip Turn\n|move|p1a: Sableye|Will-O-Wisp|p2a: Scizor\n|-status|p2a: Scizor|brn\n|\n|-damage|p2a: Scizor|94/100 brn|[from] brn\n|upkeep\n|turn|3\n|\n|t:|1776601025\n|move|p2a: Scizor|Swords Dance|p2a: Scizor\n|-boost|p2a: Scizor|atk|2\n|move|p1a: Sableye|Foul Play|p2a: Scizor\n|-damage|p2a: Scizor|0 fnt\n|faint|p2a: Scizor\n|\n|upkeep\n|\n|t:|1776601033\n|switch|p2a: Hydreigon|Hydreigon, L50, M, shiny|100/100\n|turn|4\n|\n|t:|1776601050\n|move|p2a: Hydreigon|Dark Pulse|p1a: Sableye\n|-damage|p1a: Sableye|51/100\n|move|p1a: Sableye|Recover|p1a: Sableye\n|-heal|p1a: Sableye|100/100\n|\n|upkeep\n|turn|5\n|c|\u2606davdsso|gg\n|\n|t:|1776601061\n|move|p2a: Hydreigon|Dark Pulse|p1a: Sableye\n|-damage|p1a: Sableye|68/100\n|move|p1a: Sableye|Will-O-Wisp|p2a: Hydreigon\n|-status|p2a: Hydreigon|brn\n|\n|-damage|p2a: Hydreigon|95/100 brn|[from] brn\n|upkeep\n|turn|6\n|\n|t:|1776601069\n|move|p2a: Hydreigon|Dark Pulse|p1a: Sableye\n|-damage|p1a: Sableye|34/100\n|move|p1a: Sableye|Foul Play|p2a: Hydreigon\n|-resisted|p2a: Hydreigon|1\n|-damage|p2a: Hydreigon|77/100 brn\n|\n|-damage|p2a: Hydreigon|71/100 brn|[from] brn\n|upkeep\n|turn|7\n|\n|t:|1776601078\n|move|p2a: Hydreigon|Dark Pulse|p1a: Sableye\n|-damage|p1a: Sableye|2/100\n|move|p1a: Sableye|Recover|p1a: Sableye\n|-heal|p1a: Sableye|53/100\n|\n|-damage|p2a: Hydreigon|65/100 brn|[from] brn\n|upkeep\n|turn|8\n|\n|t:|1776601086\n|move|p2a: Hydreigon|Dark Pulse|p1a: Sableye\n|-damage|p1a: Sableye|22/100\n|move|p1a: Sableye|Recover|p1a: Sableye\n|-heal|p1a: Sableye|72/100\n|\n|-damage|p2a: Hydreigon|59/100 brn|[from] brn\n|upkeep\n|turn|9\n|\n|t:|1776601095\n|move|p2a: Hydreigon|Dark Pulse|p1a: Sableye\n|-damage|p1a: Sableye|41/100\n|cant|p1a: Sableye|flinch\n|\n|-damage|p2a: Hydreigon|53/100 brn|[from] brn\n|upkeep\n|turn|10\n|\n|t:|1776601102\n|move|p2a: Hydreigon|Dark Pulse|p1a: Sableye\n|-damage|p1a: Sableye|8/100\n|move|p1a: Sableye|Recover|p1a: Sableye\n|-heal|p1a: Sableye|58/100\n|\n|-damage|p2a: Hydreigon|47/100 brn|[from] brn\n|upkeep\n|turn|11\n|\n|t:|1776601112\n|move|p2a: Hydreigon|Dark Pulse|p1a: Sableye\n|-damage|p1a: Sableye|25/100\n|move|p1a: Sableye|Recover|p1a: Sableye\n|-heal|p1a: Sableye|76/100\n|\n|-damage|p2a: Hydreigon|41/100 brn|[from] brn\n|upkeep\n|turn|12\n|\n|t:|1776601120\n|move|p2a: Hydreigon|Dark Pulse|p1a: Sableye\n|-damage|p1a: Sableye|39/100\n|cant|p1a: Sableye|flinch\n|\n|-damage|p2a: Hydreigon|35/100 brn|[from] brn\n|upkeep\n|turn|13\n|\n|t:|1776601127\n|move|p2a: Hydreigon|Dark Pulse|p1a: Sableye\n|-damage|p1a: Sableye|7/100\n|move|p1a: Sableye|Recover|p1a: Sableye\n|-heal|p1a: Sableye|57/100\n|\n|-damage|p2a: Hydreigon|29/100 brn|[from] brn\n|upkeep\n|turn|14\n|\n|t:|1776601136\n|move|p2a: Hydreigon|Dark Pulse|p1a: Sableye\n|-damage|p1a: Sableye|24/100\n|move|p1a: Sableye|Recover|p1a: Sableye\n|-heal|p1a: Sableye|74/100\n|\n|-damage|p2a: Hydreigon|24/100 brn|[from] brn\n|upkeep\n|turn|15\n|\n|t:|1776601145\n|move|p2a: Hydreigon|Dark Pulse|p1a: Sableye\n|-damage|p1a: Sableye|43/100\n|cant|p1a: Sableye|flinch\n|\n|-damage|p2a: Hydreigon|18/100 brn|[from] brn\n|upkeep\n|turn|16\n|\n|t:|1776601154\n|move|p2a: Hydreigon|Dark Pulse|p1a: Sableye\n|-damage|p1a: Sableye|10/100\n|move|p1a: Sableye|Recover|p1a: Sableye\n|-heal|p1a: Sableye|60/100\n|\n|-damage|p2a: Hydreigon|12/100 brn|[from] brn\n|upkeep\n|turn|17\n|\n|t:|1776601163\n|move|p2a: Hydreigon|Dark Pulse|p1a: Sableye\n|-damage|p1a: Sableye|24/100\n|move|p1a: Sableye|Foul Play|p2a: Hydreigon\n|-resisted|p2a: Hydreigon|1\n|-damage|p2a: Hydreigon|0 fnt\n|faint|p2a: Hydreigon\n|\n|upkeep\n|\n|t:|1776601174\n|switch|p2a: Palafin|Palafin-Hero, L50, M|89/100\n|-activate|p2a: Palafin|ability: Zero to Hero\n|turn|18\n|\n|t:|1776601180\n|move|p2a: Palafin|Jet Punch|p1a: Sableye\n|-damage|p1a: Sableye|0 fnt\n|faint|p1a: Sableye\n|\n|upkeep\n|\n|t:|1776601185\n|switch|p1a: Aegislash|Aegislash, L50, M|100/100\n|turn|19\n|\n|t:|1776601189\n|move|p2a: Palafin|Wave Crash|p1a: Aegislash\n|-damage|p1a: Aegislash|39/100\n|-damage|p2a: Palafin|69/100|[from] Recoil\n|-formechange|p1a: Aegislash|Aegislash-Blade|\n|move|p1a: Aegislash|Shadow Ball|p2a: Palafin\n|-damage|p2a: Palafin|17/100\n|-unboost|p2a: Palafin|spd|1\n|-enditem|p2a: Palafin|Sitrus Berry|[eat]\n|-heal|p2a: Palafin|42/100|[from] item: Sitrus Berry\n|\n|-heal|p1a: Aegislash|45/100|[from] item: Leftovers\n|upkeep\n|turn|20\n|\n|t:|1776601202\n|move|p2a: Palafin|Jet Punch|p1a: Aegislash\n|-damage|p1a: Aegislash|0 fnt\n|faint|p1a: Aegislash\n|\n|upkeep\n|\n|t:|1776601204\n|switch|p1a: Clefable|Clefable, L50, F|100/100\n|turn|21\n|\n|t:|1776601209\n|move|p2a: Palafin|Wave Crash|p1a: Clefable\n|-damage|p1a: Clefable|41/100\n|-enditem|p1a: Clefable|Sitrus Berry|[eat]\n|-heal|p1a: Clefable|65/100|[from] item: Sitrus Berry\n|-damage|p2a: Palafin|19/100|[from] Recoil\n|move|p1a: Clefable|Moonblast|p2a: Palafin\n|-damage|p2a: Palafin|0 fnt\n|faint|p2a: Palafin\n|\n|win|adfsdfsdfsdaf\n|raw|adfsdfsdfsdaf's rating: 1225 &rarr; <strong>1242</strong><br />(+17 for winning)\n|raw|davdsso's rating: 1117 &rarr; <strong>1100</strong><br />(-17 for losing)\n",
  "uploadtime": 1776601212,
  "views": 3,
  "formatid": "gen9championsbssregma",
  "rating": 1100,
  "private": 0,
  "password": null
}