{
  "id": "gen9championsbssregma-2586798073",
  "format": "[Gen 9 Champions] BSS Reg M-A",
  "players": [
    "TastieGaming",
    "Manu016"
  ],
  "log": "|j|\u2606TastieGaming\n|j|\u2606Manu016\n|inactive|Battle timer is ON: inactive players will automatically lose when time's up.\n|t:|1776460744\n|gametype|singles\n|player|p1|TastieGaming|barry|\n|player|p2|Manu016|hilbert-wonderlauncher|\n|gen|9\n|tier|[Gen 9 Champions] BSS Reg M-A\n|rated|Tournament battle\n|rule|Species Clause: Limit one of each Pok\u00e9mon\n|rule|Item Clause: Limit 1 of each item\n|clearpoke\n|poke|p1|Charizard, L50, F|\n|poke|p1|Hippowdon, L50, M|\n|poke|p1|Primarina, L50, F|\n|poke|p1|Meowscarada, L50, F|\n|poke|p1|Sneasler, L50, F|\n|poke|p1|Starmie, L50|\n|poke|p2|Starmie, L50|\n|poke|p2|Skarmory, L50, M|\n|poke|p2|Dragonite, L50, F|\n|poke|p2|Hatterene, L50, F|\n|poke|p2|Samurott-Hisui, L50, M|\n|poke|p2|Volcarona, L50, M|\n|teampreview|3\n|inactive|TastieGaming also wants the timer to be on.\n|j| biggruse04\n|j| TheNewBrends11@!\n|c| biggruse04|huh\n|inactive|TastieGaming has 60 seconds left.\n|inactive|Manu016 has 60 seconds left.\n|c| biggruse04|lead hippo\n|c| biggruse04|into star me\n|\n|t:|1776460798\n|teamsize|p1|3\n|teamsize|p2|3\n|start\n|switch|p1a: Ralsei|Meowscarada, L50, F|100/100\n|switch|p2a: Skarmory|Skarmory, L50, M, shiny|100/100\n|turn|1\n|c| biggruse04|opp goes samurot\n|\n|t:|1776460804\n|move|p1a: Ralsei|U-turn|p2a: Skarmory\n|-start|p1a: Ralsei|typechange|Bug|[from] ability: Protean\n|-resisted|p2a: Skarmory|2\n|-damage|p2a: Skarmory|95/100\n|c|\u2606TastieGaming|Yea I'm gone\n|\n|t:|1776460809\n|switch|p1a: Sneasler|Sneasler, L50, F|100/100|[from] U-turn\n|move|p2a: Skarmory|Stealth Rock|p1a: Sneasler\n|-sidestart|p1: TastieGaming|move: Stealth Rock\n|\n|-heal|p2a: Skarmory|100/100|[from] item: Leftovers\n|upkeep\n|turn|2\n|\n|t:|1776460825\n|move|p1a: Sneasler|Swords Dance|p1a: Sneasler\n|-boost|p1a: Sneasler|atk|2\n|move|p2a: Skarmory|Brave Bird|p1a: Sneasler\n|-supereffective|p1a: Sneasler|1\n|-enditem|p1a: Sneasler|Focus Sash\n|-damage|p1a: Sneasler|1/100\n|-damage|p2a: Skarmory|71/100|[from] Recoil\n|\n|-heal|p2a: Skarmory|77/100|[from] item: Leftovers\n|upkeep\n|turn|3\n|c|\u2606TastieGaming|Its joeover for me\n|\n|t:|1776460837\n|move|p1a: Sneasler|Close Combat|p2a: Skarmory\n|-damage|p2a: Skarmory|0 fnt\n|-unboost|p1a: Sneasler|def|1\n|-unboost|p1a: Sneasler|spd|1\n|faint|p2a: Skarmory\n|\n|upkeep\n|\n|t:|1776460841\n|switch|p2a: Dragonite|Dragonite, L50, F|100/100\n|turn|4\n|\n|t:|1776460844\n|move|p2a: Dragonite|Extreme Speed|p1a: Sneasler\n|-damage|p1a: Sneasler|0 fnt\n|faint|p1a: Sneasler\n|\n|upkeep\n|\n|t:|1776460851\n|switch|p1a: Ralsei|Meowscarada, L50, F|100/100\n|-damage|p1a: Ralsei|88/100|[from] Stealth Rock\n|turn|5\n|\n|t:|1776460869\n|switch|p2a: Starmie|Starmie, L50|100/100\n|move|p1a: Ralsei|Play Rough|p2a: Starmie\n|-start|p1a: Ralsei|typechange|Fairy|[from] ability: Protean\n|-damage|p2a: Starmie|26/100\n|\n|upkeep\n|turn|6\n|\n|t:|1776460885\n|detailschange|p2a: Starmie|Starmie-Mega, L50\n|-mega|p2a: Starmie|Starmie|Starminite\n|move|p1a: Ralsei|Play Rough|p2a: Starmie\n|-damage|p2a: Starmie|0 fnt\n|faint|p2a: Starmie\n|\n|upkeep\n|c| biggruse04|you can win btw\n|\n|t:|1776460889\n|switch|p2a: Dragonite|Dragonite, L50, F|100/100\n|turn|7\n|c|\u2606TastieGaming|Oh\n|c| biggruse04|yeah\n|\n|t:|1776460906\n|move|p1a: Ralsei|Play Rough|p2a: Dragonite|[miss]\n|-miss|p1a: Ralsei|p2a: Dragonite\n|move|p2a: Dragonite|Earthquake|p1a: Ralsei\n|-damage|p1a: Ralsei|31/100\n|\n|upkeep\n|turn|8\n|c| biggruse04|fuck\n|c| biggruse04|okay this no good\n|c|\u2606TastieGaming|No rng is messy today remember?\n|\n|t:|1776460922\n|move|p1a: Ralsei|Play Rough|p2a: Dragonite\n|-supereffective|p2a: Dragonite|1\n|-damage|p2a: Dragonite|51/100\n|-unboost|p2a: Dragonite|atk|1\n|move|p2a: Dragonite|Earthquake|p1a: Ralsei\n|-damage|p1a: Ralsei|0 fnt\n|faint|p1a: Ralsei\n|\n|upkeep\n|\n|t:|1776460925\n|switch|p1a: Badabooey|Starmie, L50|100/100\n|-damage|p1a: Badabooey|88/100|[from] Stealth Rock\n|turn|9\n|c| biggruse04|multi scale needed to be broke\n|\n|t:|1776460932\n|detailschange|p1a: Badabooey|Starmie-Mega, L50\n|-mega|p1a: Badabooey|Starmie|Starminite\n|move|p1a: Badabooey|Zen Headbutt|p2a: Dragonite\n|-damage|p2a: Dragonite|0 fnt\n|faint|p2a: Dragonite\n|\n|win|TastieGaming\n|n|\u2606TastieGaming|tastiegaming\n|n|\u2606Manu016|manu016\n|n| biggruse04|biggruse04\n|n| TheNewBrends11@!|thenewbrends11\n|c|\u2606Manu016|Gg\n|c| biggruse04|yay\n|c|\u2606TastieGaming|gg\n|l| biggruse04\n|l|\u2606TastieGaming\n|player|p1|\n|l|\u2606Manu016\n|player|p2|\n",
  "uploadtime": 1776460975,
  "views": 6,
  "formatid": "gen9championsbssregma",
  "rating": null,
  "private": 0,
  "password": null
}