{
  "id": "gen9championsbssregma-2586990344",
  "format": "[Gen 9 Champions] BSS Reg M-A",
  "players": [
    "hoshigumo1101",
    "ikli"
  ],
  "log": "|j|\u2606hoshigumo1101\n|j|\u2606ikli\n|t:|1776478862\n|gametype|singles\n|player|p1|hoshigumo1101|acetrainerf|1221\n|player|p2|ikli|2|1333\n|gen|9\n|tier|[Gen 9 Champions] BSS Reg M-A\n|rated|\n|rule|Species Clause: Limit one of each Pok\u00e9mon\n|rule|Item Clause: Limit 1 of each item\n|clearpoke\n|poke|p1|Kingambit, L50, M|\n|poke|p1|Delphox, L50, F|\n|poke|p1|Hippowdon, L50, M|\n|poke|p1|Lucario, L50, M|\n|poke|p1|Basculegion, L50, M|\n|poke|p1|Garchomp, L50, F|\n|poke|p2|Primarina, L50, M|\n|poke|p2|Lopunny, L50, M|\n|poke|p2|Glimmora, L50, F|\n|poke|p2|Victreebel, L50, F|\n|poke|p2|Charizard, L50, F|\n|poke|p2|Basculegion, L50, M|\n|teampreview|3\n|inactive|Battle timer is ON: inactive players will automatically lose when time's up. (requested by ikli)\n|\n|t:|1776478875\n|teamsize|p1|3\n|teamsize|p2|3\n|start\n|switch|p1a: Hippowdon|Hippowdon, L50, M|100/100\n|switch|p2a: Victreebel|Victreebel, L50, F|100/100\n|-weather|Sandstorm|[from] ability: Sand Stream|[of] p1a: Hippowdon\n|turn|1\n|\n|t:|1776478881\n|detailschange|p2a: Victreebel|Victreebel-Mega, L50, F\n|-mega|p2a: Victreebel|Victreebel|Victreebelite\n|move|p2a: Victreebel|Giga Drain|p1a: Hippowdon\n|-supereffective|p1a: Hippowdon|1\n|-damage|p1a: Hippowdon|33/100\n|-enditem|p1a: Hippowdon|Sitrus Berry|[eat]\n|-heal|p1a: Hippowdon|57/100|[from] item: Sitrus Berry\n|move|p1a: Hippowdon|Stealth Rock|p2a: Victreebel\n|-sidestart|p2: ikli|move: Stealth Rock\n|\n|-weather|Sandstorm|[upkeep]\n|-damage|p2a: Victreebel|95/100|[from] Sandstorm\n|upkeep\n|turn|2\n|\n|t:|1776478891\n|move|p2a: Victreebel|Giga Drain|p1a: Hippowdon\n|-supereffective|p1a: Hippowdon|1\n|-damage|p1a: Hippowdon|0 fnt\n|-heal|p2a: Victreebel|100/100|[from] drain|[of] p1a: Hippowdon\n|faint|p1a: Hippowdon\n|\n|-weather|Sandstorm|[upkeep]\n|-damage|p2a: Victreebel|95/100|[from] Sandstorm\n|upkeep\n|\n|t:|1776478897\n|switch|p1a: Lucario|Lucario, L50, M|100/100\n|turn|3\n|\n|t:|1776478903\n|detailschange|p1a: Lucario|Lucario-Mega, L50, M\n|-mega|p1a: Lucario|Lucario|Lucarionite\n|move|p1a: Lucario|Flash Cannon|p2a: Victreebel\n|-damage|p2a: Victreebel|36/100\n|move|p2a: Victreebel|Giga Drain|p1a: Lucario\n|-resisted|p1a: Lucario|1\n|-damage|p1a: Lucario|68/100\n|-heal|p2a: Victreebel|49/100|[from] drain|[of] p1a: Lucario\n|\n|-weather|Sandstorm|[upkeep]\n|-damage|p2a: Victreebel|43/100|[from] Sandstorm\n|upkeep\n|turn|4\n|\n|t:|1776478913\n|move|p1a: Lucario|Vacuum Wave|p2a: Victreebel\n|-resisted|p2a: Victreebel|1\n|-damage|p2a: Victreebel|28/100\n|move|p2a: Victreebel|Strength Sap|p1a: Lucario\n|-unboost|p1a: Lucario|atk|1\n|-heal|p2a: Victreebel|100/100\n|\n|-weather|Sandstorm|[upkeep]\n|-damage|p2a: Victreebel|95/100|[from] Sandstorm\n|upkeep\n|turn|5\n|\n|t:|1776478918\n|move|p1a: Lucario|Flash Cannon|p2a: Victreebel\n|-damage|p2a: Victreebel|37/100\n|move|p2a: Victreebel|Giga Drain|p1a: Lucario\n|-resisted|p1a: Lucario|1\n|-damage|p1a: Lucario|30/100\n|-heal|p2a: Victreebel|52/100|[from] drain|[of] p1a: Lucario\n|\n|-weather|none\n|upkeep\n|turn|6\n|\n|t:|1776478925\n|move|p1a: Lucario|Flash Cannon|p2a: Victreebel\n|-damage|p2a: Victreebel|0 fnt\n|-damage|p1a: Lucario|0 fnt|[from] ability: Innards Out|[of] p2a: Victreebel\n|faint|p2a: Victreebel\n|faint|p1a: Lucario\n|\n|upkeep\n|\n|t:|1776478929\n|switch|p1a: Kingambit|Kingambit, L50, M|100/100\n|switch|p2a: Primarina|Primarina, L50, M|100/100\n|-activate|p1a: Kingambit|ability: Supreme Overlord\n|-start|p1a: Kingambit|fallen2|[silent]\n|-damage|p2a: Primarina|88/100|[from] Stealth Rock\n|turn|7\n|\n|t:|1776478936\n|move|p1a: Kingambit|Swords Dance|p1a: Kingambit\n|-boost|p1a: Kingambit|atk|2\n|move|p2a: Primarina|Perish Song|p2a: Primarina\n|-start|p1a: Kingambit|perish3|[silent]\n|-start|p2a: Primarina|perish3|[silent]\n|-fieldactivate|move: Perish Song\n|\n|-heal|p2a: Primarina|94/100|[from] item: Leftovers\n|-start|p1a: Kingambit|perish3\n|-start|p2a: Primarina|perish3\n|upkeep\n|turn|8\n|\n|t:|1776478944\n|move|p2a: Primarina|Protect|p2a: Primarina\n|-singleturn|p2a: Primarina|Protect\n|move|p1a: Kingambit|Iron Head|p2a: Primarina\n|-activate|p2a: Primarina|move: Protect\n|\n|-heal|p2a: Primarina|99/100|[from] item: Leftovers\n|-start|p1a: Kingambit|perish2\n|-start|p2a: Primarina|perish2\n|upkeep\n|turn|9\n|\n|t:|1776478949\n|move|p1a: Kingambit|Iron Head|p2a: Primarina\n|-crit|p2a: Primarina\n|-damage|p2a: Primarina|0 fnt\n|faint|p2a: Primarina\n|\n|-start|p1a: Kingambit|perish1\n|upkeep\n|\n|t:|1776478952\n|switch|p2a: Basculegion|Basculegion, L50, M|100/100\n|-damage|p2a: Basculegion|88/100|[from] Stealth Rock\n|turn|10\n|\n|t:|1776478958\n|move|p1a: Kingambit|Sucker Punch|p2a: Basculegion\n|-supereffective|p2a: Basculegion|1\n|-damage|p2a: Basculegion|0 fnt\n|faint|p2a: Basculegion\n|\n|win|hoshigumo1101\n|raw|hoshigumo1101's rating: 1221 &rarr; <strong>1254</strong><br />(+33 for winning)\n|raw|ikli's rating: 1333 &rarr; <strong>1307</strong><br />(-26 for losing)\n|l|\u2606ikli\n|player|p2|\n",
  "uploadtime": 1776478968,
  "views": 6,
  "formatid": "gen9championsbssregma",
  "rating": 1254,
  "private": 0,
  "password": null
}