{
  "id": "gen9championsbssregma-2582099149",
  "format": "[Gen 9 Champions] BSS Reg M-A",
  "players": [
    "Pomme de mer",
    "karbain"
  ],
  "log": "|j|\u2606Pomme de mer\n|j|\u2606karbain\n|t:|1776057737\n|gametype|singles\n|player|p1|Pomme de mer|n|1247\n|player|p2|karbain|170|1342\n|gen|9\n|tier|[Gen 9 Champions] BSS Reg M-A\n|rated|\n|rule|Species Clause: Limit one of each Pok\u00e9mon\n|rule|Item Clause: Limit 1 of each item\n|clearpoke\n|poke|p1|Meganium, L50, M|\n|poke|p1|Scizor, L50, F|\n|poke|p1|Basculegion, L50, M|\n|poke|p1|Tyranitar, L50, F|\n|poke|p1|Volcarona, L50, M|\n|poke|p1|Sneasler, L50, F|\n|poke|p2|Basculegion, L50, M|\n|poke|p2|Delphox, L50, F|\n|poke|p2|Lopunny, L50, M|\n|poke|p2|Corviknight, L50, F|\n|poke|p2|Bellibolt, L50, F|\n|poke|p2|Garchomp, L50, F|\n|teampreview|3\n|inactive|Battle timer is ON: inactive players will automatically lose when time's up. (requested by Pomme de mer)\n|j| p74\n|inactive|Pomme de mer has 60 seconds left.\n|inactive|karbain has 60 seconds left.\n|j| bromerta\n|l| bromerta\n|\n|t:|1776057795\n|teamsize|p1|3\n|teamsize|p2|3\n|start\n|switch|p1a: Scizor|Scizor, L50, F|100/100\n|switch|p2a: Lopunny|Lopunny, L50, M, shiny|100/100\n|turn|1\n|j| bromerta\n|\n|t:|1776057800\n|detailschange|p2a: Lopunny|Lopunny-Mega, L50, M, shiny\n|-mega|p2a: Lopunny|Lopunny|Lopunnite\n|detailschange|p1a: Scizor|Scizor-Mega, L50, F\n|-mega|p1a: Scizor|Scizor|Scizorite\n|move|p2a: Lopunny|Fake Out|p1a: Scizor\n|-resisted|p1a: Scizor|1\n|-crit|p1a: Scizor\n|-damage|p1a: Scizor|89/100\n|cant|p1a: Scizor|flinch\n|\n|upkeep\n|turn|2\n|\n|t:|1776057808\n|switch|p2a: Corviknight|Corviknight, L50, F|100/100\n|move|p1a: Scizor|Swords Dance|p1a: Scizor\n|-boost|p1a: Scizor|atk|2\n|\n|upkeep\n|turn|3\n|\n|t:|1776057814\n|move|p1a: Scizor|Close Combat|p2a: Corviknight\n|-damage|p2a: Corviknight|35/100\n|-unboost|p1a: Scizor|def|1\n|-unboost|p1a: Scizor|spd|1\n|move|p2a: Corviknight|Iron Defense|p2a: Corviknight\n|-boost|p2a: Corviknight|def|2\n|\n|-heal|p2a: Corviknight|40/100|[from] item: Leftovers\n|upkeep\n|turn|4\n|\n|t:|1776057822\n|move|p1a: Scizor|Close Combat|p2a: Corviknight\n|-damage|p2a: Corviknight|11/100\n|-unboost|p1a: Scizor|def|1\n|-unboost|p1a: Scizor|spd|1\n|move|p2a: Corviknight|Roost|p2a: Corviknight\n|-heal|p2a: Corviknight|61/100\n|-singleturn|p2a: Corviknight|move: Roost\n|\n|-heal|p2a: Corviknight|67/100|[from] item: Leftovers\n|upkeep\n|turn|5\n|\n|t:|1776057832\n|move|p1a: Scizor|U-turn|p2a: Corviknight\n|-resisted|p2a: Corviknight|2\n|-damage|p2a: Corviknight|60/100\n|\n|t:|1776057836\n|switch|p1a: Volcarona|Volcarona, L50, M|100/100|[from] U-turn\n|move|p2a: Corviknight|Iron Defense|p2a: Corviknight\n|-boost|p2a: Corviknight|def|2\n|\n|-heal|p2a: Corviknight|66/100|[from] item: Leftovers\n|upkeep\n|turn|6\n|\n|t:|1776057845\n|switch|p2a: Lopunny|Lopunny-Mega, L50, M, shiny|100/100\n|move|p1a: Volcarona|Flamethrower|p2a: Lopunny\n|-damage|p2a: Lopunny|42/100\n|\n|upkeep\n|turn|7\n|\n|t:|1776057850\n|move|p2a: Lopunny|Fake Out|p1a: Volcarona\n|-damage|p1a: Volcarona|69/100\n|cant|p1a: Volcarona|flinch\n|\n|upkeep\n|turn|8\n|\n|t:|1776057856\n|move|p2a: Lopunny|Facade|p1a: Volcarona\n|-damage|p1a: Volcarona|4/100\n|move|p1a: Volcarona|Flamethrower|p2a: Lopunny\n|-damage|p2a: Lopunny|0 fnt\n|faint|p2a: Lopunny\n|\n|upkeep\n|\n|t:|1776057864\n|switch|p2a: Basculegion|Basculegion, L50, M|100/100\n|turn|9\n|\n|t:|1776057871\n|move|p2a: Basculegion|Flip Turn|p1a: Volcarona\n|-supereffective|p1a: Volcarona|1\n|-damage|p1a: Volcarona|0 fnt\n|-status|p2a: Basculegion|brn|[from] ability: Flame Body|[of] p1a: Volcarona\n|faint|p1a: Volcarona\n|inactive|karbain has 30 seconds left.\n|\n|t:|1776057898\n|switch|p2a: Corviknight|Corviknight, L50, F|66/100|[from] Flip Turn\n|\n|-heal|p2a: Corviknight|72/100|[from] item: Leftovers\n|upkeep\n|j| jillio\n|\n|t:|1776057917\n|switch|p1a: Basculegion|Basculegion, L50, M|100/100\n|turn|10\n|\n|t:|1776057930\n|switch|p2a: Basculegion|Basculegion, L50, M|100/100 brn\n|move|p1a: Basculegion|Last Respects|p2a: Basculegion\n|-supereffective|p2a: Basculegion|1\n|-damage|p2a: Basculegion|0 fnt\n|faint|p2a: Basculegion\n|\n|upkeep\n|\n|t:|1776057936\n|switch|p2a: Corviknight|Corviknight, L50, F|72/100\n|turn|11\n|\n|t:|1776057941\n|move|p1a: Basculegion|Last Respects|p2a: Corviknight\n|-damage|p2a: Corviknight|31/100\n|move|p2a: Corviknight|Iron Defense|p2a: Corviknight\n|-boost|p2a: Corviknight|def|2\n|\n|-heal|p2a: Corviknight|37/100|[from] item: Leftovers\n|upkeep\n|turn|12\n|\n|t:|1776057953\n|switch|p1a: Scizor|Scizor-Mega, L50, F|89/100\n|move|p2a: Corviknight|Roost|p2a: Corviknight\n|-heal|p2a: Corviknight|87/100\n|-singleturn|p2a: Corviknight|move: Roost\n|\n|-heal|p2a: Corviknight|93/100|[from] item: Leftovers\n|upkeep\n|turn|13\n|\n|t:|1776057961\n|move|p1a: Scizor|Swords Dance|p1a: Scizor\n|-boost|p1a: Scizor|atk|2\n|move|p2a: Corviknight|Iron Defense|p2a: Corviknight\n|-boost|p2a: Corviknight|def|2\n|\n|-heal|p2a: Corviknight|99/100|[from] item: Leftovers\n|upkeep\n|turn|14\n|\n|t:|1776057968\n|move|p1a: Scizor|Swords Dance|p1a: Scizor\n|-boost|p1a: Scizor|atk|2\n|move|p2a: Corviknight|Iron Defense|p2a: Corviknight\n|-boost|p2a: Corviknight|def|2\n|\n|-heal|p2a: Corviknight|100/100|[from] item: Leftovers\n|upkeep\n|turn|15\n|\n|t:|1776057974\n|move|p1a: Scizor|Swords Dance|p1a: Scizor\n|-boost|p1a: Scizor|atk|2\n|move|p2a: Corviknight|Body Press|p1a: Scizor\n|-damage|p1a: Scizor|10/100\n|\n|upkeep\n|turn|16\n|\n|t:|1776057991\n|move|p1a: Scizor|Close Combat|p2a: Corviknight\n|-damage|p2a: Corviknight|70/100\n|-unboost|p1a: Scizor|def|1\n|-unboost|p1a: Scizor|spd|1\n|move|p2a: Corviknight|Body Press|p1a: Scizor\n|-damage|p1a: Scizor|0 fnt\n|faint|p1a: Scizor\n|\n|-heal|p2a: Corviknight|76/100|[from] item: Leftovers\n|upkeep\n|\n|t:|1776057998\n|switch|p1a: Basculegion|Basculegion, L50, M|100/100\n|turn|17\n|\n|t:|1776058004\n|move|p1a: Basculegion|Last Respects|p2a: Corviknight\n|-crit|p2a: Corviknight\n|-damage|p2a: Corviknight|0 fnt\n|faint|p2a: Corviknight\n|\n|win|Pomme de mer\n|raw|Pomme de mer's rating: 1247 &rarr; <strong>1279</strong><br />(+32 for winning)\n|raw|karbain's rating: 1342 &rarr; <strong>1317</strong><br />(-25 for losing)\n|l|\u2606karbain\n|player|p2|\n|l|\u2606Pomme de mer\n|player|p1|\n|l| jillio\n|l| bromerta\n",
  "uploadtime": 1776058108,
  "views": 9,
  "formatid": "gen9championsbssregma",
  "rating": 1279,
  "private": 0,
  "password": null
}