{
  "id": "gen9championsbssregma-2584326657",
  "format": "[Gen 9 Champions] BSS Reg M-A",
  "players": [
    "OOSIKO",
    "jiiiiima"
  ],
  "log": "|j|\u2606OOSIKO\n|j|\u203djiiiiima\n|t:|1776251558\n|gametype|singles\n|player|p1|OOSIKO|elesa|1303\n|player|p2|jiiiiima|102|1333\n|gen|9\n|tier|[Gen 9 Champions] BSS Reg M-A\n|rated|\n|rule|Species Clause: Limit one of each Pok\u00e9mon\n|rule|Item Clause: Limit 1 of each item\n|clearpoke\n|poke|p1|Tyranitar, L50, F|\n|poke|p1|Corviknight, L50, F|\n|poke|p1|Emboar, L50, F|\n|poke|p1|Rotom-Wash, L50|\n|poke|p1|Sinistcha-Masterpiece, L50|\n|poke|p1|Garchomp, L50, M|\n|poke|p2|Sylveon, L50, F|\n|poke|p2|Garchomp, L50, M|\n|poke|p2|Kingambit, L50, F|\n|poke|p2|Mimikyu, L50, F|\n|poke|p2|Dragonite, L50, M|\n|poke|p2|Venusaur, L50, M|\n|teampreview|3\n|j| 12917usersonline\n|\n|t:|1776251584\n|teamsize|p1|3\n|teamsize|p2|3\n|start\n|switch|p1a: Tyranitar|Tyranitar, L50, F|100/100\n|switch|p2a: Sylveon|Sylveon, L50, F|100/100\n|-weather|Sandstorm|[from] ability: Sand Stream|[of] p1a: Tyranitar\n|turn|1\n|inactive|Battle timer is ON: inactive players will automatically lose when time's up. (requested by OOSIKO)\n|\n|t:|1776251594\n|detailschange|p1a: Tyranitar|Tyranitar-Mega, L50, F\n|-mega|p1a: Tyranitar|Tyranitar|Tyranitarite\n|move|p1a: Tyranitar|Stone Edge|p2a: Sylveon\n|-damage|p2a: Sylveon|24/100\n|-enditem|p2a: Sylveon|Sitrus Berry|[eat]\n|-heal|p2a: Sylveon|49/100|[from] item: Sitrus Berry\n|move|p2a: Sylveon|Hyper Voice|p1a: Tyranitar\n|-supereffective|p1a: Tyranitar|1\n|-damage|p1a: Tyranitar|55/100\n|\n|-weather|Sandstorm|[upkeep]\n|-damage|p2a: Sylveon|43/100|[from] Sandstorm\n|upkeep\n|turn|2\n|\n|t:|1776251610\n|move|p1a: Tyranitar|Stealth Rock|p2a: Sylveon\n|-sidestart|p2: jiiiiima|move: Stealth Rock\n|move|p2a: Sylveon|Hyper Voice|p1a: Tyranitar\n|-supereffective|p1a: Tyranitar|1\n|-damage|p1a: Tyranitar|7/100\n|\n|-weather|Sandstorm|[upkeep]\n|-damage|p2a: Sylveon|37/100|[from] Sandstorm\n|upkeep\n|turn|3\n|j| p74\n|\n|t:|1776251615\n|switch|p1a: Garchomp|Garchomp, L50, M|100/100\n|move|p2a: Sylveon|Hyper Voice|p1a: Garchomp|[miss]\n|-miss|p2a: Sylveon|p1a: Garchomp\n|\n|-weather|Sandstorm|[upkeep]\n|-damage|p2a: Sylveon|31/100|[from] Sandstorm\n|upkeep\n|turn|4\n|\n|t:|1776251622\n|move|p1a: Garchomp|Iron Head|p2a: Sylveon\n|-supereffective|p2a: Sylveon|1\n|-damage|p2a: Sylveon|0 fnt\n|faint|p2a: Sylveon\n|\n|-weather|Sandstorm|[upkeep]\n|upkeep\n|\n|t:|1776251644\n|switch|p2a: Mimikyu|Mimikyu, L50, F|100/100\n|-damage|p2a: Mimikyu|88/100|[from] Stealth Rock\n|turn|5\n|\n|t:|1776251647\n|move|p1a: Garchomp|Iron Head|p2a: Mimikyu\n|-activate|p2a: Mimikyu|ability: Disguise\n|-damage|p2a: Mimikyu|88/100\n|detailschange|p2a: Mimikyu|Mimikyu-Busted, L50, F\n|-damage|p2a: Mimikyu|76/100|[from] pokemon: Mimikyu-Busted\n|move|p2a: Mimikyu|Play Rough|p1a: Garchomp\n|-supereffective|p1a: Garchomp|1\n|-damage|p1a: Garchomp|15/100\n|-unboost|p1a: Garchomp|atk|1\n|\n|-weather|none\n|upkeep\n|turn|6\n|\n|t:|1776251653\n|switch|p1a: Tyranitar|Tyranitar-Mega, L50, F|7/100\n|-weather|Sandstorm|[from] ability: Sand Stream|[of] p1a: Tyranitar\n|move|p2a: Mimikyu|Shadow Sneak|p1a: Tyranitar\n|-resisted|p1a: Tyranitar|1\n|-damage|p1a: Tyranitar|1/100\n|\n|-weather|Sandstorm|[upkeep]\n|-damage|p2a: Mimikyu|70/100|[from] Sandstorm\n|upkeep\n|turn|7\n|\n|t:|1776251658\n|move|p2a: Mimikyu|Shadow Sneak|p1a: Tyranitar\n|-resisted|p1a: Tyranitar|1\n|-damage|p1a: Tyranitar|0 fnt\n|faint|p1a: Tyranitar\n|\n|-weather|Sandstorm|[upkeep]\n|-damage|p2a: Mimikyu|63/100|[from] Sandstorm\n|upkeep\n|\n|t:|1776251660\n|switch|p1a: Garchomp|Garchomp, L50, M|15/100\n|turn|8\n|\n|t:|1776251663\n|move|p2a: Mimikyu|Shadow Sneak|p1a: Garchomp\n|-damage|p1a: Garchomp|0 fnt\n|faint|p1a: Garchomp\n|\n|-weather|Sandstorm|[upkeep]\n|-damage|p2a: Mimikyu|57/100|[from] Sandstorm\n|upkeep\n|\n|t:|1776251666\n|switch|p1a: Sinistcha|Sinistcha-Masterpiece, L50|100/100\n|turn|9\n|\n|t:|1776251668\n|move|p2a: Mimikyu|Shadow Claw|p1a: Sinistcha\n|-supereffective|p1a: Sinistcha|1\n|-damage|p1a: Sinistcha|33/100\n|move|p1a: Sinistcha|Strength Sap|p2a: Mimikyu\n|-unboost|p2a: Mimikyu|atk|1\n|-heal|p1a: Sinistcha|100/100\n|\n|-weather|Sandstorm|[upkeep]\n|-damage|p2a: Mimikyu|51/100|[from] Sandstorm\n|-damage|p1a: Sinistcha|94/100|[from] Sandstorm\n|upkeep\n|turn|10\n|\n|t:|1776251679\n|move|p2a: Mimikyu|Shadow Claw|p1a: Sinistcha\n|-supereffective|p1a: Sinistcha|1\n|-damage|p1a: Sinistcha|49/100\n|move|p1a: Sinistcha|Shadow Ball|p2a: Mimikyu\n|-supereffective|p2a: Mimikyu|1\n|-damage|p2a: Mimikyu|0 fnt\n|faint|p2a: Mimikyu\n|\n|-weather|none\n|upkeep\n|\n|t:|1776251683\n|switch|p2a: Dragonite|Dragonite, L50, M|100/100\n|-damage|p2a: Dragonite|76/100|[from] Stealth Rock\n|turn|11\n|\n|t:|1776251686\n|detailschange|p2a: Dragonite|Dragonite-Mega, L50, M\n|-mega|p2a: Dragonite|Dragonite|Dragoninite\n|move|p2a: Dragonite|Flamethrower|p1a: Sinistcha\n|-supereffective|p1a: Sinistcha|1\n|-damage|p1a: Sinistcha|12/100\n|move|p1a: Sinistcha|Strength Sap|p2a: Dragonite\n|-unboost|p2a: Dragonite|atk|1\n|-heal|p1a: Sinistcha|85/100\n|\n|upkeep\n|turn|12\n|\n|t:|1776251703\n|move|p2a: Dragonite|Air Slash|p1a: Sinistcha\n|-supereffective|p1a: Sinistcha|1\n|-damage|p1a: Sinistcha|0 fnt\n|faint|p1a: Sinistcha\n|\n|win|jiiiiima\n|raw|OOSIKO's rating: 1303 &rarr; <strong>1285</strong><br />(-18 for losing)\n|raw|jiiiiima's rating: 1333 &rarr; <strong>1351</strong><br />(+18 for winning)\n|l|\u203djiiiiima\n|player|p2|\n|l|\u2606OOSIKO\n|player|p1|\n",
  "uploadtime": 1776251745,
  "views": 5,
  "formatid": "gen9championsbssregma",
  "rating": 1285,
  "private": 0,
  "password": null
}