{
  "id": "gen9championsbssregma-2586119418",
  "format": "[Gen 9 Champions] BSS Reg M-A",
  "players": [
    "not master anymore",
    "VeganCheez"
  ],
  "log": "|j|\u2606not master anymore\n|j|\u2606VeganCheez\n|t:|1776401313\n|gametype|singles\n|player|p1|not master anymore|266|1291\n|player|p2|VeganCheez|169|1318\n|gen|9\n|tier|[Gen 9 Champions] BSS Reg M-A\n|rated|\n|rule|Species Clause: Limit one of each Pok\u00e9mon\n|rule|Item Clause: Limit 1 of each item\n|clearpoke\n|poke|p1|Polteageist, L50|\n|poke|p1|Gliscor, L50, F|\n|poke|p1|Incineroar, L50, M|\n|poke|p1|Floette-Eternal, L50, F|\n|poke|p1|Clefable, L50, F|\n|poke|p1|Scizor, L50, F|\n|poke|p2|Primarina, L50, F|\n|poke|p2|Serperior, L50, M|\n|poke|p2|Aerodactyl, L50, F|\n|poke|p2|Mamoswine, L50, F|\n|poke|p2|Sneasler, L50, M|\n|poke|p2|Gyarados, L50, F|\n|teampreview|3\n|inactive|Battle timer is ON: inactive players will automatically lose when time's up. (requested by not master anymore)\n|inactive|VeganCheez has 60 seconds left.\n|\n|t:|1776401360\n|teamsize|p1|3\n|teamsize|p2|3\n|start\n|switch|p1a: Polteageist|Polteageist, L50|100/100\n|switch|p2a: Serperior|Serperior, L50, M|100/100\n|turn|1\n|\n|t:|1776401369\n|move|p2a: Serperior|Substitute|p2a: Serperior\n|-start|p2a: Serperior|Substitute\n|-damage|p2a: Serperior|76/100\n|move|p1a: Polteageist|Shell Smash|p1a: Polteageist\n|-unboost|p1a: Polteageist|def|1\n|-unboost|p1a: Polteageist|spd|1\n|-boost|p1a: Polteageist|atk|2\n|-boost|p1a: Polteageist|spa|2\n|-boost|p1a: Polteageist|spe|2\n|-enditem|p1a: Polteageist|White Herb\n|-clearnegativeboost|p1a: Polteageist|[silent]\n|\n|-heal|p2a: Serperior|82/100|[from] item: Leftovers\n|upkeep\n|turn|2\n|\n|t:|1776401377\n|move|p1a: Polteageist|Stored Power|p2a: Serperior\n|-end|p2a: Serperior|Substitute\n|move|p2a: Serperior|Glare|p1a: Polteageist\n|-status|p1a: Polteageist|par\n|\n|-heal|p2a: Serperior|88/100|[from] item: Leftovers\n|upkeep\n|turn|3\n|\n|t:|1776401384\n|move|p2a: Serperior|Substitute|p2a: Serperior\n|-start|p2a: Serperior|Substitute\n|-damage|p2a: Serperior|63/100\n|move|p1a: Polteageist|Baton Pass|p1a: Polteageist\n|\n|t:|1776401386\n|switch|p1a: Scizor|Scizor, L50, F|100/100|[from] Baton Pass\n|\n|-heal|p2a: Serperior|69/100|[from] item: Leftovers\n|upkeep\n|turn|4\n|\n|t:|1776401400\n|move|p2a: Serperior|Glare|p1a: Scizor\n|-status|p1a: Scizor|par\n|move|p1a: Scizor|Bug Bite|p2a: Serperior\n|-supereffective|p2a: Serperior|1\n|-end|p2a: Serperior|Substitute\n|\n|-heal|p2a: Serperior|75/100|[from] item: Leftovers\n|upkeep\n|turn|5\n|\n|t:|1776401403\n|move|p1a: Scizor|Bullet Punch|p2a: Serperior\n|-damage|p2a: Serperior|10/100\n|move|p2a: Serperior|Leech Seed|p1a: Scizor\n|-start|p1a: Scizor|move: Leech Seed\n|\n|-heal|p2a: Serperior|16/100|[from] item: Leftovers\n|-damage|p1a: Scizor|88/100 par|[from] Leech Seed|[of] p2a: Serperior\n|-heal|p2a: Serperior|29/100|[silent]\n|upkeep\n|turn|6\n|\n|t:|1776401416\n|move|p1a: Scizor|Bullet Punch|p2a: Serperior\n|-damage|p2a: Serperior|0 fnt\n|faint|p2a: Serperior\n|\n|upkeep\n|\n|t:|1776401419\n|switch|p2a: Gyarados|Gyarados, L50, F|100/100\n|-ability|p2a: Gyarados|Intimidate|boost\n|-unboost|p1a: Scizor|atk|1\n|turn|7\n|\n|t:|1776401432\n|detailschange|p2a: Gyarados|Gyarados-Mega, L50, F\n|-mega|p2a: Gyarados|Gyarados|Gyaradosite\n|-ability|p2a: Gyarados|Mold Breaker\n|move|p2a: Gyarados|Waterfall|p1a: Scizor\n|-damage|p1a: Scizor|42/100 par\n|move|p1a: Scizor|Iron Defense|p1a: Scizor\n|-boost|p1a: Scizor|def|2\n|\n|-damage|p1a: Scizor|30/100 par|[from] Leech Seed|[of] p2a: Gyarados\n|upkeep\n|turn|8\n|\n|t:|1776401442\n|move|p2a: Gyarados|Waterfall|p1a: Scizor\n|-damage|p1a: Scizor|4/100 par\n|move|p1a: Scizor|Baton Pass|p1a: Scizor\n|\n|t:|1776401446\n|switch|p1a: Floette|Floette-Eternal, L50, F|100/100|[from] Baton Pass\n|\n|-damage|p1a: Floette|88/100|[from] Leech Seed|[of] p2a: Gyarados\n|upkeep\n|turn|9\n|\n|t:|1776401463\n|detailschange|p1a: Floette|Floette-Mega, L50, F\n|-mega|p1a: Floette|Floette|Floettite\n|-ability|p1a: Floette|Fairy Aura\n|move|p1a: Floette|Moonblast|p2a: Gyarados\n|-supereffective|p2a: Gyarados|1\n|-damage|p2a: Gyarados|0 fnt\n|faint|p2a: Gyarados\n|\n|upkeep\n|\n|t:|1776401468\n|switch|p2a: Sneasler|Sneasler, L50, M|100/100\n|turn|10\n|\n|t:|1776401477\n|move|p1a: Floette|Moonblast|p2a: Sneasler\n|-damage|p2a: Sneasler|0 fnt\n|faint|p2a: Sneasler\n|\n|win|not master anymore\n|raw|not master anymore's rating: 1291 &rarr; <strong>1318</strong><br />(+27 for winning)\n|raw|VeganCheez's rating: 1318 &rarr; <strong>1296</strong><br />(-22 for losing)\n|l|\u2606VeganCheez\n|player|p2|\n|l|\u2606not master anymore\n|player|p1|\n",
  "uploadtime": 1776401568,
  "views": 3,
  "formatid": "gen9championsbssregma",
  "rating": 1296,
  "private": 0,
  "password": null
}