{
  "id": "gen9championsbssregma-2583182512",
  "format": "[Gen 9 Champions] BSS Reg M-A",
  "players": [
    "PlatinumPassport",
    "3gege"
  ],
  "log": "|j|\u2606PlatinumPassport\n|j|\u26063gege\n|t:|1776151973\n|gametype|singles\n|player|p1|PlatinumPassport|102|1338\n|player|p2|3gege|169|1379\n|gen|9\n|tier|[Gen 9 Champions] BSS Reg M-A\n|rated|\n|rule|Species Clause: Limit one of each Pok\u00e9mon\n|rule|Item Clause: Limit 1 of each item\n|clearpoke\n|poke|p1|Hippowdon, L50, M|\n|poke|p1|Dragonite, L50, F|\n|poke|p1|Aegislash, L50, M|\n|poke|p1|Gengar, L50, F|\n|poke|p1|Azumarill, L50, F|\n|poke|p1|Volcarona, L50, M|\n|poke|p2|Gyarados, L50, F|\n|poke|p2|Gengar, L50, F|\n|poke|p2|Primarina, L50, F|\n|poke|p2|Glimmora, L50, M|\n|poke|p2|Kingambit, L50, F|\n|poke|p2|Arcanine, L50, F|\n|teampreview|3\n|j| p74\n|inactive|Battle timer is ON: inactive players will automatically lose when time's up. (requested by 3gege)\n|\n|t:|1776152002\n|teamsize|p1|3\n|teamsize|p2|3\n|start\n|switch|p1a: Gengar|Gengar, L50, F, shiny|100/100\n|switch|p2a: Primarina|Primarina, L50, F|100/100\n|turn|1\n|\n|t:|1776152005\n|detailschange|p1a: Gengar|Gengar-Mega, L50, F, shiny\n|-mega|p1a: Gengar|Gengar|Gengarite\n|move|p1a: Gengar|Sludge Wave|p2a: Primarina\n|-supereffective|p2a: Primarina|1\n|-damage|p2a: Primarina|0 fnt\n|faint|p2a: Primarina\n|\n|upkeep\n|\n|t:|1776152011\n|switch|p2a: Gyarados|Gyarados, L50, F|100/100\n|-ability|p2a: Gyarados|Intimidate|boost\n|-unboost|p1a: Gengar|atk|1\n|turn|2\n|\n|t:|1776152017\n|detailschange|p2a: Gyarados|Gyarados-Mega, L50, F\n|-mega|p2a: Gyarados|Gyarados|Gyaradosite\n|-ability|p2a: Gyarados|Mold Breaker\n|move|p1a: Gengar|Destiny Bond|p1a: Gengar\n|-singlemove|p1a: Gengar|Destiny Bond\n|move|p2a: Gyarados|Dragon Dance|p2a: Gyarados\n|-boost|p2a: Gyarados|atk|1\n|-boost|p2a: Gyarados|spe|1\n|\n|upkeep\n|turn|3\n|\n|t:|1776152022\n|move|p2a: Gyarados|Dragon Dance|p2a: Gyarados\n|-boost|p2a: Gyarados|atk|1\n|-boost|p2a: Gyarados|spe|1\n|move|p1a: Gengar|Focus Blast|p2a: Gyarados|[miss]\n|-miss|p1a: Gengar|p2a: Gyarados\n|\n|upkeep\n|turn|4\n|\n|t:|1776152026\n|move|p2a: Gyarados|Earthquake|p1a: Gengar\n|-supereffective|p1a: Gengar|1\n|-damage|p1a: Gengar|0 fnt\n|faint|p1a: Gengar\n|\n|upkeep\n|\n|t:|1776152028\n|switch|p1a: Azumarill|Azumarill, L50, F, shiny|100/100\n|turn|5\n|\n|t:|1776152033\n|move|p2a: Gyarados|Earthquake|p1a: Azumarill\n|-damage|p1a: Azumarill|28/100\n|-enditem|p1a: Azumarill|Sitrus Berry|[eat]\n|-heal|p1a: Azumarill|52/100|[from] item: Sitrus Berry\n|move|p1a: Azumarill|Play Rough|p2a: Gyarados\n|-supereffective|p2a: Gyarados|1\n|-damage|p2a: Gyarados|0 fnt\n|faint|p2a: Gyarados\n|\n|upkeep\n|\n|t:|1776152035\n|switch|p2a: Arcanine|Arcanine, L50, F|100/100\n|-ability|p2a: Arcanine|Intimidate|boost\n|-unboost|p1a: Azumarill|atk|1\n|turn|6\n|\n|t:|1776152037\n|switch|p1a: Hippowdon|Hippowdon, L50, M, shiny|100/100\n|-weather|Sandstorm|[from] ability: Sand Stream|[of] p1a: Hippowdon\n|move|p2a: Arcanine|Will-O-Wisp|p1a: Hippowdon\n|-status|p1a: Hippowdon|brn\n|\n|-weather|Sandstorm|[upkeep]\n|-damage|p2a: Arcanine|94/100|[from] Sandstorm\n|-heal|p2a: Arcanine|100/100|[from] item: Leftovers\n|-damage|p1a: Hippowdon|94/100 brn|[from] brn\n|upkeep\n|turn|7\n|\n|t:|1776152042\n|move|p2a: Arcanine|Play Rough|p1a: Hippowdon\n|-damage|p1a: Hippowdon|80/100 brn\n|move|p1a: Hippowdon|Yawn|p2a: Arcanine\n|-start|p2a: Arcanine|move: Yawn|[of] p1a: Hippowdon\n|\n|-weather|Sandstorm|[upkeep]\n|-damage|p2a: Arcanine|94/100|[from] Sandstorm\n|-heal|p2a: Arcanine|100/100|[from] item: Leftovers\n|-heal|p1a: Hippowdon|87/100 brn|[from] item: Leftovers\n|-damage|p1a: Hippowdon|80/100 brn|[from] brn\n|upkeep\n|turn|8\n|-message|3gege forfeited.\n|\n|win|PlatinumPassport\n|raw|PlatinumPassport's rating: 1338 &rarr; <strong>1360</strong><br />(+22 for winning)\n|raw|3gege's rating: 1379 &rarr; <strong>1357</strong><br />(-22 for losing)\n|l|\u26063gege\n|player|p2|\n|l|\u2606PlatinumPassport\n|player|p1|\n",
  "uploadtime": 1776152099,
  "views": 22,
  "formatid": "gen9championsbssregma",
  "rating": 1357,
  "private": 0,
  "password": null
}