{
  "id": "gen9championsbssregma-2583806470",
  "format": "[Gen 9 Champions] BSS Reg M-A",
  "players": [
    "nekosh0gun",
    "Saphir Alpha"
  ],
  "log": "|j|\u2606nekosh0gun\n|j|\u2606Saphir Alpha\n|t:|1776199072\n|gametype|singles\n|player|p1|nekosh0gun|alder|1051\n|player|p2|Saphir Alpha|norman-gen3|1062\n|gen|9\n|tier|[Gen 9 Champions] BSS Reg M-A\n|rated|\n|rule|Species Clause: Limit one of each Pok\u00e9mon\n|rule|Item Clause: Limit 1 of each item\n|clearpoke\n|poke|p1|Ampharos, L50, F|\n|poke|p1|Arcanine-Hisui, L50, M|\n|poke|p1|Basculegion, L50, M|\n|poke|p1|Dragapult, L50, M|\n|poke|p1|Sylveon, L50, F|\n|poke|p1|Politoed, L50, M|\n|poke|p2|Aerodactyl, L50, M|\n|poke|p2|Charizard, L50, M|\n|poke|p2|Starmie, L50|\n|poke|p2|Ditto, L50|\n|poke|p2|Aegislash, L50, M|\n|poke|p2|Dragonite, L50, M|\n|teampreview|3\n|inactive|Battle timer is ON: inactive players will automatically lose when time's up. (requested by Saphir Alpha)\n|\n|t:|1776199087\n|teamsize|p1|3\n|teamsize|p2|3\n|start\n|switch|p1a: Politoed|Politoed, L50, M, shiny|100/100\n|switch|p2a: Aegislash|Aegislash, L50, M|100/100\n|-weather|RainDance|[from] ability: Drizzle|[of] p1a: Politoed\n|turn|1\n|\n|t:|1776199100\n|move|p1a: Politoed|Weather Ball|p2a: Aegislash\n|-damage|p2a: Aegislash|40/100\n|-formechange|p2a: Aegislash|Aegislash-Blade|\n|move|p2a: Aegislash|Shadow Ball|p1a: Politoed\n|-damage|p1a: Politoed|57/100\n|\n|-weather|RainDance|[upkeep]\n|-heal|p2a: Aegislash|46/100|[from] item: Leftovers\n|upkeep\n|turn|2\n|\n|t:|1776199112\n|move|p2a: Aegislash|Shadow Sneak|p1a: Politoed\n|-damage|p1a: Politoed|33/100\n|-enditem|p1a: Politoed|Sitrus Berry|[eat]\n|-heal|p1a: Politoed|58/100|[from] item: Sitrus Berry\n|move|p1a: Politoed|Weather Ball|p2a: Aegislash\n|-damage|p2a: Aegislash|0 fnt\n|faint|p2a: Aegislash\n|\n|-weather|RainDance|[upkeep]\n|upkeep\n|\n|t:|1776199119\n|switch|p2a: Starmie|Starmie, L50|100/100\n|turn|3\n|\n|t:|1776199127\n|switch|p1a: Ampharos|Ampharos, L50, F, shiny|100/100\n|detailschange|p2a: Starmie|Starmie-Mega, L50\n|-mega|p2a: Starmie|Starmie|Starminite\n|move|p2a: Starmie|Zen Headbutt|p1a: Ampharos\n|-damage|p1a: Ampharos|24/100\n|-status|p2a: Starmie|par|[from] ability: Static|[of] p1a: Ampharos\n|\n|-weather|RainDance|[upkeep]\n|upkeep\n|turn|4\n|\n|t:|1776199139\n|detailschange|p1a: Ampharos|Ampharos-Mega, L50, F, shiny\n|-mega|p1a: Ampharos|Ampharos|Ampharosite\n|-ability|p1a: Ampharos|Mold Breaker\n|move|p2a: Starmie|Aqua Jet|p1a: Ampharos\n|-resisted|p1a: Ampharos|1\n|-damage|p1a: Ampharos|0 fnt\n|faint|p1a: Ampharos\n|\n|-weather|RainDance|[upkeep]\n|upkeep\n|\n|t:|1776199149\n|switch|p1a: Dragapult|Dragapult, L50, M, shiny|100/100\n|turn|5\n|\n|t:|1776199154\n|move|p1a: Dragapult|Dragon Dance|p1a: Dragapult\n|-boost|p1a: Dragapult|atk|1\n|-boost|p1a: Dragapult|spe|1\n|move|p2a: Starmie|Ice Spinner|p1a: Dragapult\n|-supereffective|p1a: Dragapult|1\n|-damage|p1a: Dragapult|0 fnt\n|faint|p1a: Dragapult\n|\n|-weather|none\n|upkeep\n|\n|t:|1776199164\n|switch|p1a: Politoed|Politoed, L50, M, shiny|58/100\n|-weather|RainDance|[from] ability: Drizzle|[of] p1a: Politoed\n|turn|6\n|\n|t:|1776199169\n|move|p2a: Starmie|Liquidation|p1a: Politoed\n|-resisted|p1a: Politoed|1\n|-damage|p1a: Politoed|0 fnt\n|faint|p1a: Politoed\n|\n|win|Saphir Alpha\n|raw|nekosh0gun's rating: 1051 &rarr; <strong>1034</strong><br />(-17 for losing)\n|raw|Saphir Alpha's rating: 1062 &rarr; <strong>1092</strong><br />(+30 for winning)\n",
  "uploadtime": 1776199176,
  "views": 1,
  "formatid": "gen9championsbssregma",
  "rating": 1034,
  "private": 0,
  "password": null
}