{
  "id": "gen9championsbssregma-2583511384",
  "format": "[Gen 9 Champions] BSS Reg M-A",
  "players": [
    "nabe mon",
    "Hinya"
  ],
  "log": "|j|\u2606nabe mon\n|j|\u2606Hinya\n|t:|1776180278\n|gametype|singles\n|player|p1|nabe mon|roxie|1155\n|player|p2|Hinya|arezu|1213\n|gen|9\n|tier|[Gen 9 Champions] BSS Reg M-A\n|rated|\n|rule|Species Clause: Limit one of each Pok\u00e9mon\n|rule|Item Clause: Limit 1 of each item\n|clearpoke\n|poke|p1|Victreebel, L50, M|\n|poke|p1|Samurott-Hisui, L50, M|\n|poke|p1|Garchomp, L50, F|\n|poke|p1|Primarina, L50, F|\n|poke|p1|Corviknight, L50, M|\n|poke|p1|Alakazam, L50, M|\n|poke|p2|Hippowdon, L50, M|\n|poke|p2|Kangaskhan, L50, F|\n|poke|p2|Aegislash, L50, M|\n|poke|p2|Garchomp, L50, M|\n|poke|p2|Floette-Eternal, L50, F|\n|poke|p2|Basculegion, L50, M|\n|teampreview|3\n|inactive|Battle timer is ON: inactive players will automatically lose when time's up. (requested by nabe mon)\n|\n|t:|1776180324\n|teamsize|p1|3\n|teamsize|p2|3\n|start\n|switch|p1a: Alakazam|Alakazam, L50, M|100/100\n|switch|p2a: \ud55c\uce74\ub9ac\uc544\uc2a4|Garchomp, L50, M|100/100\n|turn|1\n|\n|t:|1776180338\n|switch|p1a: Primarina|Primarina, L50, F|100/100\n|move|p2a: \ud55c\uce74\ub9ac\uc544\uc2a4|Rock Tomb|p1a: Primarina\n|-damage|p1a: Primarina|73/100\n|-unboost|p1a: Primarina|spe|1\n|\n|-heal|p1a: Primarina|79/100|[from] item: Leftovers\n|upkeep\n|turn|2\n|\n|t:|1776180350\n|switch|p2a: \ud50c\ub77c\uc5e3\ud14c|Floette-Eternal, L50, F|100/100\n|move|p1a: Primarina|Aqua Jet|p2a: \ud50c\ub77c\uc5e3\ud14c\n|-damage|p2a: \ud50c\ub77c\uc5e3\ud14c|87/100\n|\n|-heal|p1a: Primarina|85/100|[from] item: Leftovers\n|upkeep\n|turn|3\n|\n|t:|1776180359\n|switch|p1a: Garchomp|Garchomp, L50, F|100/100\n|detailschange|p2a: \ud50c\ub77c\uc5e3\ud14c|Floette-Mega, L50, F\n|-mega|p2a: \ud50c\ub77c\uc5e3\ud14c|Floette|Floettite\n|-ability|p2a: \ud50c\ub77c\uc5e3\ud14c|Fairy Aura\n|move|p2a: \ud50c\ub77c\uc5e3\ud14c|Calm Mind|p2a: \ud50c\ub77c\uc5e3\ud14c\n|-boost|p2a: \ud50c\ub77c\uc5e3\ud14c|spa|1\n|-boost|p2a: \ud50c\ub77c\uc5e3\ud14c|spd|1\n|\n|upkeep\n|turn|4\n|\n|t:|1776180369\n|move|p1a: Garchomp|Earthquake|p2a: \ud50c\ub77c\uc5e3\ud14c\n|-damage|p2a: \ud50c\ub77c\uc5e3\ud14c|27/100\n|move|p2a: \ud50c\ub77c\uc5e3\ud14c|Draining Kiss|p1a: Garchomp\n|-supereffective|p1a: Garchomp|1\n|-damage|p1a: Garchomp|0 fnt\n|-heal|p2a: \ud50c\ub77c\uc5e3\ud14c|100/100|[from] drain|[of] p1a: Garchomp\n|-damage|p2a: \ud50c\ub77c\uc5e3\ud14c|88/100|[from] ability: Rough Skin|[of] p1a: Garchomp\n|faint|p1a: Garchomp\n|\n|upkeep\n|\n|t:|1776180375\n|switch|p1a: Alakazam|Alakazam, L50, M|100/100\n|turn|5\n|\n|t:|1776180382\n|detailschange|p1a: Alakazam|Alakazam-Mega, L50, M\n|-mega|p1a: Alakazam|Alakazam|Alakazite\n|-ability|p1a: Alakazam|Fairy Aura|Trace|[from] ability: Trace|[of] p2a: \ud50c\ub77c\uc5e3\ud14c\n|-ability|p1a: Alakazam|Fairy Aura\n|move|p1a: Alakazam|Dazzling Gleam|p2a: \ud50c\ub77c\uc5e3\ud14c\n|-damage|p2a: \ud50c\ub77c\uc5e3\ud14c|62/100\n|move|p2a: \ud50c\ub77c\uc5e3\ud14c|Light of Ruin|p1a: Alakazam\n|-damage|p1a: Alakazam|0 fnt\n|faint|p1a: Alakazam\n|-damage|p2a: \ud50c\ub77c\uc5e3\ud14c|24/100|[from] Recoil\n|\n|upkeep\n|\n|t:|1776180391\n|switch|p1a: Primarina|Primarina, L50, F|85/100\n|turn|6\n|\n|t:|1776180395\n|move|p2a: \ud50c\ub77c\uc5e3\ud14c|Light of Ruin|p1a: Primarina\n|-crit|p1a: Primarina\n|-damage|p1a: Primarina|0 fnt\n|faint|p1a: Primarina\n|-damage|p2a: \ud50c\ub77c\uc5e3\ud14c|0 fnt|[from] Recoil\n|faint|p2a: \ud50c\ub77c\uc5e3\ud14c\n|\n|win|Hinya\n|raw|nabe mon's rating: 1155 &rarr; <strong>1134</strong><br />(-21 for losing)\n|raw|Hinya's rating: 1213 &rarr; <strong>1234</strong><br />(+21 for winning)\n",
  "uploadtime": 1776180397,
  "views": 6,
  "formatid": "gen9championsbssregma",
  "rating": 1134,
  "private": 0,
  "password": null
}