{
  "id": "gen9championsbssregma-2587962075",
  "format": "[Gen 9 Champions] BSS Reg M-A",
  "players": [
    "asasdfaf",
    "Gsa7"
  ],
  "log": "|j|\u2606asasdfaf\n|j|\u2606Gsa7\n|t:|1776585369\n|gametype|singles\n|player|p1|asasdfaf|265|1224\n|player|p2|Gsa7|collector|1255\n|gen|9\n|tier|[Gen 9 Champions] BSS Reg M-A\n|rated|\n|rule|Species Clause: Limit one of each Pok\u00e9mon\n|rule|Item Clause: Limit 1 of each item\n|clearpoke\n|poke|p1|Feraligatr, L50, M|\n|poke|p1|Aegislash, L50, F|\n|poke|p1|Garchomp, L50, F|\n|poke|p1|Rotom-Heat, L50|\n|poke|p1|Venusaur, L50, F|\n|poke|p1|Clefable, L50, M|\n|poke|p2|Hatterene, L50, F|\n|poke|p2|Torterra, L50, M|\n|poke|p2|Greninja, L50, M|\n|poke|p2|Noivern, L50, M|\n|poke|p2|Infernape, L50, M|\n|poke|p2|Aegislash, L50, F|\n|teampreview|3\n|inactive|Battle timer is ON: inactive players will automatically lose when time's up. (requested by Gsa7)\n|inactive|asasdfaf has 60 seconds left.\n|\n|t:|1776585425\n|teamsize|p1|3\n|teamsize|p2|3\n|start\n|switch|p1a: Aegislash|Aegislash, L50, F|100/100\n|switch|p2a: Noivern|Noivern, L50, M|100/100\n|-item|p1a: Aegislash|Leftovers|[from] ability: Frisk|[of] p2a: Noivern\n|turn|1\n|\n|t:|1776585432\n|move|p2a: Noivern|Switcheroo|p1a: Aegislash\n|-activate|p2a: Noivern|move: Trick|[of] p1a: Aegislash\n|-item|p1a: Aegislash|Choice Scarf|[from] move: Switcheroo\n|-item|p2a: Noivern|Leftovers|[from] move: Switcheroo\n|-formechange|p1a: Aegislash|Aegislash-Blade|\n|move|p1a: Aegislash|Shadow Ball|p2a: Noivern\n|-damage|p2a: Noivern|41/100\n|\n|-heal|p2a: Noivern|47/100|[from] item: Leftovers\n|upkeep\n|turn|2\n|\n|t:|1776585440\n|move|p2a: Noivern|Flamethrower|p1a: Aegislash\n|-supereffective|p1a: Aegislash|1\n|-damage|p1a: Aegislash|13/100\n|move|p1a: Aegislash|Shadow Ball|p2a: Noivern\n|-damage|p2a: Noivern|0 fnt\n|faint|p2a: Noivern\n|\n|upkeep\n|\n|t:|1776585444\n|switch|p2a: Torterra|Torterra, L50, M|100/100\n|turn|3\n|\n|t:|1776585448\n|move|p2a: Torterra|Shell Smash|p2a: Torterra\n|-unboost|p2a: Torterra|def|1\n|-unboost|p2a: Torterra|spd|1\n|-boost|p2a: Torterra|atk|2\n|-boost|p2a: Torterra|spa|2\n|-boost|p2a: Torterra|spe|2\n|-enditem|p2a: Torterra|White Herb\n|-clearnegativeboost|p2a: Torterra|[silent]\n|move|p1a: Aegislash|Shadow Ball|p2a: Torterra\n|-damage|p2a: Torterra|45/100\n|-unboost|p2a: Torterra|spd|1\n|\n|upkeep\n|turn|4\n|\n|t:|1776585451\n|move|p2a: Torterra|Earthquake|p1a: Aegislash\n|-supereffective|p1a: Aegislash|1\n|-damage|p1a: Aegislash|0 fnt\n|faint|p1a: Aegislash\n|\n|upkeep\n|\n|t:|1776585453\n|switch|p1a: Clefable|Clefable, L50, M|100/100\n|turn|5\n|\n|t:|1776585456\n|move|p2a: Torterra|Wood Hammer|p1a: Clefable\n|-damage|p1a: Clefable|56/100\n|-damage|p2a: Torterra|27/100|[from] Recoil\n|move|p1a: Clefable|Fire Blast|p2a: Torterra\n|-supereffective|p2a: Torterra|1\n|-damage|p2a: Torterra|0 fnt\n|faint|p2a: Torterra\n|\n|upkeep\n|\n|t:|1776585459\n|switch|p2a: Aegislash|Aegislash, L50, F|100/100\n|turn|6\n|\n|t:|1776585462\n|move|p1a: Clefable|Thunder Wave|p2a: Aegislash\n|-status|p2a: Aegislash|par\n|cant|p2a: Aegislash|par\n|\n|upkeep\n|turn|7\n|\n|t:|1776585465\n|move|p1a: Clefable|Fire Blast|p2a: Aegislash\n|-supereffective|p2a: Aegislash|1\n|-damage|p2a: Aegislash|60/100 par\n|cant|p2a: Aegislash|par\n|\n|upkeep\n|turn|8\n|\n|t:|1776585469\n|move|p1a: Clefable|Fire Blast|p2a: Aegislash\n|-supereffective|p2a: Aegislash|1\n|-damage|p2a: Aegislash|19/100 par\n|-enditem|p2a: Aegislash|Sitrus Berry|[eat]\n|-heal|p2a: Aegislash|44/100 par|[from] item: Sitrus Berry\n|-formechange|p2a: Aegislash|Aegislash-Blade|\n|move|p2a: Aegislash|Iron Head|p1a: Clefable\n|-supereffective|p1a: Clefable|1\n|-damage|p1a: Clefable|0 fnt\n|faint|p1a: Clefable\n|\n|upkeep\n|\n|t:|1776585472\n|switch|p1a: Venusaur|Venusaur, L50, F|100/100\n|turn|9\n|\n|t:|1776585477\n|detailschange|p1a: Venusaur|Venusaur-Mega, L50, F\n|-mega|p1a: Venusaur|Venusaur|Venusaurite\n|move|p1a: Venusaur|Earth Power|p2a: Aegislash\n|-supereffective|p2a: Aegislash|1\n|-damage|p2a: Aegislash|0 fnt\n|faint|p2a: Aegislash\n|\n|win|asasdfaf\n|raw|asasdfaf's rating: 1224 &rarr; <strong>1251</strong><br />(+27 for winning)\n|raw|Gsa7's rating: 1255 &rarr; <strong>1228</strong><br />(-27 for losing)\n|l|\u2606Gsa7\n|player|p2|\n",
  "uploadtime": 1776585493,
  "views": 2,
  "formatid": "gen9championsbssregma",
  "rating": 1228,
  "private": 0,
  "password": null
}