{
  "id": "gen9championsbssregma-2582282566",
  "format": "[Gen 9 Champions] BSS Reg M-A",
  "players": [
    "test_poke29",
    "ayame_pk"
  ],
  "log": "|j|\u2606test_poke29\n|j|\u2606ayame_pk\n|t:|1776079527\n|gametype|singles\n|player|p1|test_poke29|lucas|1204\n|player|p2|ayame_pk|caitlin|1262\n|gen|9\n|tier|[Gen 9 Champions] BSS Reg M-A\n|rated|\n|rule|Species Clause: Limit one of each Pok\u00e9mon\n|rule|Item Clause: Limit 1 of each item\n|clearpoke\n|poke|p1|Greninja-*, L50, M|\n|poke|p1|Aegislash, L50, M|\n|poke|p1|Hippowdon, L50, M|\n|poke|p1|Archaludon, L50, M|\n|poke|p1|Primarina, L50, F|\n|poke|p1|Toucannon, L50, F|\n|poke|p2|Gyarados, L50, M|\n|poke|p2|Diggersby, L50, F|\n|poke|p2|Polteageist-Antique, L50|\n|poke|p2|Archaludon, L50, F|\n|poke|p2|Sneasler, L50, F|\n|poke|p2|Mimikyu, L50, F|\n|teampreview|3\n|inactive|Battle timer is ON: inactive players will automatically lose when time's up. (requested by test_poke29)\n|inactive|ayame_pk has 60 seconds left.\n|\n|t:|1776079565\n|teamsize|p1|3\n|teamsize|p2|3\n|start\n|switch|p1a: Toucannon|Toucannon, L50, F|100/100\n|switch|p2a: Gyarados|Gyarados, L50, M|100/100\n|-ability|p2a: Gyarados|Intimidate|boost\n|-unboost|p1a: Toucannon|atk|1\n|turn|1\n|j| p74\n|\n|t:|1776079575\n|switch|p2a: Archaludon|Archaludon, L50, F, shiny|100/100\n|-singleturn|p1a: Toucannon|move: Beak Blast\n|move|p1a: Toucannon|Beak Blast|p2a: Archaludon\n|-resisted|p2a: Archaludon|1\n|-damage|p2a: Archaludon|85/100\n|-ability|p2a: Archaludon|Stamina|boost\n|-boost|p2a: Archaludon|def|1\n|\n|-heal|p2a: Archaludon|91/100|[from] item: Leftovers\n|upkeep\n|turn|2\n|\n|t:|1776079586\n|switch|p1a: Aegislash|Aegislash, L50, M|100/100\n|move|p2a: Archaludon|Substitute|p2a: Archaludon\n|-start|p2a: Archaludon|Substitute\n|-damage|p2a: Archaludon|66/100\n|\n|-heal|p2a: Archaludon|73/100|[from] item: Leftovers\n|upkeep\n|turn|3\n|\n|t:|1776079594\n|move|p2a: Archaludon|Thunderbolt|p1a: Aegislash\n|-damage|p1a: Aegislash|80/100\n|-formechange|p1a: Aegislash|Aegislash-Blade|\n|move|p1a: Aegislash|Sacred Sword|p2a: Archaludon\n|-supereffective|p2a: Archaludon|1\n|-end|p2a: Archaludon|Substitute\n|\n|-heal|p2a: Archaludon|79/100|[from] item: Leftovers\n|upkeep\n|turn|4\n|\n|t:|1776079607\n|switch|p2a: Polteageist|Polteageist-Antique, L50, shiny|100/100\n|move|p1a: Aegislash|Poltergeist|p2a: Polteageist\n|-activate|p2a: Polteageist|move: Poltergeist|White Herb\n|-supereffective|p2a: Polteageist|1\n|-damage|p2a: Polteageist|0 fnt\n|faint|p2a: Polteageist\n|\n|upkeep\n|\n|t:|1776079614\n|switch|p2a: Gyarados|Gyarados, L50, M|100/100\n|-ability|p2a: Gyarados|Intimidate|boost\n|-unboost|p1a: Aegislash|atk|1\n|turn|5\n|\n|t:|1776079625\n|move|p2a: Gyarados|Dragon Dance|p2a: Gyarados\n|-boost|p2a: Gyarados|atk|1\n|-boost|p2a: Gyarados|spe|1\n|move|p1a: Aegislash|Poltergeist|p2a: Gyarados\n|-activate|p2a: Gyarados|move: Poltergeist|Gyaradosite\n|-damage|p2a: Gyarados|37/100\n|\n|upkeep\n|turn|6\n|\n|t:|1776079633\n|detailschange|p2a: Gyarados|Gyarados-Mega, L50, M\n|-mega|p2a: Gyarados|Gyarados|Gyaradosite\n|-ability|p2a: Gyarados|Mold Breaker\n|move|p2a: Gyarados|Crunch|p1a: Aegislash\n|-supereffective|p1a: Aegislash|1\n|-damage|p1a: Aegislash|0 fnt\n|faint|p1a: Aegislash\n|\n|upkeep\n|\n|t:|1776079640\n|switch|p1a: Toucannon|Toucannon, L50, F|100/100\n|turn|7\n|\n|t:|1776079644\n|-singleturn|p1a: Toucannon|move: Beak Blast\n|move|p2a: Gyarados|Crunch|p1a: Toucannon\n|-damage|p1a: Toucannon|15/100\n|-status|p2a: Gyarados|brn\n|move|p1a: Toucannon|Beak Blast|p2a: Gyarados\n|-damage|p2a: Gyarados|0 fnt\n|faint|p2a: Gyarados\n|\n|upkeep\n|\n|t:|1776079649\n|switch|p2a: Archaludon|Archaludon, L50, F, shiny|79/100\n|turn|8\n|\n|t:|1776079656\n|move|p2a: Archaludon|Thunderbolt|p1a: Toucannon\n|-supereffective|p1a: Toucannon|1\n|-damage|p1a: Toucannon|0 fnt\n|faint|p1a: Toucannon\n|\n|-heal|p2a: Archaludon|85/100|[from] item: Leftovers\n|upkeep\n|\n|t:|1776079661\n|switch|p1a: Greninja|Greninja, L50, M|100/100\n|turn|9\n|\n|t:|1776079667\n|detailschange|p1a: Greninja|Greninja-Mega, L50, M\n|-mega|p1a: Greninja|Greninja|Greninjite\n|move|p1a: Greninja|Dark Pulse|p2a: Archaludon\n|-start|p1a: Greninja|typechange|Dark|[from] ability: Protean\n|-damage|p2a: Archaludon|37/100\n|-ability|p2a: Archaludon|Stamina|boost\n|-boost|p2a: Archaludon|def|1\n|move|p2a: Archaludon|Aura Sphere|p1a: Greninja\n|-supereffective|p1a: Greninja|1\n|-crit|p1a: Greninja\n|-damage|p1a: Greninja|0 fnt\n|faint|p1a: Greninja\n|\n|win|ayame_pk\n|raw|test_poke29's rating: 1204 &rarr; <strong>1183</strong><br />(-21 for losing)\n|raw|ayame_pk's rating: 1262 &rarr; <strong>1283</strong><br />(+21 for winning)\n|l|\u2606ayame_pk\n|player|p2|\n|l|\u2606test_poke29\n|player|p1|\n",
  "uploadtime": 1776079863,
  "views": 3,
  "formatid": "gen9championsbssregma",
  "rating": 1183,
  "private": 0,
  "password": null
}