{
  "id": "gen9championsbssregma-2586182403",
  "format": "[Gen 9 Champions] BSS Reg M-A",
  "players": [
    "HootHootHo",
    "funmitan"
  ],
  "log": "|j|\u2606HootHootHo\n|j|\u2606funmitan\n|t:|1776409443\n|gametype|singles\n|player|p1|HootHootHo|102|1208\n|player|p2|funmitan|170|1280\n|gen|9\n|tier|[Gen 9 Champions] BSS Reg M-A\n|rated|\n|rule|Species Clause: Limit one of each Pok\u00e9mon\n|rule|Item Clause: Limit 1 of each item\n|clearpoke\n|poke|p1|Blastoise, L50, F|\n|poke|p1|Archaludon, L50, F|\n|poke|p1|Basculegion, L50, M|\n|poke|p1|Kangaskhan, L50, F|\n|poke|p1|Ceruledge, L50, M|\n|poke|p1|Umbreon, L50, M|\n|poke|p2|Ninetales-Alola, L50, F|\n|poke|p2|Kleavor, L50, M|\n|poke|p2|Banette, L50, M|\n|poke|p2|Kommo-o, L50, F|\n|poke|p2|Blastoise, L50, F|\n|poke|p2|Hydreigon, L50, F|\n|teampreview|3\n|inactive|Battle timer is ON: inactive players will automatically lose when time's up. (requested by HootHootHo)\n|j| p74\n|inactive|HootHootHo has 60 seconds left.\n|inactive|funmitan has 60 seconds left.\n|\n|t:|1776409481\n|teamsize|p1|3\n|teamsize|p2|3\n|start\n|switch|p1a: Kangaskhan|Kangaskhan, L50, F|100/100\n|switch|p2a: Kleavor|Kleavor, L50, M|100/100\n|turn|1\n|\n|t:|1776409496\n|detailschange|p1a: Kangaskhan|Kangaskhan-Mega, L50, F\n|-mega|p1a: Kangaskhan|Kangaskhan|Kangaskhanite\n|move|p1a: Kangaskhan|Fake Out|p2a: Kleavor\n|-resisted|p2a: Kleavor|1\n|-damage|p2a: Kleavor|87/100\n|-resisted|p2a: Kleavor|1\n|-damage|p2a: Kleavor|84/100\n|-hitcount|p2a: Kleavor|2\n|cant|p2a: Kleavor|flinch\n|\n|upkeep\n|turn|2\n|\n|t:|1776409504\n|switch|p1a: Archaludon|Archaludon, L50, F|100/100\n|move|p2a: Kleavor|Stone Axe|p1a: Archaludon\n|-resisted|p1a: Archaludon|1\n|-damage|p1a: Archaludon|86/100\n|-ability|p1a: Archaludon|Stamina|boost\n|-boost|p1a: Archaludon|def|1\n|-sidestart|p1: HootHootHo|move: Stealth Rock\n|\n|upkeep\n|turn|3\n|j| ArcanineLover85\n|inactive|funmitan has 30 seconds left.\n|\n|t:|1776409530\n|switch|p2a: Blastoise|Blastoise, L50, F|100/100\n|move|p1a: Archaludon|Thunder Wave|p2a: Blastoise\n|-status|p2a: Blastoise|par\n|\n|upkeep\n|turn|4\n|\n|t:|1776409537\n|detailschange|p2a: Blastoise|Blastoise-Mega, L50, F\n|-mega|p2a: Blastoise|Blastoise|Blastoisinite\n|move|p2a: Blastoise|Aura Sphere|p1a: Archaludon\n|-supereffective|p1a: Archaludon|1\n|-damage|p1a: Archaludon|0 fnt\n|faint|p1a: Archaludon\n|\n|upkeep\n|\n|t:|1776409546\n|switch|p1a: Kangaskhan|Kangaskhan-Mega, L50, F|100/100\n|-damage|p1a: Kangaskhan|88/100|[from] Stealth Rock\n|turn|5\n|l| ArcanineLover85\n|\n|t:|1776409550\n|move|p1a: Kangaskhan|Fake Out|p2a: Blastoise\n|-damage|p2a: Blastoise|80/100 par\n|-damage|p2a: Blastoise|76/100 par\n|-hitcount|p2a: Blastoise|2\n|cant|p2a: Blastoise|flinch\n|\n|upkeep\n|turn|6\n|\n|t:|1776409555\n|move|p1a: Kangaskhan|Body Slam|p2a: Blastoise\n|-damage|p2a: Blastoise|37/100 par\n|-damage|p2a: Blastoise|28/100 par\n|-hitcount|p2a: Blastoise|2\n|move|p2a: Blastoise|Aura Sphere|p1a: Kangaskhan\n|-supereffective|p1a: Kangaskhan|1\n|-damage|p1a: Kangaskhan|3/100\n|\n|upkeep\n|turn|7\n|\n|t:|1776409561\n|move|p1a: Kangaskhan|Body Slam|p2a: Blastoise\n|-damage|p2a: Blastoise|0 fnt\n|faint|p2a: Blastoise\n|-hitcount|p2: Blastoise|1\n|\n|upkeep\n|j| ArcanineLover85\n|\n|t:|1776409569\n|switch|p2a: Kleavor|Kleavor, L50, M|84/100\n|turn|8\n|\n|t:|1776409574\n|move|p1a: Kangaskhan|Sucker Punch|p2a: Kleavor\n|-damage|p2a: Kleavor|52/100\n|-damage|p2a: Kleavor|43/100\n|-hitcount|p2a: Kleavor|2\n|move|p2a: Kleavor|U-turn|p1a: Kangaskhan\n|-damage|p1a: Kangaskhan|0 fnt\n|faint|p1a: Kangaskhan\n|\n|t:|1776409578\n|switch|p2a: Hydreigon|Hydreigon, L50, F|100/100|[from] U-turn\n|\n|upkeep\n|\n|t:|1776409581\n|switch|p1a: Umbreon|Umbreon, L50, M|100/100\n|-damage|p1a: Umbreon|88/100|[from] Stealth Rock\n|turn|9\n|\n|t:|1776409598\n|move|p2a: Hydreigon|Fire Blast|p1a: Umbreon\n|-damage|p1a: Umbreon|64/100\n|move|p1a: Umbreon|Toxic|p2a: Hydreigon|[miss]\n|-miss|p1a: Umbreon|p2a: Hydreigon\n|\n|-heal|p1a: Umbreon|70/100|[from] item: Leftovers\n|upkeep\n|turn|10\n|\n|t:|1776409612\n|move|p2a: Hydreigon|Flash Cannon|p1a: Umbreon\n|-damage|p1a: Umbreon|54/100\n|move|p1a: Umbreon|Foul Play|p2a: Hydreigon\n|-resisted|p2a: Hydreigon|1\n|-damage|p2a: Hydreigon|84/100\n|\n|-heal|p1a: Umbreon|60/100|[from] item: Leftovers\n|upkeep\n|turn|11\n|\n|t:|1776409616\n|move|p2a: Hydreigon|Flash Cannon|p1a: Umbreon\n|-damage|p1a: Umbreon|43/100\n|-unboost|p1a: Umbreon|spd|1\n|move|p1a: Umbreon|Toxic|p2a: Hydreigon\n|-status|p2a: Hydreigon|tox\n|\n|-heal|p1a: Umbreon|49/100|[from] item: Leftovers\n|-damage|p2a: Hydreigon|78/100 tox|[from] psn\n|upkeep\n|turn|12\n|\n|t:|1776409622\n|move|p1a: Umbreon|Protect|p1a: Umbreon\n|-singleturn|p1a: Umbreon|Protect\n|move|p2a: Hydreigon|Draco Meteor|p1a: Umbreon\n|-activate|p1a: Umbreon|move: Protect\n|\n|-heal|p1a: Umbreon|55/100|[from] item: Leftovers\n|-damage|p2a: Hydreigon|66/100 tox|[from] psn\n|upkeep\n|turn|13\n|\n|t:|1776409625\n|move|p2a: Hydreigon|Draco Meteor|p1a: Umbreon\n|-damage|p1a: Umbreon|0 fnt\n|-unboost|p2a: Hydreigon|spa|2\n|faint|p1a: Umbreon\n|\n|win|funmitan\n|raw|HootHootHo's rating: 1189 &rarr; <strong>1170</strong><br />(-19 for losing)\n|raw|funmitan's rating: 1280 &rarr; <strong>1299</strong><br />(+19 for winning)\n|l|\u2606HootHootHo\n|player|p1|\n|c|\u2606funmitan|gg\n|l| ArcanineLover85\n|l|\u2606funmitan\n|player|p2|\n",
  "uploadtime": 1776409977,
  "views": 4,
  "formatid": "gen9championsbssregma",
  "rating": 1170,
  "private": 0,
  "password": null
}