{
  "id": "gen9championsbssregma-2587695291",
  "format": "[Gen 9 Champions] BSS Reg M-A",
  "players": [
    "jgtpmg",
    "Aledson"
  ],
  "log": "|j|\u2606jgtpmg\n|j|\u2606Aledson\n|t:|1776554741\n|gametype|singles\n|player|p1|jgtpmg|266|1000\n|player|p2|Aledson|101|1000\n|gen|9\n|tier|[Gen 9 Champions] BSS Reg M-A\n|rated|\n|rule|Species Clause: Limit one of each Pok\u00e9mon\n|rule|Item Clause: Limit 1 of each item\n|clearpoke\n|poke|p1|Lopunny, L50, F|\n|poke|p1|Aegislash, L50, F|\n|poke|p1|Pelipper, L50, F|\n|poke|p1|Archaludon, L50, F|\n|poke|p1|Garchomp, L50, F|\n|poke|p1|Primarina, L50, M|\n|poke|p2|Clefable, L50, F|\n|poke|p2|Umbreon, L50, F|\n|poke|p2|Sableye, L50, M|\n|poke|p2|Greninja, L50, M|\n|poke|p2|Aerodactyl, L50, F|\n|poke|p2|Garchomp, L50, F|\n|teampreview|3\n|\n|t:|1776554765\n|teamsize|p1|3\n|teamsize|p2|3\n|start\n|switch|p1a: Garchomp|Garchomp, L50, F|100/100\n|switch|p2a: Garchomp|Garchomp, L50, F|100/100\n|turn|1\n|\n|t:|1776554779\n|move|p2a: Garchomp|Stealth Rock|p1a: Garchomp\n|-sidestart|p1: jgtpmg|move: Stealth Rock\n|move|p1a: Garchomp|Dragon Tail|p2a: Garchomp\n|-supereffective|p2a: Garchomp|1\n|-damage|p2a: Garchomp|50/100\n|-damage|p1a: Garchomp|88/100|[from] ability: Rough Skin|[of] p2a: Garchomp\n|-enditem|p2a: Garchomp|Sitrus Berry|[eat]\n|-heal|p2a: Garchomp|75/100|[from] item: Sitrus Berry\n|drag|p2a: Sableye|Sableye, L50, M|100/100\n|\n|upkeep\n|turn|2\n|\n|t:|1776554794\n|move|p2a: Sableye|Protect|p2a: Sableye\n|-singleturn|p2a: Sableye|Protect\n|move|p1a: Garchomp|Stealth Rock|p2a: Sableye\n|-sidestart|p2: Aledson|move: Stealth Rock\n|\n|upkeep\n|turn|3\n|\n|t:|1776554807\n|move|p2a: Sableye|Encore|p1a: Garchomp\n|-start|p1a: Garchomp|Encore\n|move|p1a: Garchomp|Stealth Rock||[still]\n|-fail|p1a: Garchomp\n|\n|upkeep\n|turn|4\n|\n|t:|1776554818\n|switch|p1a: Pelipper|Pelipper, L50, F|100/100\n|-damage|p1a: Pelipper|76/100|[from] Stealth Rock\n|-weather|RainDance|[from] ability: Drizzle|[of] p1a: Pelipper\n|switch|p2a: Garchomp|Garchomp, L50, F|75/100\n|-damage|p2a: Garchomp|69/100|[from] Stealth Rock\n|\n|-weather|RainDance|[upkeep]\n|upkeep\n|turn|5\n|\n|t:|1776554835\n|move|p2a: Garchomp|Spikes|p1a: Pelipper\n|-sidestart|p1: jgtpmg|Spikes\n|move|p1a: Pelipper|Weather Ball|p2a: Garchomp\n|-damage|p2a: Garchomp|0 fnt\n|faint|p2a: Garchomp\n|\n|-weather|RainDance|[upkeep]\n|upkeep\n|\n|t:|1776554848\n|switch|p2a: Sableye|Sableye, L50, M|100/100\n|-damage|p2a: Sableye|88/100|[from] Stealth Rock\n|turn|6\n|\n|t:|1776554856\n|move|p2a: Sableye|Protect|p2a: Sableye\n|-singleturn|p2a: Sableye|Protect\n|move|p1a: Pelipper|Weather Ball|p2a: Sableye\n|-activate|p2a: Sableye|move: Protect\n|\n|-weather|RainDance|[upkeep]\n|upkeep\n|turn|7\n|\n|t:|1776554864\n|move|p2a: Sableye|Disable|p1a: Pelipper\n|-start|p1a: Pelipper|Disable|Weather Ball\n|cant|p1a: Pelipper|Disable|Weather Ball\n|\n|-weather|RainDance|[upkeep]\n|upkeep\n|turn|8\n|\n|t:|1776554872\n|move|p2a: Sableye|Encore|p1a: Pelipper\n|-start|p1a: Pelipper|Encore\n|cant|p1a: Pelipper|Disable|Weather Ball\n|\n|-weather|none\n|upkeep\n|turn|9\n|\n|t:|1776554888\n|switch|p1a: Garchomp|Garchomp, L50, F|88/100\n|-damage|p1a: Garchomp|82/100|[from] Stealth Rock\n|-damage|p1a: Garchomp|70/100|[from] Spikes\n|move|p2a: Sableye|Protect||[still]\n|-fail|p2a: Sableye\n|\n|upkeep\n|turn|10\n|\n|t:|1776554902\n|move|p2a: Sableye|Protect|p2a: Sableye\n|-singleturn|p2a: Sableye|Protect\n|move|p1a: Garchomp|Dragon Tail|p2a: Sableye\n|-activate|p2a: Sableye|move: Protect\n|\n|upkeep\n|turn|11\n|\n|t:|1776554909\n|switch|p1a: Pelipper|Pelipper, L50, F|76/100\n|-damage|p1a: Pelipper|51/100|[from] Stealth Rock\n|-weather|RainDance|[from] ability: Drizzle|[of] p1a: Pelipper\n|move|p2a: Sableye|Disable||[still]\n|-fail|p2a: Sableye\n|\n|-weather|RainDance|[upkeep]\n|upkeep\n|turn|12\n|\n|t:|1776554927\n|move|p2a: Sableye|Protect|p2a: Sableye\n|-singleturn|p2a: Sableye|Protect\n|move|p1a: Pelipper|Tailwind|p1a: Pelipper\n|-sidestart|p1: jgtpmg|move: Tailwind\n|\n|-weather|RainDance|[upkeep]\n|upkeep\n|turn|13\n|\n|t:|1776554940\n|move|p2a: Sableye|Encore|p1a: Pelipper\n|-start|p1a: Pelipper|Encore\n|move|p1a: Pelipper|Tailwind||[still]\n|-fail|p1a: Pelipper\n|\n|-weather|RainDance|[upkeep]\n|upkeep\n|turn|14\n|\n|t:|1776554962\n|switch|p1a: Garchomp|Garchomp, L50, F|70/100\n|-damage|p1a: Garchomp|64/100|[from] Stealth Rock\n|-damage|p1a: Garchomp|52/100|[from] Spikes\n|move|p2a: Sableye|Disable||[still]\n|-fail|p2a: Sableye\n|\n|-weather|RainDance|[upkeep]\n|upkeep\n|turn|15\n|\n|t:|1776554976\n|move|p2a: Sableye|Protect|p2a: Sableye\n|-singleturn|p2a: Sableye|Protect\n|move|p1a: Garchomp|Dragon Tail|p2a: Sableye\n|-activate|p2a: Sableye|move: Protect\n|\n|-weather|none\n|-sideend|p1: jgtpmg|move: Tailwind\n|upkeep\n|turn|16\n|\n|t:|1776554986\n|move|p2a: Sableye|Disable|p1a: Garchomp\n|-start|p1a: Garchomp|Disable|Dragon Tail\n|cant|p1a: Garchomp|Disable|Dragon Tail\n|\n|upkeep\n|turn|17\n|\n|t:|1776554995\n|switch|p1a: Lopunny|Lopunny, L50, F|100/100\n|-damage|p1a: Lopunny|88/100|[from] Stealth Rock\n|-damage|p1a: Lopunny|76/100|[from] Spikes\n|move|p2a: Sableye|Encore||[still]\n|-fail|p2a: Sableye\n|\n|upkeep\n|turn|18\n|\n|t:|1776555008\n|detailschange|p1a: Lopunny|Lopunny-Mega, L50, F\n|-mega|p1a: Lopunny|Lopunny|Lopunnite\n|move|p2a: Sableye|Protect|p2a: Sableye\n|-singleturn|p2a: Sableye|Protect\n|move|p1a: Lopunny|Swords Dance|p1a: Lopunny\n|-boost|p1a: Lopunny|atk|2\n|\n|upkeep\n|turn|19\n|\n|t:|1776555031\n|move|p2a: Sableye|Encore|p1a: Lopunny\n|-start|p1a: Lopunny|Encore\n|move|p1a: Lopunny|Swords Dance|p1a: Lopunny\n|-boost|p1a: Lopunny|atk|2\n|\n|upkeep\n|turn|20\n|\n|t:|1776555053\n|move|p2a: Sableye|Disable|p1a: Lopunny\n|-start|p1a: Lopunny|Disable|Swords Dance\n|cant|p1a: Lopunny|Disable|Swords Dance\n|\n|upkeep\n|turn|21\n|\n|t:|1776555058\n|move|p2a: Sableye|Taunt|p1a: Lopunny\n|-start|p1a: Lopunny|move: Taunt\n|-activate|p1a: Lopunny|move: Struggle\n|move|p1a: Lopunny|Struggle|p2a: Sableye\n|-damage|p2a: Sableye|42/100\n|-damage|p1a: Lopunny|51/100|[from] recoil\n|\n|-end|p1a: Lopunny|Encore\n|upkeep\n|turn|22\n|\n|t:|1776555071\n|move|p2a: Sableye|Encore||[still]\n|-fail|p2a: Sableye\n|move|p1a: Lopunny|Drain Punch|p2a: Sableye\n|-supereffective|p2a: Sableye|1\n|-damage|p2a: Sableye|0 fnt\n|-heal|p1a: Lopunny|70/100|[from] drain|[of] p2a: Sableye\n|faint|p2a: Sableye\n|\n|upkeep\n|\n|t:|1776555079\n|switch|p2a: Greninja|Greninja, L50, M|100/100\n|-damage|p2a: Greninja|88/100|[from] Stealth Rock\n|turn|23\n|\n|t:|1776555088\n|detailschange|p2a: Greninja|Greninja-Mega, L50, M\n|-mega|p2a: Greninja|Greninja|Greninjite\n|move|p2a: Greninja|Extrasensory|p1a: Lopunny\n|-start|p2a: Greninja|typechange|Psychic|[from] ability: Protean\n|-supereffective|p1a: Lopunny|1\n|-damage|p1a: Lopunny|0 fnt\n|faint|p1a: Lopunny\n|\n|upkeep\n|\n|t:|1776555099\n|switch|p1a: Garchomp|Garchomp, L50, F|52/100\n|-damage|p1a: Garchomp|46/100|[from] Stealth Rock\n|-damage|p1a: Garchomp|34/100|[from] Spikes\n|-enditem|p1a: Garchomp|Sitrus Berry|[eat]\n|-heal|p1a: Garchomp|58/100|[from] item: Sitrus Berry\n|turn|24\n|\n|t:|1776555108\n|move|p2a: Greninja|Ice Beam|p1a: Garchomp\n|-supereffective|p1a: Garchomp|2\n|-damage|p1a: Garchomp|0 fnt\n|faint|p1a: Garchomp\n|\n|upkeep\n|\n|t:|1776555113\n|switch|p1a: Pelipper|Pelipper, L50, F|51/100\n|-damage|p1a: Pelipper|27/100|[from] Stealth Rock\n|-weather|RainDance|[from] ability: Drizzle|[of] p1a: Pelipper\n|turn|25\n|\n|t:|1776555123\n|move|p2a: Greninja|Extrasensory|p1a: Pelipper\n|-damage|p1a: Pelipper|0 fnt\n|faint|p1a: Pelipper\n|\n|win|Aledson\n|raw|jgtpmg's rating: 1000 &rarr; <strong>1000</strong><br />(+0 for losing)\n|raw|Aledson's rating: 1000 &rarr; <strong>1040</strong><br />(+40 for winning)\n",
  "uploadtime": 1776555128,
  "views": 2,
  "formatid": "gen9championsbssregma",
  "rating": 1000,
  "private": 0,
  "password": null
}