{
  "id": "gen9championsbssregma-2583541884",
  "format": "[Gen 9 Champions] BSS Reg M-A",
  "players": [
    "Ahotvlol",
    "Hinya"
  ],
  "log": "|j|\u2606Ahotvlol\n|j|\u2606Hinya\n|t:|1776182196\n|gametype|singles\n|player|p1|Ahotvlol|170|1199\n|player|p2|Hinya|arezu|1227\n|gen|9\n|tier|[Gen 9 Champions] BSS Reg M-A\n|rated|\n|rule|Species Clause: Limit one of each Pok\u00e9mon\n|rule|Item Clause: Limit 1 of each item\n|clearpoke\n|poke|p1|Gengar, L50, F|\n|poke|p1|Meowscarada, L50, F|\n|poke|p1|Garchomp, L50, M|\n|poke|p1|Gyarados, L50, M|\n|poke|p2|Hippowdon, L50, M|\n|poke|p2|Kangaskhan, L50, F|\n|poke|p2|Aegislash, L50, M|\n|poke|p2|Garchomp, L50, M|\n|poke|p2|Floette-Eternal, L50, F|\n|poke|p2|Basculegion, L50, M|\n|teampreview|3\n|inactive|Battle timer is ON: inactive players will automatically lose when time's up. (requested by Ahotvlol)\n|inactive|Hinya has 60 seconds left.\n|\n|t:|1776182230\n|teamsize|p1|3\n|teamsize|p2|3\n|start\n|switch|p1a: Meowscarada|Meowscarada, L50, F|100/100\n|switch|p2a: \ucea5\uce74|Kangaskhan, L50, F|100/100\n|turn|1\n|\n|t:|1776182236\n|detailschange|p2a: \ucea5\uce74|Kangaskhan-Mega, L50, F\n|-mega|p2a: \ucea5\uce74|Kangaskhan|Kangaskhanite\n|move|p1a: Meowscarada|U-turn|p2a: \ucea5\uce74\n|-start|p1a: Meowscarada|typechange|Bug|[from] ability: Protean\n|-damage|p2a: \ucea5\uce74|74/100\n|\n|t:|1776182238\n|switch|p1a: Garchomp|Garchomp, L50, M|100/100|[from] U-turn\n|move|p2a: \ucea5\uce74|Ice Punch|p1a: Garchomp\n|-supereffective|p1a: Garchomp|2\n|-enditem|p1a: Garchomp|Focus Sash\n|-damage|p1a: Garchomp|1/100\n|-damage|p2a: \ucea5\uce74|62/100|[from] ability: Rough Skin|[of] p1a: Garchomp\n|-supereffective|p1a: Garchomp|2\n|-damage|p1a: Garchomp|0 fnt\n|-damage|p2a: \ucea5\uce74|50/100|[from] ability: Rough Skin|[of] p1a: Garchomp\n|faint|p1a: Garchomp\n|-hitcount|p1: Garchomp|2\n|\n|upkeep\n|\n|t:|1776182257\n|switch|p1a: Gyarados|Gyarados, L50, M|100/100\n|-ability|p1a: Gyarados|Intimidate|boost\n|-unboost|p2a: \ucea5\uce74|atk|1\n|turn|2\n|\n|t:|1776182261\n|switch|p2a: \ud558\ub9c8\ub3c8|Hippowdon, L50, M|100/100\n|-weather|Sandstorm|[from] ability: Sand Stream|[of] p2a: \ud558\ub9c8\ub3c8\n|detailschange|p1a: Gyarados|Gyarados-Mega, L50, M\n|-mega|p1a: Gyarados|Gyarados|Gyaradosite\n|-ability|p1a: Gyarados|Mold Breaker\n|move|p1a: Gyarados|Dragon Dance|p1a: Gyarados\n|-boost|p1a: Gyarados|atk|1\n|-boost|p1a: Gyarados|spe|1\n|\n|-weather|Sandstorm|[upkeep]\n|-damage|p1a: Gyarados|95/100|[from] Sandstorm\n|upkeep\n|turn|3\n|\n|t:|1776182266\n|move|p1a: Gyarados|Waterfall|p2a: \ud558\ub9c8\ub3c8\n|-supereffective|p2a: \ud558\ub9c8\ub3c8|1\n|-damage|p2a: \ud558\ub9c8\ub3c8|22/100\n|-enditem|p2a: \ud558\ub9c8\ub3c8|Sitrus Berry|[eat]\n|-heal|p2a: \ud558\ub9c8\ub3c8|47/100|[from] item: Sitrus Berry\n|move|p2a: \ud558\ub9c8\ub3c8|Yawn|p1a: Gyarados\n|-start|p1a: Gyarados|move: Yawn|[of] p2a: \ud558\ub9c8\ub3c8\n|\n|-weather|Sandstorm|[upkeep]\n|-damage|p1a: Gyarados|89/100|[from] Sandstorm\n|upkeep\n|turn|4\n|\n|t:|1776182273\n|switch|p1a: Meowscarada|Meowscarada, L50, F|100/100\n|move|p2a: \ud558\ub9c8\ub3c8|Yawn|p1a: Meowscarada\n|-start|p1a: Meowscarada|move: Yawn|[of] p2a: \ud558\ub9c8\ub3c8\n|\n|-weather|Sandstorm|[upkeep]\n|-damage|p1a: Meowscarada|95/100|[from] Sandstorm\n|upkeep\n|turn|5\n|\n|t:|1776182279\n|move|p1a: Meowscarada|U-turn|p2a: \ud558\ub9c8\ub3c8\n|-start|p1a: Meowscarada|typechange|Bug|[from] ability: Protean\n|-damage|p2a: \ud558\ub9c8\ub3c8|29/100\n|\n|t:|1776182281\n|switch|p1a: Gyarados|Gyarados-Mega, L50, M|89/100|[from] U-turn\n|-ability|p1a: Gyarados|Mold Breaker\n|move|p2a: \ud558\ub9c8\ub3c8|Yawn|p1a: Gyarados\n|-start|p1a: Gyarados|move: Yawn|[of] p2a: \ud558\ub9c8\ub3c8\n|\n|-weather|Sandstorm|[upkeep]\n|-damage|p1a: Gyarados|83/100|[from] Sandstorm\n|upkeep\n|turn|6\n|\n|t:|1776182283\n|switch|p1a: Meowscarada|Meowscarada, L50, F|95/100\n|move|p2a: \ud558\ub9c8\ub3c8|Stealth Rock|p1a: Meowscarada\n|-sidestart|p1: Ahotvlol|move: Stealth Rock\n|\n|-weather|none\n|upkeep\n|turn|7\n|\n|t:|1776182291\n|move|p1a: Meowscarada|Knock Off|p2a: \ud558\ub9c8\ub3c8\n|-start|p1a: Meowscarada|typechange|Dark|[from] ability: Protean\n|-damage|p2a: \ud558\ub9c8\ub3c8|12/100\n|move|p2a: \ud558\ub9c8\ub3c8|Yawn|p1a: Meowscarada\n|-start|p1a: Meowscarada|move: Yawn|[of] p2a: \ud558\ub9c8\ub3c8\n|\n|upkeep\n|turn|8\n|\n|t:|1776182298\n|switch|p1a: Gyarados|Gyarados-Mega, L50, M|83/100\n|-damage|p1a: Gyarados|71/100|[from] Stealth Rock\n|-ability|p1a: Gyarados|Mold Breaker\n|move|p2a: \ud558\ub9c8\ub3c8|Yawn|p1a: Gyarados\n|-start|p1a: Gyarados|move: Yawn|[of] p2a: \ud558\ub9c8\ub3c8\n|\n|upkeep\n|turn|9\n|\n|t:|1776182300\n|switch|p1a: Meowscarada|Meowscarada, L50, F|95/100\n|-damage|p1a: Meowscarada|82/100|[from] Stealth Rock\n|move|p2a: \ud558\ub9c8\ub3c8|Yawn|p1a: Meowscarada\n|-start|p1a: Meowscarada|move: Yawn|[of] p2a: \ud558\ub9c8\ub3c8\n|\n|upkeep\n|turn|10\n|\n|t:|1776182305\n|move|p1a: Meowscarada|U-turn|p2a: \ud558\ub9c8\ub3c8\n|-start|p1a: Meowscarada|typechange|Bug|[from] ability: Protean\n|-damage|p2a: \ud558\ub9c8\ub3c8|0 fnt\n|faint|p2a: \ud558\ub9c8\ub3c8\n|\n|t:|1776182308\n|switch|p1a: Gyarados|Gyarados-Mega, L50, M|71/100|[from] U-turn\n|-damage|p1a: Gyarados|58/100|[from] Stealth Rock\n|-ability|p1a: Gyarados|Mold Breaker\n|\n|upkeep\n|\n|t:|1776182311\n|switch|p2a: \ucea5\uce74|Kangaskhan-Mega, L50, F|50/100\n|turn|11\n|\n|t:|1776182315\n|move|p1a: Gyarados|Waterfall|p2a: \ucea5\uce74\n|-damage|p2a: \ucea5\uce74|11/100\n|move|p2a: \ucea5\uce74|Double-Edge|p1a: Gyarados\n|-damage|p1a: Gyarados|0 fnt\n|faint|p1a: Gyarados\n|-hitcount|p1: Gyarados|1\n|-damage|p2a: \ucea5\uce74|0 fnt|[from] Recoil\n|faint|p2a: \ucea5\uce74\n|\n|upkeep\n|\n|t:|1776182318\n|switch|p1a: Meowscarada|Meowscarada, L50, F|82/100\n|switch|p2a: \ud0ac\uac00\ub974\ub3c4|Aegislash, L50, M|100/100\n|-damage|p1a: Meowscarada|70/100|[from] Stealth Rock\n|turn|12\n|\n|t:|1776182321\n|move|p2a: \ud0ac\uac00\ub974\ub3c4|King's Shield|p2a: \ud0ac\uac00\ub974\ub3c4\n|-singleturn|p2a: \ud0ac\uac00\ub974\ub3c4|Protect\n|move|p1a: Meowscarada|Knock Off|p2a: \ud0ac\uac00\ub974\ub3c4\n|-start|p1a: Meowscarada|typechange|Dark|[from] ability: Protean\n|-activate|p2a: \ud0ac\uac00\ub974\ub3c4|move: Protect\n|-unboost|p1a: Meowscarada|atk|1\n|\n|upkeep\n|turn|13\n|\n|t:|1776182324\n|move|p1a: Meowscarada|Knock Off|p2a: \ud0ac\uac00\ub974\ub3c4\n|-supereffective|p2a: \ud0ac\uac00\ub974\ub3c4|1\n|-damage|p2a: \ud0ac\uac00\ub974\ub3c4|53/100\n|-enditem|p2a: \ud0ac\uac00\ub974\ub3c4|Leftovers|[from] move: Knock Off|[of] p1a: Meowscarada\n|-formechange|p2a: \ud0ac\uac00\ub974\ub3c4|Aegislash-Blade|\n|move|p2a: \ud0ac\uac00\ub974\ub3c4|Close Combat|p1a: Meowscarada\n|-supereffective|p1a: Meowscarada|1\n|-damage|p1a: Meowscarada|0 fnt\n|-unboost|p2a: \ud0ac\uac00\ub974\ub3c4|def|1\n|-unboost|p2a: \ud0ac\uac00\ub974\ub3c4|spd|1\n|faint|p1a: Meowscarada\n|\n|win|Hinya\n|raw|Ahotvlol's rating: 1199 &rarr; <strong>1176</strong><br />(-23 for losing)\n|raw|Hinya's rating: 1227 &rarr; <strong>1250</strong><br />(+23 for winning)\n|l|\u2606Ahotvlol\n|player|p1|\n",
  "uploadtime": 1776182328,
  "views": 9,
  "formatid": "gen9championsbssregma",
  "rating": 1176,
  "private": 0,
  "password": null
}