{
  "id": "gen9championsbssregma-2585986781",
  "format": "[Gen 9 Champions] BSS Reg M-A",
  "players": [
    "swablu supremacy",
    "Bbbkty"
  ],
  "log": "|j|\u2606swablu supremacy\n|j|\u2606Bbbkty\n|t:|1776387768\n|gametype|singles\n|player|p1|swablu supremacy|harlequin|1126\n|player|p2|Bbbkty|169|1155\n|gen|9\n|tier|[Gen 9 Champions] BSS Reg M-A\n|rated|\n|rule|Species Clause: Limit one of each Pok\u00e9mon\n|rule|Item Clause: Limit 1 of each item\n|clearpoke\n|poke|p1|Maushold, L50|\n|poke|p1|Araquanid, L50, M|\n|poke|p1|Lucario, L50, F|\n|poke|p1|Banette, L50, F|\n|poke|p1|Heracross, L50, F|\n|poke|p1|Floette-Eternal, L50, F|\n|poke|p2|Clefable, L50, M|\n|poke|p2|Charizard, L50, M|\n|poke|p2|Mimikyu, L50, F|\n|poke|p2|Kingambit, L50, F|\n|poke|p2|Espathra, L50, M|\n|poke|p2|Glimmora, L50, M|\n|teampreview|3\n|\n|t:|1776387778\n|teamsize|p1|3\n|teamsize|p2|3\n|start\n|switch|p1a: Araquanid|Araquanid, L50, M|100/100\n|switch|p2a: Glimmora|Glimmora, L50, M, shiny|100/100\n|turn|1\n|inactive|Battle timer is ON: inactive players will automatically lose when time's up. (requested by Bbbkty)\n|\n|t:|1776387783\n|move|p2a: Glimmora|Stealth Rock|p1a: Araquanid\n|-sidestart|p1: swablu supremacy|move: Stealth Rock\n|move|p1a: Araquanid|Liquidation|p2a: Glimmora\n|-supereffective|p2a: Glimmora|1\n|-enditem|p2a: Glimmora|Focus Sash\n|-damage|p2a: Glimmora|1/100\n|-activate|p2a: Glimmora|ability: Toxic Debris\n|-sidestart|p1: swablu supremacy|move: Toxic Spikes\n|\n|upkeep\n|turn|2\n|\n|t:|1776387789\n|move|p2a: Glimmora|Mortal Spin|p1a: Araquanid\n|-damage|p1a: Araquanid|94/100\n|-status|p1a: Araquanid|psn\n|move|p1a: Araquanid|Sticky Web|p2a: Glimmora\n|-sidestart|p2: Bbbkty|move: Sticky Web\n|\n|-damage|p1a: Araquanid|82/100 psn|[from] psn\n|upkeep\n|turn|3\n|\n|t:|1776387796\n|move|p2a: Glimmora|Power Gem|p1a: Araquanid\n|-supereffective|p1a: Araquanid|1\n|-damage|p1a: Araquanid|23/100 psn\n|move|p1a: Araquanid|Sticky Web||[still]\n|-fail|p1a: Araquanid\n|\n|-damage|p1a: Araquanid|11/100 psn|[from] psn\n|upkeep\n|turn|4\n|\n|t:|1776387807\n|move|p2a: Glimmora|Mortal Spin|p1a: Araquanid\n|-damage|p1a: Araquanid|6/100 psn\n|-sideend|p2: Bbbkty|Sticky Web|[from] move: Mortal Spin|[of] p2a: Glimmora\n|move|p1a: Araquanid|Sticky Web|p2a: Glimmora\n|-sidestart|p2: Bbbkty|move: Sticky Web\n|\n|-damage|p1a: Araquanid|0 fnt|[from] psn\n|faint|p1a: Araquanid\n|upkeep\n|\n|t:|1776387820\n|switch|p1a: MY HOUSE|Maushold, L50|100/100\n|-damage|p1a: MY HOUSE|88/100|[from] Stealth Rock\n|-status|p1a: MY HOUSE|psn\n|turn|5\n|l|\u2606Bbbkty\n|inactive|Bbbkty disconnected and has a minute to reconnect!\n|player|p2|\n|j|\u2606Bbbkty\n|inactive|Bbbkty reconnected and has 40 seconds left.\n|player|p2|Bbbkty|169|\n|\n|t:|1776387838\n|move|p1a: MY HOUSE|Bite|p2a: Glimmora\n|-damage|p2a: Glimmora|0 fnt\n|-activate|p2a: Glimmora|ability: Toxic Debris\n|-sidestart|p1: swablu supremacy|move: Toxic Spikes\n|faint|p2a: Glimmora\n|\n|-damage|p1a: MY HOUSE|76/100 psn|[from] psn\n|upkeep\n|\n|t:|1776387841\n|switch|p2a: Espathra|Espathra, L50, M, shiny|100/100\n|-activate|p2a: Espathra|move: Sticky Web\n|-unboost|p2a: Espathra|spe|1\n|turn|6\n|\n|t:|1776387846\n|move|p2a: Espathra|Protect|p2a: Espathra\n|-singleturn|p2a: Espathra|Protect\n|move|p1a: MY HOUSE|Population Bomb|p2a: Espathra\n|-activate|p2a: Espathra|move: Protect\n|\n|-damage|p1a: MY HOUSE|64/100 psn|[from] psn\n|-ability|p2a: Espathra|Speed Boost|boost\n|-boost|p2a: Espathra|spe|1\n|upkeep\n|turn|7\n|\n|t:|1776387853\n|move|p1a: MY HOUSE|Population Bomb|p2a: Espathra|[miss]\n|-miss|p1a: MY HOUSE|p2a: Espathra\n|move|p2a: Espathra|Baton Pass|p2a: Espathra\n|\n|t:|1776387856\n|switch|p2a: Clefable|Clefable, L50, M, shiny|100/100|[from] Baton Pass\n|-activate|p2a: Clefable|move: Sticky Web\n|-unboost|p2a: Clefable|spe|1\n|\n|-damage|p1a: MY HOUSE|52/100 psn|[from] psn\n|upkeep\n|turn|8\n|\n|t:|1776387861\n|detailschange|p2a: Clefable|Clefable-Mega, L50, M, shiny\n|-mega|p2a: Clefable|Clefable|Clefablite\n|move|p1a: MY HOUSE|Population Bomb|p2a: Clefable\n|-damage|p2a: Clefable|92/100\n|-damage|p2a: Clefable|84/100\n|-damage|p2a: Clefable|76/100\n|-crit|p2a: Clefable\n|-damage|p2a: Clefable|64/100\n|-damage|p2a: Clefable|56/100\n|-damage|p2a: Clefable|47/100\n|-damage|p2a: Clefable|39/100\n|-damage|p2a: Clefable|30/100\n|-damage|p2a: Clefable|22/100\n|-damage|p2a: Clefable|14/100\n|-hitcount|p2a: Clefable|10\n|cant|p2a: Clefable|flinch\n|\n|-damage|p1a: MY HOUSE|40/100 psn|[from] psn\n|upkeep\n|turn|9\n|\n|t:|1776387879\n|move|p1a: MY HOUSE|Population Bomb|p2a: Clefable\n|-damage|p2a: Clefable|6/100\n|-damage|p2a: Clefable|0 fnt\n|faint|p2a: Clefable\n|-hitcount|p2: Clefable|2\n|\n|-damage|p1a: MY HOUSE|28/100 psn|[from] psn\n|upkeep\n|\n|t:|1776387887\n|switch|p2a: Espathra|Espathra, L50, M, shiny|100/100\n|-activate|p2a: Espathra|move: Sticky Web\n|-unboost|p2a: Espathra|spe|1\n|turn|10\n|\n|t:|1776387891\n|move|p2a: Espathra|Protect|p2a: Espathra\n|-singleturn|p2a: Espathra|Protect\n|move|p1a: MY HOUSE|Tidy Up|p1a: MY HOUSE\n|-sideend|p1: swablu supremacy|Toxic Spikes\n|-sideend|p1: swablu supremacy|Stealth Rock\n|-sideend|p2: Bbbkty|Sticky Web\n|-activate|p1a: MY HOUSE|move: Tidy Up\n|-boost|p1a: MY HOUSE|atk|1\n|-boost|p1a: MY HOUSE|spe|1\n|\n|-damage|p1a: MY HOUSE|16/100 psn|[from] psn\n|-ability|p2a: Espathra|Speed Boost|boost\n|-boost|p2a: Espathra|spe|1\n|upkeep\n|turn|11\n|\n|t:|1776387902\n|move|p1a: MY HOUSE|Bite|p2a: Espathra\n|-supereffective|p2a: Espathra|1\n|-damage|p2a: Espathra|27/100\n|-enditem|p2a: Espathra|Sitrus Berry|[eat]\n|-heal|p2a: Espathra|52/100|[from] item: Sitrus Berry\n|move|p2a: Espathra|Calm Mind|p2a: Espathra\n|-boost|p2a: Espathra|spa|1\n|-boost|p2a: Espathra|spd|1\n|\n|-damage|p1a: MY HOUSE|4/100 psn|[from] psn\n|-ability|p2a: Espathra|Speed Boost|boost\n|-boost|p2a: Espathra|spe|1\n|upkeep\n|turn|12\n|\n|t:|1776387907\n|move|p2a: Espathra|Protect|p2a: Espathra\n|-singleturn|p2a: Espathra|Protect\n|move|p1a: MY HOUSE|Bite|p2a: Espathra\n|-activate|p2a: Espathra|move: Protect\n|\n|-damage|p1a: MY HOUSE|0 fnt|[from] psn\n|faint|p1a: MY HOUSE\n|-ability|p2a: Espathra|Speed Boost|boost\n|-boost|p2a: Espathra|spe|1\n|upkeep\n|\n|t:|1776387910\n|switch|p1a: Floette|Floette-Eternal, L50, F|100/100\n|turn|13\n|\n|t:|1776387918\n|detailschange|p1a: Floette|Floette-Mega, L50, F\n|-mega|p1a: Floette|Floette|Floettite\n|-ability|p1a: Floette|Fairy Aura\n|move|p2a: Espathra|Lumina Crash|p1a: Floette\n|-damage|p1a: Floette|60/100\n|-unboost|p1a: Floette|spd|2\n|move|p1a: Floette|Light of Ruin|p2a: Espathra\n|-damage|p2a: Espathra|0 fnt\n|faint|p2a: Espathra\n|-damage|p1a: Floette|29/100|[from] Recoil\n|\n|win|swablu supremacy\n|raw|swablu supremacy's rating: 1126 &rarr; <strong>1153</strong><br />(+27 for winning)\n|raw|Bbbkty's rating: 1155 &rarr; <strong>1128</strong><br />(-27 for losing)\n",
  "uploadtime": 1776387924,
  "views": 7,
  "formatid": "gen9championsbssregma",
  "rating": 1128,
  "private": 0,
  "password": null
}