{
  "id": "gen9championsbssregma-2581348878",
  "format": "[Gen 9 Champions] BSS Reg M-A",
  "players": [
    "pacmaster000",
    "amnesiaamnesiad"
  ],
  "log": "|j|\u2606pacmaster000\n|j|\u203damnesiaamnesiad\n|t:|1775990083\n|gametype|singles\n|player|p1|pacmaster000|scientist-gen4dp|1120\n|player|p2|amnesiaamnesiad|266|1116\n|gen|9\n|tier|[Gen 9 Champions] BSS Reg M-A\n|rated|\n|rule|Species Clause: Limit one of each Pok\u00e9mon\n|rule|Item Clause: Limit 1 of each item\n|clearpoke\n|poke|p1|Sinistcha, L50|\n|poke|p1|Froslass, L50, F|\n|poke|p1|Rotom-Wash, L50|\n|poke|p1|Garchomp, L50, F|\n|poke|p1|Kingambit, L50, M|\n|poke|p1|Mimikyu, L50, M|\n|poke|p2|Kangaskhan, L50, F|\n|poke|p2|Hippowdon, L50, M|\n|poke|p2|Aegislash, L50, M|\n|poke|p2|Gengar, L50, F|\n|poke|p2|Hydreigon, L50, M|\n|poke|p2|Glimmora, L50, M|\n|teampreview|3\n|inactive|Battle timer is ON: inactive players will automatically lose when time's up. (requested by pacmaster000)\n|\n|t:|1775990143\n|teamsize|p1|3\n|teamsize|p2|3\n|start\n|switch|p1a: Rotom|Rotom-Wash, L50|100/100\n|switch|p2a: Kangaskhan|Kangaskhan, L50, F, shiny|100/100\n|turn|1\n|\n|t:|1775990147\n|detailschange|p2a: Kangaskhan|Kangaskhan-Mega, L50, F, shiny\n|-mega|p2a: Kangaskhan|Kangaskhan|Kangaskhanite\n|move|p2a: Kangaskhan|Fake Out|p1a: Rotom\n|-damage|p1a: Rotom|81/100\n|-damage|p1a: Rotom|77/100\n|-hitcount|p1a: Rotom|2\n|cant|p1a: Rotom|flinch\n|\n|-heal|p1a: Rotom|83/100|[from] item: Leftovers\n|upkeep\n|turn|2\n|\n|t:|1775990158\n|move|p2a: Kangaskhan|Ice Punch|p1a: Rotom\n|-resisted|p1a: Rotom|1\n|-damage|p1a: Rotom|71/100\n|-resisted|p1a: Rotom|1\n|-damage|p1a: Rotom|68/100\n|-status|p1a: Rotom|frz\n|-hitcount|p1a: Rotom|2\n|-curestatus|p1a: Rotom|frz|[msg]\n|move|p1a: Rotom|Will-O-Wisp|p2a: Kangaskhan\n|-status|p2a: Kangaskhan|brn\n|\n|-heal|p1a: Rotom|74/100|[from] item: Leftovers\n|-damage|p2a: Kangaskhan|95/100 brn|[from] brn\n|upkeep\n|turn|3\n|\n|t:|1775990171\n|switch|p2a: Hydreigon|Hydreigon, L50, M, shiny|100/100\n|move|p1a: Rotom|Protect||[still]\n|-fail|p1a: Rotom\n|\n|-heal|p1a: Rotom|79/100|[from] item: Leftovers\n|upkeep\n|turn|4\n|\n|t:|1775990177\n|move|p2a: Hydreigon|Dark Pulse|p1a: Rotom\n|-damage|p1a: Rotom|37/100\n|move|p1a: Rotom|Volt Switch|p2a: Hydreigon\n|-resisted|p2a: Hydreigon|1\n|-damage|p2a: Hydreigon|86/100\n|\n|t:|1775990180\n|switch|p1a: Garchomp|Garchomp, L50, F|100/100|[from] Volt Switch\n|\n|upkeep\n|turn|5\n|\n|t:|1775990184\n|switch|p2a: Hippowdon|Hippowdon, L50, M, shiny|100/100\n|-weather|Sandstorm|[from] ability: Sand Stream|[of] p2a: Hippowdon\n|move|p1a: Garchomp|Outrage|p2a: Hippowdon\n|-damage|p2a: Hippowdon|63/100\n|\n|-weather|Sandstorm|[upkeep]\n|upkeep\n|turn|6\n|\n|t:|1775990202\n|move|p1a: Garchomp|Outrage|p2a: Hippowdon|[from] lockedmove\n|-damage|p2a: Hippowdon|24/100\n|-enditem|p2a: Hippowdon|Sitrus Berry|[eat]\n|-heal|p2a: Hippowdon|48/100|[from] item: Sitrus Berry\n|-start|p1a: Garchomp|confusion|[fatigue]\n|move|p2a: Hippowdon|Stealth Rock|p1a: Garchomp\n|-sidestart|p1: pacmaster000|move: Stealth Rock\n|\n|-weather|Sandstorm|[upkeep]\n|upkeep\n|turn|7\n|\n|t:|1775990208\n|-activate|p1a: Garchomp|confusion\n|move|p1a: Garchomp|Outrage|p2a: Hippowdon\n|-damage|p2a: Hippowdon|5/100\n|move|p2a: Hippowdon|Slack Off|p2a: Hippowdon\n|-heal|p2a: Hippowdon|55/100\n|\n|-weather|Sandstorm|[upkeep]\n|upkeep\n|turn|8\n|\n|t:|1775990213\n|-activate|p1a: Garchomp|confusion\n|move|p1a: Garchomp|Outrage|p2a: Hippowdon|[from] lockedmove\n|-damage|p2a: Hippowdon|17/100\n|move|p2a: Hippowdon|Yawn|p1a: Garchomp\n|-start|p1a: Garchomp|move: Yawn|[of] p2a: Hippowdon\n|\n|-weather|Sandstorm|[upkeep]\n|upkeep\n|turn|9\n|\n|t:|1775990219\n|switch|p1a: Rotom|Rotom-Wash, L50|37/100\n|-damage|p1a: Rotom|25/100|[from] Stealth Rock\n|move|p2a: Hippowdon|Yawn|p1a: Rotom\n|-start|p1a: Rotom|move: Yawn|[of] p2a: Hippowdon\n|\n|-weather|none\n|-heal|p1a: Rotom|30/100|[from] item: Leftovers\n|upkeep\n|turn|10\n|\n|t:|1775990225\n|move|p1a: Rotom|Hydro Pump|p2a: Hippowdon\n|-supereffective|p2a: Hippowdon|1\n|-damage|p2a: Hippowdon|0 fnt\n|faint|p2a: Hippowdon\n|\n|-heal|p1a: Rotom|36/100|[from] item: Leftovers\n|-end|p1a: Rotom|move: Yawn|[silent]\n|-status|p1a: Rotom|slp\n|upkeep\n|\n|t:|1775990233\n|switch|p2a: Hydreigon|Hydreigon, L50, M, shiny|86/100\n|turn|11\n|\n|t:|1775990238\n|move|p2a: Hydreigon|Dark Pulse|p1a: Rotom\n|-damage|p1a: Rotom|0 fnt\n|faint|p1a: Rotom\n|\n|upkeep\n|\n|t:|1775990240\n|switch|p1a: Garchomp|Garchomp, L50, F|100/100\n|-damage|p1a: Garchomp|94/100|[from] Stealth Rock\n|turn|12\n|\n|t:|1775990251\n|switch|p2a: Kangaskhan|Kangaskhan-Mega, L50, F, shiny|95/100 brn\n|move|p1a: Garchomp|Outrage|p2a: Kangaskhan\n|-damage|p2a: Kangaskhan|36/100 brn\n|\n|-damage|p2a: Kangaskhan|30/100 brn|[from] brn\n|upkeep\n|turn|13\n|-message|amnesiaamnesiad forfeited.\n|\n|win|pacmaster000\n|raw|pacmaster000's rating: 1120 &rarr; <strong>1145</strong><br />(+25 for winning)\n|raw|amnesiaamnesiad's rating: 1116 &rarr; <strong>1091</strong><br />(-25 for losing)\n|l|\u203damnesiaamnesiad\n|player|p2|\n",
  "uploadtime": 1775990257,
  "views": 12,
  "formatid": "gen9championsbssregma",
  "rating": 1091,
  "private": 0,
  "password": null
}