{
  "id": "gen9championsbssregma-2581055708",
  "format": "[Gen 9 Champions] BSS Reg M-A",
  "players": [
    "ElJulioGGs",
    "Mikeflem12326171"
  ],
  "log": "|j|\u2606ElJulioGGs\n|j|\u2606Mikeflem12326171\n|t:|1775955673\n|gametype|singles\n|player|p1|ElJulioGGs|rosa|1000\n|player|p2|Mikeflem12326171|colress|1058\n|gen|9\n|tier|[Gen 9 Champions] BSS Reg M-A\n|rated|\n|rule|Species Clause: Limit one of each Pok\u00e9mon\n|rule|Item Clause: Limit 1 of each item\n|clearpoke\n|poke|p1|Lopunny, L50, F|\n|poke|p1|Umbreon, L50, M|\n|poke|p1|Espathra, L50, M|\n|poke|p1|Glimmora, L50, M|\n|poke|p1|Toxapex, L50, F|\n|poke|p1|Skeledirge, L50, F|\n|poke|p2|Lopunny, L50, F|\n|poke|p2|Garchomp, L50, F|\n|poke|p2|Rotom-Wash, L50|\n|poke|p2|Delphox, L50, M|\n|poke|p2|Orthworm, L50, F|\n|poke|p2|Starmie, L50|\n|teampreview|3\n|\n|t:|1775955693\n|teamsize|p1|3\n|teamsize|p2|3\n|start\n|switch|p1a: Toxapex|Toxapex, L50, F, shiny|100/100\n|switch|p2a: Starmie|Starmie, L50|100/100\n|turn|1\n|\n|t:|1775955702\n|move|p2a: Starmie|Thunderbolt|p1a: Toxapex\n|-supereffective|p1a: Toxapex|1\n|-damage|p1a: Toxapex|52/100\n|move|p1a: Toxapex|Toxic|p2a: Starmie\n|-status|p2a: Starmie|tox\n|\n|-damage|p2a: Starmie|95/100 tox|[from] psn\n|upkeep\n|turn|2\n|\n|t:|1775955709\n|move|p2a: Starmie|Thunderbolt|p1a: Toxapex\n|-supereffective|p1a: Toxapex|1\n|-damage|p1a: Toxapex|5/100\n|move|p1a: Toxapex|Recover|p1a: Toxapex\n|-heal|p1a: Toxapex|55/100\n|\n|-damage|p2a: Starmie|83/100 tox|[from] psn\n|upkeep\n|turn|3\n|\n|t:|1775955716\n|move|p2a: Starmie|Thunderbolt|p1a: Toxapex\n|-supereffective|p1a: Toxapex|1\n|-damage|p1a: Toxapex|13/100\n|move|p1a: Toxapex|Recover|p1a: Toxapex\n|-heal|p1a: Toxapex|64/100\n|\n|-damage|p2a: Starmie|65/100 tox|[from] psn\n|upkeep\n|turn|4\n|\n|t:|1775955724\n|move|p2a: Starmie|Psychic|p1a: Toxapex\n|-supereffective|p1a: Toxapex|1\n|-damage|p1a: Toxapex|0 fnt\n|faint|p1a: Toxapex\n|\n|-damage|p2a: Starmie|41/100 tox|[from] psn\n|upkeep\n|-enditem|p2a: Starmie|Sitrus Berry|[eat]\n|-heal|p2a: Starmie|66/100 tox|[from] item: Sitrus Berry\n|c|\u2606Mikeflem12326171|sorry i forgot i had psyhic\n|\n|t:|1775955734\n|switch|p1a: Lopunny|Lopunny, L50, F, shiny|100/100\n|turn|5\n|\n|t:|1775955745\n|move|p2a: Starmie|Psychic|p1a: Lopunny\n|-damage|p1a: Lopunny|53/100\n|move|p1a: Lopunny|U-turn|p2a: Starmie\n|-supereffective|p2a: Starmie|1\n|-damage|p2a: Starmie|14/100 tox\n|\n|t:|1775955751\n|switch|p1a: Umbreon|Umbreon, L50, M, shiny|100/100|[from] U-turn\n|\n|-damage|p2a: Starmie|0 fnt|[from] psn\n|faint|p2a: Starmie\n|upkeep\n|\n|t:|1775955756\n|switch|p2a: Lopunny|Lopunny, L50, F, shiny|100/100\n|turn|6\n|\n|t:|1775955762\n|detailschange|p2a: Lopunny|Lopunny-Mega, L50, F, shiny\n|-mega|p2a: Lopunny|Lopunny|Lopunnite\n|move|p2a: Lopunny|Fake Out|p1a: Umbreon\n|-damage|p1a: Umbreon|84/100\n|cant|p1a: Umbreon|flinch\n|\n|-heal|p1a: Umbreon|90/100|[from] item: Leftovers\n|upkeep\n|turn|7\n|\n|t:|1775955769\n|move|p2a: Lopunny|Close Combat|p1a: Umbreon\n|-supereffective|p1a: Umbreon|1\n|-damage|p1a: Umbreon|0 fnt\n|-unboost|p2a: Lopunny|def|1\n|-unboost|p2a: Lopunny|spd|1\n|faint|p1a: Umbreon\n|\n|upkeep\n|\n|t:|1775955775\n|switch|p1a: Lopunny|Lopunny, L50, F, shiny|53/100\n|turn|8\n|\n|t:|1775955781\n|detailschange|p1a: Lopunny|Lopunny-Mega, L50, F, shiny\n|-mega|p1a: Lopunny|Lopunny|Lopunnite\n|move|p1a: Lopunny|Fake Out|p2a: Lopunny\n|-damage|p2a: Lopunny|58/100\n|cant|p2a: Lopunny|flinch\n|\n|upkeep\n|turn|9\n|\n|t:|1775955788\n|move|p1a: Lopunny|Close Combat|p2a: Lopunny\n|-supereffective|p2a: Lopunny|1\n|-damage|p2a: Lopunny|0 fnt\n|-unboost|p1a: Lopunny|def|1\n|-unboost|p1a: Lopunny|spd|1\n|faint|p2a: Lopunny\n|\n|upkeep\n|\n|t:|1775955790\n|switch|p2a: Garchomp|Garchomp, L50, F, shiny|100/100\n|turn|10\n|\n|t:|1775955797\n|move|p1a: Lopunny|Triple Axel|p2a: Garchomp|[miss]\n|-miss|p1a: Lopunny|p2a: Garchomp\n|move|p2a: Garchomp|Earthquake|p1a: Lopunny\n|-damage|p1a: Lopunny|0 fnt\n|faint|p1a: Lopunny\n|\n|win|Mikeflem12326171\n|raw|ElJulioGGs's rating: 1000 &rarr; <strong>1000</strong><br />(+0 for losing)\n|raw|Mikeflem12326171's rating: 1058 &rarr; <strong>1084</strong><br />(+26 for winning)\n|c|\u2606Mikeflem12326171|DAMN\n",
  "uploadtime": 1775955805,
  "views": 12,
  "formatid": "gen9championsbssregma",
  "rating": 1000,
  "private": 0,
  "password": null
}