{
  "id": "gen9championsbssregma-2584346810",
  "format": "[Gen 9 Champions] BSS Reg M-A",
  "players": [
    "Mitarashi",
    "MiraidonGaming"
  ],
  "log": "|j|\u2606Mitarashi\n|j|\u2606MiraidonGaming\n|t:|1776253547\n|gametype|singles\n|player|p1|Mitarashi|102|1147\n|player|p2|MiraidonGaming|lucas|1311\n|gen|9\n|tier|[Gen 9 Champions] BSS Reg M-A\n|rated|\n|rule|Species Clause: Limit one of each Pok\u00e9mon\n|rule|Item Clause: Limit 1 of each item\n|clearpoke\n|poke|p1|Tyranitar, L50, M|\n|poke|p1|Scizor, L50, F|\n|poke|p1|Volcarona, L50, M|\n|poke|p1|Dragapult, L50, F|\n|poke|p1|Gyarados, L50, M|\n|poke|p1|Garchomp, L50, M|\n|poke|p2|Ninetales-Alola, L50, F|\n|poke|p2|Charizard, L50, M|\n|poke|p2|Scizor, L50, M|\n|poke|p2|Sinistcha, L50|\n|poke|p2|Rotom-Wash, L50|\n|poke|p2|Salazzle, L50, F|\n|teampreview|3\n|\n|t:|1776253564\n|teamsize|p1|3\n|teamsize|p2|3\n|start\n|switch|p1a: Tyranitar|Tyranitar, L50, M, shiny|100/100\n|switch|p2a: Put a brick in|Rotom-Wash, L50|100/100\n|-weather|Sandstorm|[from] ability: Sand Stream|[of] p1a: Tyranitar\n|turn|1\n|inactive|Battle timer is ON: inactive players will automatically lose when time's up. (requested by Mitarashi)\n|j| eheueheu\n|\n|t:|1776253580\n|move|p2a: Put a brick in|Discharge|p1a: Tyranitar\n|-damage|p1a: Tyranitar|77/100\n|move|p1a: Tyranitar|Stealth Rock|p2a: Put a brick in\n|-sidestart|p2: MiraidonGaming|move: Stealth Rock\n|\n|-weather|Sandstorm|[upkeep]\n|-damage|p2a: Put a brick in|94/100|[from] Sandstorm\n|upkeep\n|turn|2\n|\n|t:|1776253589\n|move|p2a: Put a brick in|Discharge|p1a: Tyranitar\n|-damage|p1a: Tyranitar|57/100\n|move|p1a: Tyranitar|Knock Off|p2a: Put a brick in\n|-damage|p2a: Put a brick in|36/100\n|-enditem|p2a: Put a brick in|Choice Scarf|[from] move: Knock Off|[of] p1a: Tyranitar\n|\n|-weather|Sandstorm|[upkeep]\n|-damage|p2a: Put a brick in|30/100|[from] Sandstorm\n|upkeep\n|turn|3\n|l| eheueheu\n|\n|t:|1776253605\n|move|p2a: Put a brick in|Hydro Pump|p1a: Tyranitar\n|-supereffective|p1a: Tyranitar|1\n|-damage|p1a: Tyranitar|4/100\n|-enditem|p1a: Tyranitar|Sitrus Berry|[eat]\n|-heal|p1a: Tyranitar|29/100|[from] item: Sitrus Berry\n|move|p1a: Tyranitar|Knock Off|p2a: Put a brick in\n|-crit|p2a: Put a brick in\n|-damage|p2a: Put a brick in|0 fnt\n|faint|p2a: Put a brick in\n|\n|-weather|Sandstorm|[upkeep]\n|upkeep\n|\n|t:|1776253627\n|switch|p2a: Edward|Scizor, L50, M|100/100\n|-damage|p2a: Edward|88/100|[from] Stealth Rock\n|turn|4\n|\n|t:|1776253635\n|switch|p1a: Volcarona|Volcarona, L50, M|100/100\n|move|p2a: Edward|Swords Dance|p2a: Edward\n|-boost|p2a: Edward|atk|2\n|\n|-weather|Sandstorm|[upkeep]\n|-damage|p1a: Volcarona|94/100|[from] Sandstorm\n|-heal|p1a: Volcarona|100/100|[from] item: Leftovers\n|upkeep\n|turn|5\n|\n|t:|1776253645\n|move|p2a: Edward|Bullet Punch|p1a: Volcarona\n|-resisted|p1a: Volcarona|1\n|-damage|p1a: Volcarona|78/100\n|move|p1a: Volcarona|Flamethrower|p2a: Edward\n|-supereffective|p2a: Edward|2\n|-damage|p2a: Edward|0 fnt\n|faint|p2a: Edward\n|\n|-weather|none\n|-heal|p1a: Volcarona|84/100|[from] item: Leftovers\n|upkeep\n|\n|t:|1776253647\n|switch|p2a: Bruce|Charizard, L50, M|100/100\n|-damage|p2a: Bruce|50/100|[from] Stealth Rock\n|turn|6\n|\n|t:|1776253663\n|switch|p1a: Tyranitar|Tyranitar, L50, M, shiny|29/100\n|-weather|Sandstorm|[from] ability: Sand Stream|[of] p1a: Tyranitar\n|move|p2a: Bruce|Dragon Dance|p2a: Bruce\n|-boost|p2a: Bruce|atk|1\n|-boost|p2a: Bruce|spe|1\n|\n|-weather|Sandstorm|[upkeep]\n|-damage|p2a: Bruce|45/100|[from] Sandstorm\n|upkeep\n|turn|7\n|\n|t:|1776253674\n|detailschange|p2a: Bruce|Charizard-Mega-X, L50, M\n|-mega|p2a: Bruce|Charizard|Charizardite X\n|move|p2a: Bruce|Breaking Swipe|p1a: Tyranitar\n|-damage|p1a: Tyranitar|1/100\n|-unboost|p1a: Tyranitar|atk|1\n|move|p1a: Tyranitar|Rock Blast|p2a: Bruce\n|-supereffective|p2a: Bruce|1\n|-damage|p2a: Bruce|31/100\n|-supereffective|p2a: Bruce|1\n|-damage|p2a: Bruce|17/100\n|-supereffective|p2a: Bruce|1\n|-crit|p2a: Bruce\n|-damage|p2a: Bruce|0 fnt\n|faint|p2a: Bruce\n|-hitcount|p2: Bruce|3\n|\n|win|Mitarashi\n|raw|Mitarashi's rating: 1147 &rarr; <strong>1183</strong><br />(+36 for winning)\n|raw|MiraidonGaming's rating: 1311 &rarr; <strong>1282</strong><br />(-29 for losing)\n|l|\u2606Mitarashi\n|player|p1|\n",
  "uploadtime": 1776253693,
  "views": 7,
  "formatid": "gen9championsbssregma",
  "rating": 1183,
  "private": 0,
  "password": null
}