{
  "id": "gen9championsbssregma-2585205301",
  "format": "[Gen 9 Champions] BSS Reg M-A",
  "players": [
    "Prograstination",
    "boonguh"
  ],
  "log": "|j|\u2606Prograstination\n|j|\u2606boonguh\n|t:|1776324780\n|gametype|singles\n|player|p1|Prograstination|266|1376\n|player|p2|boonguh|2|1234\n|gen|9\n|tier|[Gen 9 Champions] BSS Reg M-A\n|rated|\n|rule|Species Clause: Limit one of each Pok\u00e9mon\n|rule|Item Clause: Limit 1 of each item\n|clearpoke\n|poke|p1|Blastoise, L50, M|\n|poke|p1|Garchomp, L50, F|\n|poke|p1|Skeledirge, L50, F|\n|poke|p1|Meowscarada, L50, F|\n|poke|p1|Sylveon, L50, F|\n|poke|p1|Scizor, L50, M|\n|poke|p2|Dragonite, L50, M|\n|poke|p2|Kleavor, L50, M|\n|poke|p2|Primarina, L50, M|\n|poke|p2|Kangaskhan, L50, F|\n|poke|p2|Skeledirge, L50, F|\n|poke|p2|Aegislash, L50, M|\n|teampreview|3\n|inactive|Battle timer is ON: inactive players will automatically lose when time's up. (requested by boonguh)\n|j| The Educated Fool\n|inactive|Prograstination has 60 seconds left.\n|inactive|boonguh has 60 seconds left.\n|\n|t:|1776324826\n|teamsize|p1|3\n|teamsize|p2|3\n|start\n|switch|p1a: Meowscarada|Meowscarada, L50, F|100/100\n|switch|p2a: Kleavor|Kleavor, L50, M|100/100\n|turn|1\n|\n|t:|1776324844\n|move|p1a: Meowscarada|U-turn|p2a: Kleavor\n|-start|p1a: Meowscarada|typechange|Bug|[from] ability: Protean\n|-damage|p2a: Kleavor|58/100\n|\n|t:|1776324849\n|switch|p1a: Garchomp|Garchomp, L50, F|100/100|[from] U-turn\n|move|p2a: Kleavor|X-Scissor|p1a: Garchomp\n|-damage|p1a: Garchomp|44/100\n|-damage|p2a: Kleavor|45/100|[from] ability: Rough Skin|[of] p1a: Garchomp\n|-enditem|p1a: Garchomp|Sitrus Berry|[eat]\n|-heal|p1a: Garchomp|69/100|[from] item: Sitrus Berry\n|\n|upkeep\n|turn|2\n|\n|t:|1776324859\n|move|p2a: Kleavor|Stone Axe|p1a: Garchomp|[miss]\n|-miss|p2a: Kleavor|p1a: Garchomp\n|move|p1a: Garchomp|Stealth Rock|p2a: Kleavor\n|-sidestart|p2: boonguh|move: Stealth Rock\n|\n|upkeep\n|turn|3\n|\n|t:|1776324866\n|move|p2a: Kleavor|Stone Axe|p1a: Garchomp\n|-resisted|p1a: Garchomp|1\n|-crit|p1a: Garchomp\n|-damage|p1a: Garchomp|35/100\n|-damage|p2a: Kleavor|33/100|[from] ability: Rough Skin|[of] p1a: Garchomp\n|-sidestart|p1: Prograstination|move: Stealth Rock\n|move|p1a: Garchomp|Dragon Tail|p2a: Kleavor|[miss]\n|-miss|p1a: Garchomp|p2a: Kleavor\n|\n|upkeep\n|turn|4\n|\n|t:|1776324873\n|move|p2a: Kleavor|X-Scissor|p1a: Garchomp\n|-damage|p1a: Garchomp|0 fnt\n|-damage|p2a: Kleavor|21/100|[from] ability: Rough Skin|[of] p1a: Garchomp\n|faint|p1a: Garchomp\n|\n|upkeep\n|\n|t:|1776324877\n|switch|p1a: Meowscarada|Meowscarada, L50, F|100/100\n|-damage|p1a: Meowscarada|88/100|[from] Stealth Rock\n|turn|5\n|\n|t:|1776324882\n|move|p1a: Meowscarada|Flower Trick|p2a: Kleavor\n|-start|p1a: Meowscarada|typechange|Grass|[from] ability: Protean\n|-crit|p2a: Kleavor\n|-damage|p2a: Kleavor|0 fnt\n|faint|p2a: Kleavor\n|\n|upkeep\n|\n|t:|1776324891\n|switch|p2a: Dragonite|Dragonite, L50, M|100/100\n|-damage|p2a: Dragonite|76/100|[from] Stealth Rock\n|turn|6\n|\n|t:|1776324914\n|switch|p1a: Scizor|Scizor, L50, M|100/100\n|-damage|p1a: Scizor|88/100|[from] Stealth Rock\n|detailschange|p2a: Dragonite|Dragonite-Mega, L50, M\n|-mega|p2a: Dragonite|Dragonite|Dragoninite\n|move|p2a: Dragonite|Flamethrower|p1a: Scizor\n|-supereffective|p1a: Scizor|2\n|-damage|p1a: Scizor|0 fnt\n|faint|p1a: Scizor\n|\n|upkeep\n|\n|t:|1776324919\n|switch|p1a: Meowscarada|Meowscarada, L50, F|88/100\n|-damage|p1a: Meowscarada|76/100|[from] Stealth Rock\n|turn|7\n|\n|t:|1776324930\n|move|p1a: Meowscarada|Triple Axel|p2a: Dragonite\n|-start|p1a: Meowscarada|typechange|Ice|[from] ability: Protean\n|-supereffective|p2a: Dragonite|2\n|-damage|p2a: Dragonite|39/100\n|-supereffective|p2a: Dragonite|2\n|-crit|p2a: Dragonite\n|-damage|p2a: Dragonite|0 fnt\n|faint|p2a: Dragonite\n|-hitcount|p2: Dragonite|2\n|\n|upkeep\n|\n|t:|1776324937\n|switch|p2a: Aegislash|Aegislash, L50, M|100/100\n|-damage|p2a: Aegislash|95/100|[from] Stealth Rock\n|turn|8\n|-message|Prograstination forfeited.\n|\n|win|boonguh\n|raw|Prograstination's rating: 1376 &rarr; <strong>1348</strong><br />(-28 for losing)\n|raw|boonguh's rating: 1234 &rarr; <strong>1269</strong><br />(+35 for winning)\n|l|\u2606Prograstination\n|player|p1|\n|l|\u2606boonguh\n|player|p2|\n",
  "uploadtime": 1776325779,
  "views": 7,
  "formatid": "gen9championsbssregma",
  "rating": 1269,
  "private": 0,
  "password": null
}