{
  "id": "gen9championsbssregma-2583955749",
  "format": "[Gen 9 Champions] BSS Reg M-A",
  "players": [
    "ayooo20",
    "Obstruction"
  ],
  "log": "|j|\u2606ayooo20\n|j|\u2606Obstruction\n|t:|1776211566\n|gametype|singles\n|player|p1|ayooo20|sisandbro|1080\n|player|p2|Obstruction|ghetsis-gen5bw|1005\n|gen|9\n|tier|[Gen 9 Champions] BSS Reg M-A\n|rated|\n|rule|Species Clause: Limit one of each Pok\u00e9mon\n|rule|Item Clause: Limit 1 of each item\n|clearpoke\n|poke|p1|Espeon, L50, M|\n|poke|p1|Blastoise, L50, M|\n|poke|p1|Klefki, L50, F|\n|poke|p1|Altaria, L50, F|\n|poke|p1|Arcanine, L50, F|\n|poke|p1|Jolteon, L50, M|\n|poke|p2|Medicham, L50, M|\n|poke|p2|Hatterene, L50, F|\n|poke|p2|Archaludon, L50, M|\n|poke|p2|Tyranitar, L50, F|\n|poke|p2|Garchomp, L50, M|\n|poke|p2|Blastoise, L50, F|\n|teampreview|3\n|\n|t:|1776211641\n|teamsize|p1|3\n|teamsize|p2|3\n|start\n|switch|p1a: Espeon|Espeon, L50, M|100/100\n|switch|p2a: Hatterene|Hatterene, L50, F|100/100\n|turn|1\n|\n|t:|1776211655\n|switch|p1a: Klefki|Klefki, L50, F|100/100\n|move|p2a: Hatterene|Trick Room|p2a: Hatterene\n|-fieldstart|move: Trick Room|[of] p2a: Hatterene\n|\n|upkeep\n|turn|2\n|\n|t:|1776211673\n|switch|p2a: Medicham|Medicham, L50, M|100/100\n|move|p1a: Klefki|Flash Cannon|p2a: Medicham\n|-damage|p2a: Medicham|52/100\n|\n|upkeep\n|turn|3\n|\n|t:|1776211683\n|detailschange|p2a: Medicham|Medicham-Mega, L50, M\n|-mega|p2a: Medicham|Medicham|Medichamite\n|move|p1a: Klefki|Thunder Wave|p2a: Medicham\n|-status|p2a: Medicham|par\n|move|p2a: Medicham|High Jump Kick|p1a: Klefki|[miss]\n|-miss|p2a: Medicham|p1a: Klefki\n|-damage|p2a: Medicham|2/100 par|[from] highjumpkick\n|\n|upkeep\n|turn|4\n|\n|t:|1776211696\n|switch|p1a: Espeon|Espeon, L50, M|100/100\n|move|p2a: Medicham|High Jump Kick|p1a: Espeon\n|-resisted|p1a: Espeon|1\n|-enditem|p1a: Espeon|Focus Sash\n|-damage|p1a: Espeon|1/100\n|\n|upkeep\n|turn|5\n|\n|t:|1776211705\n|move|p1a: Espeon|Protect|p1a: Espeon\n|-singleturn|p1a: Espeon|Protect\n|move|p2a: Medicham|Ice Punch|p1a: Espeon\n|-activate|p1a: Espeon|move: Protect\n|\n|-fieldend|move: Trick Room\n|upkeep\n|turn|6\n|\n|t:|1776211715\n|move|p1a: Espeon|Future Sight|p2a: Medicham\n|-start|p1a: Espeon|move: Future Sight\n|cant|p2a: Medicham|par\n|\n|upkeep\n|turn|7\n|\n|t:|1776211723\n|move|p1a: Espeon|Protect|p1a: Espeon\n|-singleturn|p1a: Espeon|Protect\n|move|p2a: Medicham|Ice Punch|p1a: Espeon\n|-activate|p1a: Espeon|move: Protect\n|\n|upkeep\n|turn|8\n|\n|t:|1776211732\n|switch|p1a: Klefki|Klefki, L50, F|100/100\n|switch|p2a: Tyranitar|Tyranitar, L50, F|100/100\n|-weather|Sandstorm|[from] ability: Sand Stream|[of] p2a: Tyranitar\n|\n|-weather|Sandstorm|[upkeep]\n|-end|p2a: Tyranitar|move: Future Sight\n|-immune|p2a: Tyranitar\n|upkeep\n|turn|9\n|\n|t:|1776211744\n|move|p1a: Klefki|Flash Cannon|p2a: Tyranitar\n|-supereffective|p2a: Tyranitar|1\n|-damage|p2a: Tyranitar|62/100\n|move|p2a: Tyranitar|Dragon Dance|p2a: Tyranitar\n|-boost|p2a: Tyranitar|atk|1\n|-boost|p2a: Tyranitar|spe|1\n|\n|-weather|Sandstorm|[upkeep]\n|upkeep\n|turn|10\n|\n|t:|1776211753\n|move|p1a: Klefki|Thunder Wave|p2a: Tyranitar\n|-hint|Since gen 7, Dark is immune to Prankster moves.\n|-immune|p2a: Tyranitar\n|move|p2a: Tyranitar|Earthquake|p1a: Klefki\n|-supereffective|p1a: Klefki|1\n|-damage|p1a: Klefki|0 fnt\n|faint|p1a: Klefki\n|\n|-weather|Sandstorm|[upkeep]\n|upkeep\n|inactive|Battle timer is ON: inactive players will automatically lose when time's up. (requested by Obstruction)\n|inactive|ayooo20 has 60 seconds left.\n|inactive|ayooo20 has 30 seconds left.\n|inactive|ayooo20 has 20 seconds left.\n|inactive|ayooo20 has 15 seconds left.\n|inactive|ayooo20 has 10 seconds left.\n|inactive|ayooo20 has 5 seconds left.\n|\n|t:|1776211878\n|switch|p1a: Blastoise|Blastoise, L50, M|100/100\n|turn|11\n|inactive|ayooo20 has 30 seconds left.\n|inactive|ayooo20 has 20 seconds left.\n|inactive|ayooo20 has 15 seconds left.\n|inactive|ayooo20 has 10 seconds left.\n|inactive|ayooo20 has 5 seconds left.\n|\n|t:|1776211933\n|move|p1a: Blastoise|Shell Smash|p1a: Blastoise\n|-unboost|p1a: Blastoise|def|1\n|-unboost|p1a: Blastoise|spd|1\n|-boost|p1a: Blastoise|atk|2\n|-boost|p1a: Blastoise|spa|2\n|-boost|p1a: Blastoise|spe|2\n|move|p2a: Tyranitar|Stone Edge|p1a: Blastoise\n|-crit|p1a: Blastoise\n|-damage|p1a: Blastoise|0 fnt\n|faint|p1a: Blastoise\n|\n|-weather|Sandstorm|[upkeep]\n|upkeep\n|inactive|ayooo20 has 30 seconds left.\n|inactive|ayooo20 has 20 seconds left.\n|inactive|ayooo20 has 15 seconds left.\n|inactive|ayooo20 has 10 seconds left.\n|inactive|ayooo20 has 5 seconds left.\n|\n|t:|1776211988\n|switch|p1a: Espeon|Espeon, L50, M|1/100\n|turn|12\n|n|!Obstruction|obstruction\n|inactive|ayooo20 has 30 seconds left.\n|inactive|ayooo20 has 20 seconds left.\n|inactive|ayooo20 has 15 seconds left.\n|inactive|ayooo20 has 10 seconds left.\n|inactive|ayooo20 has 5 seconds left.\n|\n|t:|1776212043\n|move|p1a: Espeon|Future Sight|p2a: Tyranitar\n|-start|p1a: Espeon|move: Future Sight\n|move|p2a: Tyranitar|Crunch|p1a: Espeon\n|-supereffective|p1a: Espeon|1\n|-damage|p1a: Espeon|0 fnt\n|faint|p1a: Espeon\n|\n|win|Obstruction\n",
  "uploadtime": 1776211996,
  "views": 1,
  "formatid": "gen9championsbssregma",
  "rating": null,
  "private": 0,
  "password": null
}