{
  "id": "gen9championsbssregma-2588154058",
  "format": "[Gen 9 Champions] BSS Reg M-A",
  "players": [
    "joguri",
    "BJZJS"
  ],
  "log": "|j|\u2606joguri\n|j|\u2606BJZJS\n|t:|1776609688\n|gametype|singles\n|player|p1|joguri|dawn|1211\n|player|p2|BJZJS|169|1355\n|gen|9\n|tier|[Gen 9 Champions] BSS Reg M-A\n|rated|\n|rule|Species Clause: Limit one of each Pok\u00e9mon\n|rule|Item Clause: Limit 1 of each item\n|clearpoke\n|poke|p1|Clefable, L50, M|\n|poke|p1|Espathra, L50, F|\n|poke|p1|Charizard, L50, F|\n|poke|p1|Hippowdon, L50, M|\n|poke|p1|Rotom-Wash, L50, shiny|\n|poke|p1|Garchomp, L50, M|\n|poke|p2|Zoroark-Hisui, L50, M|\n|poke|p2|Scizor, L50, F|\n|poke|p2|Primarina, L50, M|\n|poke|p2|Dragonite, L50, M|\n|poke|p2|Hippowdon, L50, F|\n|poke|p2|Rotom-Wash, L50|\n|teampreview|3\n|j| huhyuhyuhyuh\n|inactive|Battle timer is ON: inactive players will automatically lose when time's up. (requested by joguri)\n|\n|t:|1776609735\n|teamsize|p1|3\n|teamsize|p2|3\n|start\n|switch|p1a: Hamadon|Hippowdon, L50, M|100/100\n|switch|p2a: Hippowdon|Hippowdon, L50, F|100/100\n|-weather|Sandstorm|[from] ability: Sand Stream|[of] p1a: Hamadon\n|turn|1\n|\n|t:|1776609742\n|move|p1a: Hamadon|Stealth Rock|p2a: Hippowdon\n|-sidestart|p2: BJZJS|move: Stealth Rock\n|move|p2a: Hippowdon|Stealth Rock|p1a: Hamadon\n|-sidestart|p1: joguri|move: Stealth Rock\n|\n|-weather|Sandstorm|[upkeep]\n|upkeep\n|turn|2\n|\n|t:|1776609749\n|move|p2a: Hippowdon|Yawn|p1a: Hamadon\n|-start|p1a: Hamadon|move: Yawn|[of] p2a: Hippowdon\n|move|p1a: Hamadon|Earthquake|p2a: Hippowdon\n|-damage|p2a: Hippowdon|74/100\n|\n|-weather|Sandstorm|[upkeep]\n|upkeep\n|turn|3\n|\n|t:|1776609757\n|move|p1a: Hamadon|Yawn|p2a: Hippowdon\n|-start|p2a: Hippowdon|move: Yawn|[of] p1a: Hamadon\n|move|p2a: Hippowdon|Yawn||[still]\n|-fail|p2a: Hippowdon\n|\n|-weather|Sandstorm|[upkeep]\n|-end|p1a: Hamadon|move: Yawn|[silent]\n|-status|p1a: Hamadon|slp\n|upkeep\n|turn|4\n|\n|t:|1776609767\n|switch|p2a: Primarina|Primarina, L50, M|100/100\n|-damage|p2a: Primarina|88/100|[from] Stealth Rock\n|switch|p1a: Espathra|Espathra, L50, F|100/100\n|-damage|p1a: Espathra|88/100|[from] Stealth Rock\n|\n|-weather|Sandstorm|[upkeep]\n|-damage|p1a: Espathra|82/100|[from] Sandstorm\n|-damage|p2a: Primarina|82/100|[from] Sandstorm\n|-heal|p1a: Espathra|88/100|[from] item: Leftovers\n|upkeep\n|turn|5\n|\n|t:|1776609782\n|switch|p2a: Hippowdon|Hippowdon, L50, F|74/100\n|-damage|p2a: Hippowdon|67/100|[from] Stealth Rock\n|move|p1a: Espathra|Calm Mind|p1a: Espathra\n|-boost|p1a: Espathra|spa|1\n|-boost|p1a: Espathra|spd|1\n|\n|-weather|none\n|-heal|p1a: Espathra|94/100|[from] item: Leftovers\n|-ability|p1a: Espathra|Speed Boost|boost\n|-boost|p1a: Espathra|spe|1\n|upkeep\n|turn|6\n|\n|t:|1776609798\n|move|p1a: Espathra|Protect|p1a: Espathra\n|-singleturn|p1a: Espathra|Protect\n|move|p2a: Hippowdon|Roar|p1a: Espathra\n|drag|p1a: Clefable|Clefable, L50, M|100/100\n|-damage|p1a: Clefable|88/100|[from] Stealth Rock\n|\n|upkeep\n|turn|7\n|\n|t:|1776609808\n|switch|p1a: Hamadon|Hippowdon, L50, M|100/100 slp\n|-damage|p1a: Hamadon|94/100 slp|[from] Stealth Rock\n|-weather|Sandstorm|[from] ability: Sand Stream|[of] p1a: Hamadon\n|move|p2a: Hippowdon|Yawn||[still]\n|-fail|p2a: Hippowdon\n|\n|-weather|Sandstorm|[upkeep]\n|upkeep\n|turn|8\n|\n|t:|1776609816\n|switch|p2a: Primarina|Primarina, L50, M|82/100\n|-damage|p2a: Primarina|70/100|[from] Stealth Rock\n|cant|p1a: Hamadon|slp\n|\n|-weather|Sandstorm|[upkeep]\n|-damage|p2a: Primarina|64/100|[from] Sandstorm\n|upkeep\n|turn|9\n|\n|t:|1776609823\n|move|p2a: Primarina|Hydro Pump|p1a: Hamadon|[miss]\n|-miss|p2a: Primarina|p1a: Hamadon\n|cant|p1a: Hamadon|slp\n|\n|-weather|Sandstorm|[upkeep]\n|-damage|p2a: Primarina|58/100|[from] Sandstorm\n|upkeep\n|turn|10\n|\n|t:|1776609830\n|move|p2a: Primarina|Hydro Pump|p1a: Hamadon\n|-supereffective|p1a: Hamadon|1\n|-damage|p1a: Hamadon|0 fnt\n|faint|p1a: Hamadon\n|\n|-weather|Sandstorm|[upkeep]\n|-damage|p2a: Primarina|52/100|[from] Sandstorm\n|upkeep\n|\n|t:|1776609838\n|switch|p1a: Espathra|Espathra, L50, F|94/100\n|-damage|p1a: Espathra|82/100|[from] Stealth Rock\n|turn|11\n|\n|t:|1776609842\n|switch|p2a: Hippowdon|Hippowdon, L50, F|67/100\n|-damage|p2a: Hippowdon|61/100|[from] Stealth Rock\n|move|p1a: Espathra|Calm Mind|p1a: Espathra\n|-boost|p1a: Espathra|spa|1\n|-boost|p1a: Espathra|spd|1\n|\n|-weather|none\n|-heal|p1a: Espathra|88/100|[from] item: Leftovers\n|-ability|p1a: Espathra|Speed Boost|boost\n|-boost|p1a: Espathra|spe|1\n|upkeep\n|turn|12\n|\n|t:|1776609853\n|move|p1a: Espathra|Lumina Crash|p2a: Hippowdon\n|-damage|p2a: Hippowdon|31/100\n|-unboost|p2a: Hippowdon|spd|2\n|-enditem|p2a: Hippowdon|Sitrus Berry|[eat]\n|-heal|p2a: Hippowdon|55/100|[from] item: Sitrus Berry\n|move|p2a: Hippowdon|Roar|p1a: Espathra\n|drag|p1a: Clefable|Clefable, L50, M|88/100\n|-damage|p1a: Clefable|76/100|[from] Stealth Rock\n|\n|upkeep\n|turn|13\n|\n|t:|1776609868\n|move|p1a: Clefable|Cosmic Power|p1a: Clefable\n|-boost|p1a: Clefable|def|1\n|-boost|p1a: Clefable|spd|1\n|move|p2a: Hippowdon|Yawn|p1a: Clefable\n|-start|p1a: Clefable|move: Yawn|[of] p2a: Hippowdon\n|\n|upkeep\n|turn|14\n|\n|t:|1776609875\n|switch|p1a: Espathra|Espathra, L50, F|88/100\n|-damage|p1a: Espathra|75/100|[from] Stealth Rock\n|move|p2a: Hippowdon|Yawn|p1a: Espathra\n|-start|p1a: Espathra|move: Yawn|[of] p2a: Hippowdon\n|\n|-heal|p1a: Espathra|81/100|[from] item: Leftovers\n|upkeep\n|turn|15\n|\n|t:|1776609884\n|move|p1a: Espathra|Lumina Crash|p2a: Hippowdon\n|-damage|p2a: Hippowdon|16/100\n|-unboost|p2a: Hippowdon|spd|2\n|move|p2a: Hippowdon|Earthquake|p1a: Espathra\n|-damage|p1a: Espathra|47/100\n|\n|-heal|p1a: Espathra|53/100|[from] item: Leftovers\n|-end|p1a: Espathra|move: Yawn|[silent]\n|-status|p1a: Espathra|slp\n|-ability|p1a: Espathra|Speed Boost|boost\n|-boost|p1a: Espathra|spe|1\n|upkeep\n|turn|16\n|\n|t:|1776609896\n|cant|p1a: Espathra|slp\n|move|p2a: Hippowdon|Roar|p1a: Espathra\n|drag|p1a: Clefable|Clefable, L50, M|76/100\n|-damage|p1a: Clefable|63/100|[from] Stealth Rock\n|\n|upkeep\n|turn|17\n|\n|t:|1776609905\n|detailschange|p1a: Clefable|Clefable-Mega, L50, M\n|-mega|p1a: Clefable|Clefable|Clefablite\n|move|p1a: Clefable|Cosmic Power|p1a: Clefable\n|-boost|p1a: Clefable|def|1\n|-boost|p1a: Clefable|spd|1\n|move|p2a: Hippowdon|Yawn|p1a: Clefable\n|move|p1a: Clefable|Yawn|p2a: Hippowdon|[from] ability: Magic Bounce\n|-start|p2a: Hippowdon|move: Yawn|[of] p1a: Clefable\n|\n|upkeep\n|turn|18\n|\n|t:|1776609919\n|move|p1a: Clefable|Cosmic Power|p1a: Clefable\n|-boost|p1a: Clefable|def|1\n|-boost|p1a: Clefable|spd|1\n|move|p2a: Hippowdon|Roar|p1a: Clefable\n|move|p1a: Clefable|Roar|p2a: Hippowdon|[from] ability: Magic Bounce\n|drag|p2a: Scizor|Scizor, L50, F|100/100\n|-damage|p2a: Scizor|88/100|[from] Stealth Rock\n|\n|upkeep\n|turn|19\n|\n|t:|1776609935\n|detailschange|p2a: Scizor|Scizor-Mega, L50, F\n|-mega|p2a: Scizor|Scizor|Scizorite\n|move|p2a: Scizor|Swords Dance|p2a: Scizor\n|-boost|p2a: Scizor|atk|2\n|move|p1a: Clefable|Flamethrower|p2a: Scizor\n|-supereffective|p2a: Scizor|2\n|-damage|p2a: Scizor|0 fnt\n|faint|p2a: Scizor\n|\n|upkeep\n|\n|t:|1776609943\n|switch|p2a: Primarina|Primarina, L50, M|52/100\n|-damage|p2a: Primarina|40/100|[from] Stealth Rock\n|turn|20\n|\n|t:|1776609951\n|move|p1a: Clefable|Stored Power|p2a: Primarina\n|-damage|p2a: Primarina|18/100\n|move|p2a: Primarina|Sparkling Aria|p1a: Clefable\n|-damage|p1a: Clefable|29/100\n|\n|upkeep\n|turn|21\n|\n|t:|1776609964\n|move|p1a: Clefable|Moonlight|p1a: Clefable\n|-heal|p1a: Clefable|79/100\n|move|p2a: Primarina|Sparkling Aria|p1a: Clefable\n|-damage|p1a: Clefable|45/100\n|\n|upkeep\n|turn|22\n|\n|t:|1776609971\n|move|p1a: Clefable|Moonlight|p1a: Clefable\n|-heal|p1a: Clefable|95/100\n|move|p2a: Primarina|Hydro Pump|p1a: Clefable\n|-damage|p1a: Clefable|50/100\n|\n|upkeep\n|turn|23\n|\n|t:|1776609977\n|move|p1a: Clefable|Stored Power|p2a: Primarina\n|-damage|p2a: Primarina|0 fnt\n|faint|p2a: Primarina\n|\n|upkeep\n|\n|t:|1776609979\n|switch|p2a: Hippowdon|Hippowdon, L50, F|16/100\n|-damage|p2a: Hippowdon|10/100|[from] Stealth Rock\n|-weather|Sandstorm|[from] ability: Sand Stream|[of] p2a: Hippowdon\n|turn|24\n|\n|t:|1776609986\n|move|p1a: Clefable|Stored Power|p2a: Hippowdon\n|-damage|p2a: Hippowdon|0 fnt\n|faint|p2a: Hippowdon\n|\n|win|joguri\n|raw|joguri's rating: 1211 &rarr; <strong>1246</strong><br />(+35 for winning)\n|raw|BJZJS's rating: 1355 &rarr; <strong>1327</strong><br />(-28 for losing)\n|l|\u2606BJZJS\n|player|p2|\n",
  "uploadtime": 1776609993,
  "views": 1,
  "formatid": "gen9championsbssregma",
  "rating": 1246,
  "private": 0,
  "password": null
}