{
  "id": "gen9championsbssregma-2584388586",
  "format": "[Gen 9 Champions] BSS Reg M-A",
  "players": [
    "bouvet island",
    "EkCantDrawLol"
  ],
  "log": "|j|\u2606bouvet island\n|j|\u203dEkCantDrawLol\n|t:|1776257174\n|gametype|singles\n|player|p1|bouvet island|kimonogirl|1174\n|player|p2|EkCantDrawLol|skierf|1067\n|gen|9\n|tier|[Gen 9 Champions] BSS Reg M-A\n|rated|\n|rule|Species Clause: Limit one of each Pok\u00e9mon\n|rule|Item Clause: Limit 1 of each item\n|clearpoke\n|poke|p1|Gyarados, L50, F|\n|poke|p1|Excadrill, L50, M|\n|poke|p1|Espathra, L50, F|\n|poke|p1|Kingambit, L50, F|\n|poke|p1|Skeledirge, L50, F|\n|poke|p1|Dragonite, L50, F|\n|poke|p2|Garchomp, L50, M|\n|poke|p2|Rotom-Frost, L50|\n|poke|p2|Gengar, L50, M|\n|poke|p2|Lucario, L50, M|\n|poke|p2|Charizard, L50, F|\n|poke|p2|Primarina, L50, M|\n|teampreview|3\n|inactive|Battle timer is ON: inactive players will automatically lose when time's up. (requested by bouvet island)\n|\n|t:|1776257213\n|teamsize|p1|3\n|teamsize|p2|3\n|start\n|switch|p1a: Skeledirge|Skeledirge, L50, F|100/100\n|switch|p2a: Gengar|Gengar, L50, M|100/100\n|turn|1\n|\n|t:|1776257220\n|switch|p2a: Garchomp|Garchomp, L50, M|100/100\n|switch|p1a: Kingambit|Kingambit, L50, F|100/100\n|\n|upkeep\n|turn|2\n|\n|t:|1776257231\n|-end|p1a: Kingambit|fallenundefined|[silent]\n|switch|p1a: Skeledirge|Skeledirge, L50, F|100/100\n|move|p2a: Garchomp|Earthquake|p1a: Skeledirge\n|-supereffective|p1a: Skeledirge|1\n|-damage|p1a: Skeledirge|32/100\n|-enditem|p1a: Skeledirge|Sitrus Berry|[eat]\n|-heal|p1a: Skeledirge|57/100|[from] item: Sitrus Berry\n|\n|upkeep\n|turn|3\n|\n|t:|1776257235\n|move|p2a: Garchomp|Earthquake|p1a: Skeledirge\n|-supereffective|p1a: Skeledirge|1\n|-damage|p1a: Skeledirge|0 fnt\n|faint|p1a: Skeledirge\n|\n|upkeep\n|\n|t:|1776257236\n|switch|p1a: Espathra|Espathra, L50, F|100/100\n|turn|4\n|\n|t:|1776257242\n|move|p2a: Garchomp|Swords Dance|p2a: Garchomp\n|-boost|p2a: Garchomp|atk|2\n|move|p1a: Espathra|Calm Mind|p1a: Espathra\n|-boost|p1a: Espathra|spa|1\n|-boost|p1a: Espathra|spd|1\n|\n|-ability|p1a: Espathra|Speed Boost|boost\n|-boost|p1a: Espathra|spe|1\n|upkeep\n|turn|5\n|\n|t:|1776257244\n|move|p1a: Espathra|Protect|p1a: Espathra\n|-singleturn|p1a: Espathra|Protect\n|move|p2a: Garchomp|Earthquake|p1a: Espathra\n|-activate|p1a: Espathra|move: Protect\n|\n|-ability|p1a: Espathra|Speed Boost|boost\n|-boost|p1a: Espathra|spe|1\n|upkeep\n|turn|6\n|\n|t:|1776257250\n|move|p1a: Espathra|Stored Power|p2a: Garchomp\n|-damage|p2a: Garchomp|38/100\n|move|p2a: Garchomp|Earthquake|p1a: Espathra\n|-damage|p1a: Espathra|0 fnt\n|faint|p1a: Espathra\n|\n|upkeep\n|\n|t:|1776257252\n|switch|p1a: Kingambit|Kingambit, L50, F|100/100\n|-activate|p1a: Kingambit|ability: Supreme Overlord\n|-start|p1a: Kingambit|fallen2|[silent]\n|turn|7\n|\n|t:|1776257255\n|move|p1a: Kingambit|Sucker Punch||[still]\n|-fail|p1a: Kingambit\n|move|p2a: Garchomp|Substitute|p2a: Garchomp\n|-start|p2a: Garchomp|Substitute\n|-damage|p2a: Garchomp|13/100\n|\n|upkeep\n|turn|8\n|-message|bouvet island forfeited.\n|\n|win|EkCantDrawLol\n|raw|bouvet island's rating: 1174 &rarr; <strong>1142</strong><br />(-32 for losing)\n|raw|EkCantDrawLol's rating: 1067 &rarr; <strong>1106</strong><br />(+39 for winning)\n|l|\u2606bouvet island\n|player|p1|\n",
  "uploadtime": 1776257261,
  "views": 13,
  "formatid": "gen9championsbssregma",
  "rating": 1106,
  "private": 0,
  "password": null
}