{
  "id": "gen9championsbssregma-2583101067",
  "format": "[Gen 9 Champions] BSS Reg M-A",
  "players": [
    "MiraidonGaming",
    "BJZJS"
  ],
  "log": "|j|\u2606MiraidonGaming\n|j|\u2606BJZJS\n|t:|1776142091\n|gametype|singles\n|player|p1|MiraidonGaming|lucas|1319\n|player|p2|BJZJS|2|1386\n|gen|9\n|tier|[Gen 9 Champions] BSS Reg M-A\n|rated|\n|rule|Species Clause: Limit one of each Pok\u00e9mon\n|rule|Item Clause: Limit 1 of each item\n|clearpoke\n|poke|p1|Ninetales-Alola, L50, F|\n|poke|p1|Charizard, L50, M|\n|poke|p1|Scizor, L50, M|\n|poke|p1|Sinistcha, L50|\n|poke|p1|Rotom-Wash, L50|\n|poke|p1|Salazzle, L50, F|\n|poke|p2|Floette-Eternal, L50, F|\n|poke|p2|Sneasler, L50, F|\n|poke|p2|Gyarados, L50, F|\n|poke|p2|Archaludon, L50, M|\n|poke|p2|Rotom-Heat, L50|\n|poke|p2|Mimikyu, L50, M|\n|teampreview|3\n|l|\u2606BJZJS\n|player|p2|\n|j| p74\n|j|\u2606BJZJS\n|player|p2|BJZJS|2|\n|\n|t:|1776142134\n|teamsize|p1|3\n|teamsize|p2|3\n|start\n|switch|p1a: Put a brick in|Rotom-Wash, L50|100/100\n|switch|p2a: Sneasler|Sneasler, L50, F|100/100\n|turn|1\n|\n|t:|1776142138\n|move|p1a: Put a brick in|Discharge|p2a: Sneasler\n|-damage|p2a: Sneasler|54/100\n|move|p2a: Sneasler|Taunt|p1a: Put a brick in\n|-start|p1a: Put a brick in|move: Taunt\n|\n|upkeep\n|turn|2\n|\n|t:|1776142147\n|move|p1a: Put a brick in|Discharge|p2a: Sneasler\n|-damage|p2a: Sneasler|7/100\n|-status|p2a: Sneasler|par\n|move|p2a: Sneasler|Close Combat|p1a: Put a brick in\n|-damage|p1a: Put a brick in|14/100\n|-unboost|p2a: Sneasler|def|1\n|-unboost|p2a: Sneasler|spd|1\n|\n|upkeep\n|turn|3\n|\n|t:|1776142154\n|move|p1a: Put a brick in|Discharge|p2a: Sneasler\n|-damage|p2a: Sneasler|0 fnt\n|faint|p2a: Sneasler\n|\n|upkeep\n|\n|t:|1776142156\n|switch|p2a: Archaludon|Archaludon, L50, M|100/100\n|turn|4\n|\n|t:|1776142159\n|move|p1a: Put a brick in|Discharge|p2a: Archaludon\n|-resisted|p2a: Archaludon|1\n|-damage|p2a: Archaludon|76/100\n|move|p2a: Archaludon|Thunderbolt|p1a: Put a brick in\n|-damage|p1a: Put a brick in|0 fnt\n|faint|p1a: Put a brick in\n|\n|upkeep\n|\n|t:|1776142165\n|switch|p1a: Bruce|Charizard, L50, M|100/100\n|turn|5\n|\n|t:|1776142171\n|move|p1a: Bruce|Dragon Dance|p1a: Bruce\n|-boost|p1a: Bruce|atk|1\n|-boost|p1a: Bruce|spe|1\n|move|p2a: Archaludon|Thunderbolt|p1a: Bruce\n|-supereffective|p1a: Bruce|1\n|-damage|p1a: Bruce|32/100\n|\n|upkeep\n|turn|6\n|\n|t:|1776142178\n|detailschange|p1a: Bruce|Charizard-Mega-X, L50, M\n|-mega|p1a: Bruce|Charizard|Charizardite X\n|move|p1a: Bruce|Roost|p1a: Bruce\n|-heal|p1a: Bruce|82/100\n|-singleturn|p1a: Bruce|move: Roost\n|move|p2a: Archaludon|Draco Meteor|p1a: Bruce\n|-supereffective|p1a: Bruce|1\n|-damage|p1a: Bruce|0 fnt\n|-unboost|p2a: Archaludon|spa|2\n|faint|p1a: Bruce\n|\n|upkeep\n|\n|t:|1776142180\n|switch|p1a: Vanity?|Ninetales-Alola, L50, F|100/100\n|-weather|Snowscape|[from] ability: Snow Warning|[of] p1a: Vanity?\n|turn|7\n|\n|t:|1776142186\n|move|p1a: Vanity?|Aurora Veil|p1a: Vanity?\n|-sidestart|p1: MiraidonGaming|move: Aurora Veil\n|move|p2a: Archaludon|Flash Cannon|p1a: Vanity?\n|-supereffective|p1a: Vanity?|2\n|-damage|p1a: Vanity?|45/100\n|\n|-weather|Snowscape|[upkeep]\n|upkeep\n|turn|8\n|\n|t:|1776142189\n|move|p1a: Vanity?|Moonblast|p2a: Archaludon\n|-damage|p2a: Archaludon|26/100\n|move|p2a: Archaludon|Flash Cannon|p1a: Vanity?\n|-supereffective|p1a: Vanity?|2\n|-damage|p1a: Vanity?|0 fnt\n|faint|p1a: Vanity?\n|\n|win|BJZJS\n|raw|MiraidonGaming's rating: 1319 &rarr; <strong>1303</strong><br />(-16 for losing)\n|raw|BJZJS's rating: 1386 &rarr; <strong>1402</strong><br />(+16 for winning)\n|l|\u2606MiraidonGaming\n|player|p1|\n|l|\u2606BJZJS\n|player|p2|\n",
  "uploadtime": 1776142215,
  "views": 2,
  "formatid": "gen9championsbssregma",
  "rating": 1303,
  "private": 0,
  "password": null
}