{
  "id": "gen9championsbssregma-2582943202",
  "format": "[Gen 9 Champions] BSS Reg M-A",
  "players": [
    "Milimanjaro",
    "sandwhale"
  ],
  "log": "|j|\u2606Milimanjaro\n|j|\u2606sandwhale\n|t:|1776127124\n|gametype|singles\n|player|p1|Milimanjaro|lucas|1194\n|player|p2|sandwhale|101|1199\n|gen|9\n|tier|[Gen 9 Champions] BSS Reg M-A\n|rated|\n|rule|Species Clause: Limit one of each Pok\u00e9mon\n|rule|Item Clause: Limit 1 of each item\n|clearpoke\n|poke|p1|Lopunny, L50, F|\n|poke|p1|Araquanid, L50, M|\n|poke|p1|Whimsicott, L50, M|\n|poke|p1|Vanilluxe, L50, M|\n|poke|p1|Tyranitar, L50, F|\n|poke|p1|Talonflame, L50, F|\n|poke|p2|Hawlucha, L50, M|\n|poke|p2|Gyarados, L50, M|\n|poke|p2|Kleavor, L50, M|\n|poke|p2|Basculegion, L50, M|\n|poke|p2|Meowscarada, L50, F|\n|poke|p2|Dragonite, L50, M|\n|teampreview|3\n|j| p74\n|j| Purfectko\n|l| Purfectko\n|\n|t:|1776127189\n|teamsize|p1|3\n|teamsize|p2|3\n|start\n|switch|p1a: Whimsicott|Whimsicott, L50, M|100/100\n|switch|p2a: Kleavor|Kleavor, L50, M|100/100\n|turn|1\n|\n|t:|1776127204\n|move|p1a: Whimsicott|Leech Seed|p2a: Kleavor\n|-start|p2a: Kleavor|move: Leech Seed\n|move|p2a: Kleavor|Rock Tomb|p1a: Whimsicott\n|-damage|p1a: Whimsicott|66/100\n|-unboost|p1a: Whimsicott|spe|1\n|\n|-heal|p1a: Whimsicott|72/100|[from] item: Leftovers\n|-damage|p2a: Kleavor|88/100|[from] Leech Seed|[of] p1a: Whimsicott\n|-heal|p1a: Whimsicott|83/100|[silent]\n|upkeep\n|turn|2\n|j| Purfectko\n|\n|t:|1776127214\n|move|p1a: Whimsicott|Encore|p2a: Kleavor\n|-start|p2a: Kleavor|Encore\n|move|p2a: Kleavor|Rock Tomb|p1a: Whimsicott\n|-damage|p1a: Whimsicott|51/100\n|-unboost|p1a: Whimsicott|spe|1\n|\n|-heal|p1a: Whimsicott|57/100|[from] item: Leftovers\n|-damage|p2a: Kleavor|76/100|[from] Leech Seed|[of] p1a: Whimsicott\n|-heal|p1a: Whimsicott|68/100|[silent]\n|upkeep\n|turn|3\n|\n|t:|1776127221\n|move|p1a: Whimsicott|Substitute|p1a: Whimsicott\n|-start|p1a: Whimsicott|Substitute\n|-damage|p1a: Whimsicott|43/100\n|move|p2a: Kleavor|Rock Tomb|p1a: Whimsicott\n|-end|p1a: Whimsicott|Substitute\n|\n|-heal|p1a: Whimsicott|49/100|[from] item: Leftovers\n|-damage|p2a: Kleavor|64/100|[from] Leech Seed|[of] p1a: Whimsicott\n|-heal|p1a: Whimsicott|60/100|[silent]\n|upkeep\n|turn|4\n|\n|t:|1776127235\n|move|p1a: Whimsicott|Substitute|p1a: Whimsicott\n|-start|p1a: Whimsicott|Substitute\n|-damage|p1a: Whimsicott|35/100\n|move|p2a: Kleavor|Rock Tomb|p1a: Whimsicott\n|-end|p1a: Whimsicott|Substitute\n|\n|-heal|p1a: Whimsicott|41/100|[from] item: Leftovers\n|-damage|p2a: Kleavor|52/100|[from] Leech Seed|[of] p1a: Whimsicott\n|-heal|p1a: Whimsicott|52/100|[silent]\n|-end|p2a: Kleavor|Encore\n|upkeep\n|turn|5\n|\n|t:|1776127249\n|switch|p2a: Hawlucha|Hawlucha, L50, M|100/100\n|move|p1a: Whimsicott|Moonblast|p2a: Hawlucha\n|-supereffective|p2a: Hawlucha|1\n|-damage|p2a: Hawlucha|22/100\n|\n|-heal|p1a: Whimsicott|58/100|[from] item: Leftovers\n|upkeep\n|turn|6\n|\n|t:|1776127260\n|switch|p1a: Talonflame|Talonflame, L50, F|100/100\n|move|p2a: Hawlucha|Close Combat|p1a: Talonflame\n|-resisted|p1a: Talonflame|1\n|-damage|p1a: Talonflame|77/100\n|-unboost|p2a: Hawlucha|def|1\n|-unboost|p2a: Hawlucha|spd|1\n|-enditem|p2a: Hawlucha|White Herb\n|-clearnegativeboost|p2a: Hawlucha|[silent]\n|\n|upkeep\n|turn|7\n|\n|t:|1776127273\n|move|p2a: Hawlucha|Brave Bird|p1a: Talonflame|[miss]\n|-miss|p2a: Hawlucha|p1a: Talonflame\n|move|p1a: Talonflame|Will-O-Wisp|p2a: Hawlucha\n|-status|p2a: Hawlucha|brn\n|\n|-damage|p2a: Hawlucha|16/100 brn|[from] brn\n|upkeep\n|turn|8\n|\n|t:|1776127278\n|move|p2a: Hawlucha|Brave Bird|p1a: Talonflame\n|-damage|p1a: Talonflame|53/100\n|-damage|p2a: Hawlucha|8/100 brn|[from] Recoil\n|move|p1a: Talonflame|Roost|p1a: Talonflame\n|-heal|p1a: Talonflame|100/100\n|-singleturn|p1a: Talonflame|move: Roost\n|\n|-damage|p2a: Hawlucha|2/100 brn|[from] brn\n|upkeep\n|turn|9\n|\n|t:|1776127285\n|move|p2a: Hawlucha|Taunt|p1a: Talonflame\n|-start|p1a: Talonflame|move: Taunt\n|cant|p1a: Talonflame|move: Taunt|Will-O-Wisp\n|\n|-damage|p2a: Hawlucha|0 fnt|[from] brn\n|faint|p2a: Hawlucha\n|upkeep\n|\n|t:|1776127299\n|switch|p2a: Kleavor|Kleavor, L50, M|52/100\n|turn|10\n|\n|t:|1776127303\n|move|p2a: Kleavor|Stone Axe|p1a: Talonflame\n|-supereffective|p1a: Talonflame|2\n|-damage|p1a: Talonflame|0 fnt\n|-sidestart|p1: Milimanjaro|move: Stealth Rock\n|faint|p1a: Talonflame\n|\n|upkeep\n|\n|t:|1776127313\n|switch|p1a: Whimsicott|Whimsicott, L50, M|58/100\n|-damage|p1a: Whimsicott|46/100|[from] Stealth Rock\n|turn|11\n|\n|t:|1776127320\n|move|p2a: Kleavor|Stone Axe|p1a: Whimsicott\n|-damage|p1a: Whimsicott|0 fnt\n|faint|p1a: Whimsicott\n|\n|upkeep\n|\n|t:|1776127323\n|switch|p1a: Vanilluxe|Vanilluxe, L50, M|100/100\n|-damage|p1a: Vanilluxe|76/100|[from] Stealth Rock\n|-weather|Snowscape|[from] ability: Snow Warning|[of] p1a: Vanilluxe\n|turn|12\n|\n|t:|1776127327\n|move|p1a: Vanilluxe|Freeze-Dry|p2a: Kleavor\n|-crit|p2a: Kleavor\n|-damage|p2a: Kleavor|0 fnt\n|faint|p2a: Kleavor\n|\n|-weather|Snowscape|[upkeep]\n|upkeep\n|\n|t:|1776127330\n|switch|p2a: Gyarados|Gyarados, L50, M|100/100\n|-ability|p2a: Gyarados|Intimidate|boost\n|-unboost|p1a: Vanilluxe|atk|1\n|turn|13\n|\n|t:|1776127343\n|detailschange|p2a: Gyarados|Gyarados-Mega, L50, M\n|-mega|p2a: Gyarados|Gyarados|Gyaradosite\n|-ability|p2a: Gyarados|Mold Breaker\n|move|p1a: Vanilluxe|Freeze-Dry|p2a: Gyarados\n|-supereffective|p2a: Gyarados|1\n|-damage|p2a: Gyarados|44/100\n|move|p2a: Gyarados|Waterfall|p1a: Vanilluxe\n|-damage|p1a: Vanilluxe|35/100\n|\n|-weather|Snowscape|[upkeep]\n|upkeep\n|turn|14\n|\n|t:|1776127357\n|move|p1a: Vanilluxe|Freeze-Dry|p2a: Gyarados\n|-supereffective|p2a: Gyarados|1\n|-damage|p2a: Gyarados|0 fnt\n|faint|p2a: Gyarados\n|\n|win|Milimanjaro\n|raw|Milimanjaro's rating: 1194 &rarr; <strong>1219</strong><br />(+25 for winning)\n|raw|sandwhale's rating: 1199 &rarr; <strong>1174</strong><br />(-25 for losing)\n|l|\u2606sandwhale\n|player|p2|\n|l|\u2606Milimanjaro\n|player|p1|\n|l| Purfectko\n",
  "uploadtime": 1776127535,
  "views": 2,
  "formatid": "gen9championsbssregma",
  "rating": 1174,
  "private": 0,
  "password": null
}