{
  "id": "gen9championsbssregma-2588312896",
  "format": "[Gen 9 Champions] BSS Reg M-A",
  "players": [
    "KashesK",
    "qweralt"
  ],
  "log": "|j|\u2606KashesK\n|j|\u2606qweralt\n|t:|1776623229\n|gametype|singles\n|player|p1|KashesK|102|1119\n|player|p2|qweralt|boarder|1185\n|gen|9\n|tier|[Gen 9 Champions] BSS Reg M-A\n|rated|\n|rule|Species Clause: Limit one of each Pok\u00e9mon\n|rule|Item Clause: Limit 1 of each item\n|clearpoke\n|poke|p1|Salazzle, L50, F|\n|poke|p1|Arcanine-Hisui, L50, M|\n|poke|p1|Tauros-Paldea-Blaze, L50, M, shiny|\n|poke|p1|Charizard, L50, M|\n|poke|p1|Infernape, L50, M, shiny|\n|poke|p1|Skeledirge, L50, M|\n|poke|p2|Delphox, L50, M|\n|poke|p2|Hatterene, L50, F|\n|poke|p2|Weavile, L50, F|\n|poke|p2|Volcarona, L50, F|\n|poke|p2|Garchomp, L50, M|\n|poke|p2|Rotom-Wash, L50|\n|teampreview|3\n|j| Oasis of Storms\n|\n|t:|1776623263\n|teamsize|p1|3\n|teamsize|p2|3\n|start\n|switch|p1a: Salazzle|Salazzle, L50, F|100/100\n|switch|p2a: Garchomp|Garchomp, L50, M|100/100\n|turn|1\n|\n|t:|1776623277\n|move|p2a: Garchomp|Earthquake|p1a: Salazzle\n|-supereffective|p1a: Salazzle|2\n|-enditem|p1a: Salazzle|Focus Sash\n|-damage|p1a: Salazzle|1/100\n|move|p1a: Salazzle|Taunt|p2a: Garchomp\n|-start|p2a: Garchomp|move: Taunt\n|\n|upkeep\n|turn|2\n|\n|t:|1776623285\n|switch|p1a: Charizard|Charizard, L50, M|100/100\n|move|p2a: Garchomp|Earthquake|p1a: Charizard\n|-immune|p1a: Charizard\n|\n|upkeep\n|turn|3\n|\n|t:|1776623297\n|switch|p2a: Delphox|Delphox, L50, M|100/100\n|move|p1a: Charizard|Dragon Pulse|p2a: Delphox\n|-damage|p2a: Delphox|67/100\n|\n|upkeep\n|turn|4\n|\n|t:|1776623311\n|detailschange|p2a: Delphox|Delphox-Mega, L50, M\n|-mega|p2a: Delphox|Delphox|Delphoxite\n|move|p2a: Delphox|Nasty Plot|p2a: Delphox\n|-boost|p2a: Delphox|spa|2\n|move|p1a: Charizard|Fire Blast|p2a: Delphox\n|-resisted|p2a: Delphox|1\n|-damage|p2a: Delphox|43/100\n|\n|upkeep\n|turn|5\n|\n|t:|1776623335\n|detailschange|p1a: Charizard|Charizard-Mega-Y, L50, M\n|-mega|p1a: Charizard|Charizard|Charizardite Y\n|-weather|SunnyDay|[from] ability: Drought|[of] p1a: Charizard\n|move|p2a: Delphox|Psychic|p1a: Charizard\n|-damage|p1a: Charizard|0 fnt\n|faint|p1a: Charizard\n|\n|-weather|SunnyDay|[upkeep]\n|upkeep\n|\n|t:|1776623338\n|switch|p1a: Tauros|Tauros-Paldea-Blaze, L50, M, shiny|100/100\n|-ability|p1a: Tauros|Intimidate|boost\n|-unboost|p2a: Delphox|atk|1\n|turn|6\n|\n|t:|1776623344\n|move|p2a: Delphox|Psychic|p1a: Tauros\n|-supereffective|p1a: Tauros|1\n|-damage|p1a: Tauros|0 fnt\n|faint|p1a: Tauros\n|\n|-weather|SunnyDay|[upkeep]\n|upkeep\n|-message|KashesK forfeited.\n|\n|win|qweralt\n|raw|KashesK's rating: 1119 &rarr; <strong>1099</strong><br />(-20 for losing)\n|raw|qweralt's rating: 1185 &rarr; <strong>1205</strong><br />(+20 for winning)\n|l|\u2606KashesK\n|player|p1|\n",
  "uploadtime": 1776623349,
  "views": 3,
  "formatid": "gen9championsbssregma",
  "rating": 1099,
  "private": 0,
  "password": null
}