{
  "id": "gen9championsbssregma-2585204073",
  "format": "[Gen 9 Champions] BSS Reg M-A",
  "players": [
    "yoyotaka",
    "Danny3over"
  ],
  "log": "|j|\u203dyoyotaka\n|j|\u2606Danny3over\n|t:|1776324635\n|gametype|singles\n|player|p1|yoyotaka|265|1356\n|player|p2|Danny3over|twins-gen4dp|1234\n|gen|9\n|tier|[Gen 9 Champions] BSS Reg M-A\n|rated|\n|rule|Species Clause: Limit one of each Pok\u00e9mon\n|rule|Item Clause: Limit 1 of each item\n|clearpoke\n|poke|p1|Dragonite, L50, M|\n|poke|p1|Hippowdon, L50, F|\n|poke|p1|Primarina, L50, M|\n|poke|p1|Kangaskhan, L50, F|\n|poke|p1|Meowscarada, L50, M|\n|poke|p1|Aegislash, L50, M|\n|poke|p2|Starmie, L50|\n|poke|p2|Hydreigon, L50, M|\n|poke|p2|Corviknight, L50, F|\n|poke|p2|Kingambit, L50, F|\n|poke|p2|Hippowdon, L50, F|\n|poke|p2|Sneasler, L50, M|\n|teampreview|3\n|\n|t:|1776324674\n|teamsize|p1|3\n|teamsize|p2|3\n|start\n|switch|p1a: Dragonite|Dragonite, L50, M|100/100\n|switch|p2a: Starmie|Starmie, L50|100/100\n|turn|1\n|\n|t:|1776324681\n|detailschange|p2a: Starmie|Starmie-Mega, L50\n|-mega|p2a: Starmie|Starmie|Starminite\n|detailschange|p1a: Dragonite|Dragonite-Mega, L50, M\n|-mega|p1a: Dragonite|Dragonite|Dragoninite\n|move|p2a: Starmie|Flip Turn|p1a: Dragonite\n|-resisted|p1a: Dragonite|1\n|-crit|p1a: Dragonite\n|-damage|p1a: Dragonite|84/100\n|\n|t:|1776324688\n|switch|p2a: Hippowdon|Hippowdon, L50, F|100/100|[from] Flip Turn\n|-weather|Sandstorm|[from] ability: Sand Stream|[of] p2a: Hippowdon\n|move|p1a: Dragonite|Thunderbolt|p2a: Hippowdon\n|-immune|p2a: Hippowdon\n|\n|-weather|Sandstorm|[upkeep]\n|-damage|p1a: Dragonite|78/100|[from] Sandstorm\n|upkeep\n|turn|2\n|\n|t:|1776324699\n|move|p1a: Dragonite|Draco Meteor|p2a: Hippowdon\n|-damage|p2a: Hippowdon|25/100\n|-unboost|p1a: Dragonite|spa|2\n|-enditem|p2a: Hippowdon|Sitrus Berry|[eat]\n|-heal|p2a: Hippowdon|49/100|[from] item: Sitrus Berry\n|move|p2a: Hippowdon|Yawn|p1a: Dragonite\n|-start|p1a: Dragonite|move: Yawn|[of] p2a: Hippowdon\n|\n|-weather|Sandstorm|[upkeep]\n|-damage|p1a: Dragonite|73/100|[from] Sandstorm\n|upkeep\n|turn|3\n|\n|t:|1776324711\n|switch|p1a: Primarina|Primarina, L50, M|100/100\n|move|p2a: Hippowdon|Stealth Rock|p1a: Primarina\n|-sidestart|p1: yoyotaka|move: Stealth Rock\n|\n|-weather|Sandstorm|[upkeep]\n|-damage|p1a: Primarina|95/100|[from] Sandstorm\n|upkeep\n|turn|4\n|\n|t:|1776324720\n|move|p1a: Primarina|Sparkling Aria|p2a: Hippowdon\n|-supereffective|p2a: Hippowdon|1\n|-damage|p2a: Hippowdon|0 fnt\n|faint|p2a: Hippowdon\n|\n|-weather|Sandstorm|[upkeep]\n|-damage|p1a: Primarina|89/100|[from] Sandstorm\n|upkeep\n|\n|t:|1776324722\n|switch|p2a: Starmie|Starmie-Mega, L50|100/100\n|turn|5\n|\n|t:|1776324729\n|move|p2a: Starmie|Zen Headbutt|p1a: Primarina\n|-damage|p1a: Primarina|11/100\n|-enditem|p1a: Primarina|Sitrus Berry|[eat]\n|-heal|p1a: Primarina|36/100|[from] item: Sitrus Berry\n|move|p1a: Primarina|Moonblast|p2a: Starmie\n|-damage|p2a: Starmie|36/100\n|\n|-weather|none\n|upkeep\n|turn|6\n|\n|t:|1776324739\n|move|p1a: Primarina|Aqua Jet|p2a: Starmie\n|-resisted|p2a: Starmie|1\n|-damage|p2a: Starmie|30/100\n|move|p2a: Starmie|Zen Headbutt|p1a: Primarina\n|-damage|p1a: Primarina|0 fnt\n|faint|p1a: Primarina\n|\n|upkeep\n|\n|t:|1776324749\n|switch|p1a: Dragonite|Dragonite-Mega, L50, M|73/100\n|-damage|p1a: Dragonite|48/100|[from] Stealth Rock\n|turn|7\n|\n|t:|1776324756\n|switch|p2a: Hydreigon|Hydreigon, L50, M|100/100\n|move|p1a: Dragonite|Extreme Speed|p2a: Hydreigon\n|-damage|p2a: Hydreigon|75/100\n|\n|upkeep\n|turn|8\n|\n|t:|1776324763\n|switch|p1a: Hippowdon|Hippowdon, L50, F|100/100\n|-damage|p1a: Hippowdon|94/100|[from] Stealth Rock\n|-weather|Sandstorm|[from] ability: Sand Stream|[of] p1a: Hippowdon\n|move|p2a: Hydreigon|Draco Meteor|p1a: Hippowdon\n|-damage|p1a: Hippowdon|30/100\n|-unboost|p2a: Hydreigon|spa|2\n|\n|-weather|Sandstorm|[upkeep]\n|-damage|p2a: Hydreigon|69/100|[from] Sandstorm\n|-heal|p1a: Hippowdon|36/100|[from] item: Leftovers\n|upkeep\n|turn|9\n|\n|t:|1776324778\n|switch|p2a: Starmie|Starmie-Mega, L50|30/100\n|move|p1a: Hippowdon|Stealth Rock|p2a: Starmie\n|-sidestart|p2: Danny3over|move: Stealth Rock\n|\n|-weather|Sandstorm|[upkeep]\n|-damage|p2a: Starmie|24/100|[from] Sandstorm\n|-heal|p1a: Hippowdon|42/100|[from] item: Leftovers\n|upkeep\n|turn|10\n|j| The Educated Fool\n|-message|yoyotaka forfeited.\n|\n|win|Danny3over\n|raw|yoyotaka's rating: 1356 &rarr; <strong>1329</strong><br />(-27 for losing)\n|raw|Danny3over's rating: 1234 &rarr; <strong>1267</strong><br />(+33 for winning)\n|l|\u203dyoyotaka\n|player|p1|\n|l|\u2606Danny3over\n|player|p2|\n",
  "uploadtime": 1776325568,
  "views": 9,
  "formatid": "gen9championsbssregma",
  "rating": 1267,
  "private": 0,
  "password": null
}