{
  "id": "gen9championsbssregma-2587298232",
  "format": "[Gen 9 Champions] BSS Reg M-A",
  "players": [
    "cork0909",
    "lionyx98"
  ],
  "log": "|j|\u2606cork0909\n|j|\u2606lionyx98\n|t:|1776519598\n|gametype|singles\n|player|p1|cork0909|1|1106\n|player|p2|lionyx98|norman-gen3|1109\n|gen|9\n|tier|[Gen 9 Champions] BSS Reg M-A\n|rated|\n|rule|Species Clause: Limit one of each Pok\u00e9mon\n|rule|Item Clause: Limit 1 of each item\n|clearpoke\n|poke|p1|Lucario, L50, F|\n|poke|p1|Rotom-Wash, L50|\n|poke|p1|Snorlax, L50, F|\n|poke|p1|Alakazam, L50, F|\n|poke|p1|Sneasler, L50, M|\n|poke|p1|Mudsdale, L50, M|\n|poke|p2|Aerodactyl, L50, M|\n|poke|p2|Gyarados, L50, M, shiny|\n|poke|p2|Meganium, L50, M|\n|poke|p2|Gardevoir, L50, F, shiny|\n|poke|p2|Mimikyu, L50, M|\n|poke|p2|Torterra, L50, M|\n|teampreview|3\n|inactive|Battle timer is ON: inactive players will automatically lose when time's up. (requested by lionyx98)\n|\n|t:|1776519627\n|teamsize|p1|3\n|teamsize|p2|3\n|start\n|switch|p1a: Rotom|Rotom-Wash, L50|100/100\n|switch|p2a: Aerodactyl|Aerodactyl, L50, M|100/100\n|-ability|p2a: Aerodactyl|Unnerve\n|turn|1\n|\n|t:|1776519634\n|move|p1a: Rotom|Hydro Pump|p2a: Aerodactyl|[miss]\n|-miss|p1a: Rotom|p2a: Aerodactyl\n|move|p2a: Aerodactyl|Stealth Rock|p1a: Rotom\n|-sidestart|p1: cork0909|move: Stealth Rock\n|\n|upkeep\n|turn|2\n|\n|t:|1776519645\n|move|p1a: Rotom|Hydro Pump|p2a: Aerodactyl\n|-supereffective|p2a: Aerodactyl|1\n|-enditem|p2a: Aerodactyl|Focus Sash\n|-damage|p2a: Aerodactyl|1/100\n|move|p2a: Aerodactyl|Stone Edge|p1a: Rotom\n|-damage|p1a: Rotom|37/100\n|\n|upkeep\n|turn|3\n|\n|t:|1776519653\n|move|p1a: Rotom|Hydro Pump|p2a: Aerodactyl|[miss]\n|-miss|p1a: Rotom|p2a: Aerodactyl\n|move|p2a: Aerodactyl|Stone Edge|p1a: Rotom\n|-damage|p1a: Rotom|0 fnt\n|faint|p1a: Rotom\n|\n|upkeep\n|\n|t:|1776519662\n|switch|p1a: Alakazam|Alakazam, L50, F|100/100\n|turn|4\n|\n|t:|1776519669\n|detailschange|p1a: Alakazam|Alakazam-Mega, L50, F\n|-mega|p1a: Alakazam|Alakazam|Alakazite\n|-ability|p1a: Alakazam|Unnerve|Trace|[from] ability: Trace|[of] p2a: Aerodactyl\n|-ability|p1a: Alakazam|Unnerve\n|move|p1a: Alakazam|Psychic|p2a: Aerodactyl\n|-damage|p2a: Aerodactyl|0 fnt\n|faint|p2a: Aerodactyl\n|\n|upkeep\n|\n|t:|1776519679\n|switch|p2a: Gyarados|Gyarados, L50, M, shiny|100/100\n|-ability|p2a: Gyarados|Intimidate|boost\n|-unboost|p1a: Alakazam|atk|1\n|turn|5\n|\n|t:|1776519689\n|switch|p1a: Snorlax|Snorlax, L50, F|100/100\n|-damage|p1a: Snorlax|88/100|[from] Stealth Rock\n|move|p2a: Gyarados|Dragon Dance|p2a: Gyarados\n|-boost|p2a: Gyarados|atk|1\n|-boost|p2a: Gyarados|spe|1\n|\n|upkeep\n|turn|6\n|\n|t:|1776519697\n|move|p2a: Gyarados|Waterfall|p1a: Snorlax\n|-damage|p1a: Snorlax|35/100\n|-enditem|p1a: Snorlax|Sitrus Berry|[eat]\n|-heal|p1a: Snorlax|60/100|[from] item: Sitrus Berry\n|move|p1a: Snorlax|Yawn|p2a: Gyarados\n|-start|p2a: Gyarados|move: Yawn|[of] p1a: Snorlax\n|\n|upkeep\n|turn|7\n|\n|t:|1776519705\n|move|p2a: Gyarados|Dragon Dance|p2a: Gyarados\n|-boost|p2a: Gyarados|atk|1\n|-boost|p2a: Gyarados|spe|1\n|move|p1a: Snorlax|Curse|p1a: Snorlax\n|-unboost|p1a: Snorlax|spe|1\n|-boost|p1a: Snorlax|atk|1\n|-boost|p1a: Snorlax|def|1\n|\n|-end|p2a: Gyarados|move: Yawn|[silent]\n|-status|p2a: Gyarados|slp\n|-enditem|p2a: Gyarados|Lum Berry|[eat]\n|-curestatus|p2a: Gyarados|slp|[msg]\n|upkeep\n|turn|8\n|\n|t:|1776519716\n|move|p2a: Gyarados|Waterfall|p1a: Snorlax\n|-damage|p1a: Snorlax|15/100\n|cant|p1a: Snorlax|flinch\n|\n|upkeep\n|turn|9\n|\n|t:|1776519723\n|move|p2a: Gyarados|Waterfall|p1a: Snorlax\n|-damage|p1a: Snorlax|0 fnt\n|faint|p1a: Snorlax\n|\n|upkeep\n|\n|t:|1776519728\n|switch|p1a: Alakazam|Alakazam-Mega, L50, F|100/100\n|-damage|p1a: Alakazam|88/100|[from] Stealth Rock\n|-ability|p1a: Alakazam|Intimidate|Trace|[from] ability: Trace|[of] p2a: Gyarados\n|-ability|p1a: Alakazam|Intimidate|boost\n|-unboost|p2a: Gyarados|atk|1\n|turn|10\n|\n|t:|1776519735\n|move|p2a: Gyarados|Waterfall|p1a: Alakazam\n|-damage|p1a: Alakazam|0 fnt\n|faint|p1a: Alakazam\n|\n|win|lionyx98\n|raw|cork0909's rating: 1106 &rarr; <strong>1081</strong><br />(-25 for losing)\n|raw|lionyx98's rating: 1109 &rarr; <strong>1134</strong><br />(+25 for winning)\n|l|\u2606cork0909\n|player|p1|\n",
  "uploadtime": 1776519741,
  "views": 2,
  "formatid": "gen9championsbssregma",
  "rating": 1081,
  "private": 0,
  "password": null
}