{
  "id": "gen9championsbssregma-2583320307",
  "format": "[Gen 9 Champions] BSS Reg M-A",
  "players": [
    "lublh",
    "hoshigumo1101"
  ],
  "log": "|j|\u2606lublh\n|j|\u2606hoshigumo1101\n|t:|1776166598\n|gametype|singles\n|player|p1|lublh|170|1351\n|player|p2|hoshigumo1101|acetrainerf|1422\n|gen|9\n|tier|[Gen 9 Champions] BSS Reg M-A\n|rated|\n|rule|Species Clause: Limit one of each Pok\u00e9mon\n|rule|Item Clause: Limit 1 of each item\n|clearpoke\n|poke|p1|Meganium, L50, M|\n|poke|p1|Dragonite, L50, F|\n|poke|p1|Lopunny, L50, M|\n|poke|p1|Kleavor, L50, M|\n|poke|p1|Aegislash, L50, M|\n|poke|p1|Garchomp, L50, M|\n|poke|p2|Aegislash, L50, F|\n|poke|p2|Kingambit, L50, F|\n|poke|p2|Garchomp, L50, M|\n|poke|p2|Volcarona, L50, M|\n|poke|p2|Gyarados, L50, F|\n|poke|p2|Dragonite, L50, F|\n|teampreview|3\n|j| p74\n|\n|t:|1776166641\n|teamsize|p1|3\n|teamsize|p2|3\n|start\n|switch|p1a: Kleavor|Kleavor, L50, M|100/100\n|switch|p2a: Aegislash|Aegislash, L50, F|100/100\n|turn|1\n|\n|t:|1776166646\n|move|p1a: Kleavor|Stone Axe|p2a: Aegislash\n|-resisted|p2a: Aegislash|1\n|-damage|p2a: Aegislash|73/100\n|-sidestart|p2: hoshigumo1101|move: Stealth Rock\n|-formechange|p2a: Aegislash|Aegislash-Blade|\n|move|p2a: Aegislash|Iron Head|p1a: Kleavor\n|-supereffective|p1a: Kleavor|1\n|-enditem|p1a: Kleavor|Focus Sash\n|-damage|p1a: Kleavor|1/100\n|\n|upkeep\n|turn|2\n|\n|t:|1776166654\n|move|p2a: Aegislash|Shadow Sneak|p1a: Kleavor\n|-damage|p1a: Kleavor|0 fnt\n|faint|p1a: Kleavor\n|\n|upkeep\n|\n|t:|1776166665\n|switch|p1a: Lopunny|Lopunny, L50, M|100/100\n|turn|3\n|\n|t:|1776166673\n|detailschange|p1a: Lopunny|Lopunny-Mega, L50, M\n|-mega|p1a: Lopunny|Lopunny|Lopunnite\n|move|p1a: Lopunny|Fake Out|p2a: Aegislash\n|-resisted|p2a: Aegislash|1\n|-damage|p2a: Aegislash|50/100\n|cant|p2a: Aegislash|flinch\n|\n|upkeep\n|turn|4\n|\n|t:|1776166682\n|move|p1a: Lopunny|Close Combat|p2a: Aegislash\n|-supereffective|p2a: Aegislash|1\n|-damage|p2a: Aegislash|0 fnt\n|-unboost|p1a: Lopunny|def|1\n|-unboost|p1a: Lopunny|spd|1\n|faint|p2a: Aegislash\n|\n|upkeep\n|\n|t:|1776166689\n|switch|p2a: Dragonite|Dragonite, L50, F|100/100\n|-damage|p2a: Dragonite|76/100|[from] Stealth Rock\n|turn|5\n|\n|t:|1776166694\n|detailschange|p2a: Dragonite|Dragonite-Mega, L50, F\n|-mega|p2a: Dragonite|Dragonite|Dragoninite\n|move|p1a: Lopunny|Triple Axel|p2a: Dragonite\n|-supereffective|p2a: Dragonite|2\n|-damage|p2a: Dragonite|49/100\n|-supereffective|p2a: Dragonite|2\n|-damage|p2a: Dragonite|3/100\n|-supereffective|p2a: Dragonite|2\n|-damage|p2a: Dragonite|0 fnt\n|faint|p2a: Dragonite\n|-hitcount|p2: Dragonite|3\n|\n|upkeep\n|-message|hoshigumo1101 forfeited.\n|\n|win|lublh\n|raw|lublh's rating: 1351 &rarr; <strong>1375</strong><br />(+24 for winning)\n|raw|hoshigumo1101's rating: 1422 &rarr; <strong>1398</strong><br />(-24 for losing)\n|l|\u2606hoshigumo1101\n|player|p2|\n|l|\u2606lublh\n|player|p1|\n",
  "uploadtime": 1776166961,
  "views": 11,
  "formatid": "gen9championsbssregma",
  "rating": 1375,
  "private": 0,
  "password": null
}