{
  "id": "gen9championsbssregma-2583324835",
  "format": "[Gen 9 Champions] BSS Reg M-A",
  "players": [
    "novavibemz",
    "cant say"
  ],
  "log": "|j|\u2606novavibemz\n|j|\u2606cant say\n|t:|1776167016\n|gametype|singles\n|player|p1|novavibemz|102|1151\n|player|p2|cant say|#cantsay|1154\n|gen|9\n|tier|[Gen 9 Champions] BSS Reg M-A\n|rated|\n|rule|Species Clause: Limit one of each Pok\u00e9mon\n|rule|Item Clause: Limit 1 of each item\n|clearpoke\n|poke|p1|Greninja-*, L50, M|\n|poke|p1|Steelix, L50, M|\n|poke|p1|Delphox, L50, F|\n|poke|p1|Meganium, L50, F|\n|poke|p1|Feraligatr, L50, M|\n|poke|p1|Toxapex, L50, F|\n|poke|p2|Gengar, L50, F|\n|poke|p2|Goodra, L50, F|\n|poke|p2|Sharpedo, L50, F|\n|poke|p2|Avalugg, L50, F|\n|poke|p2|Diggersby, L50, M|\n|poke|p2|Basculegion, L50, M|\n|teampreview|3\n|inactive|Battle timer is ON: inactive players will automatically lose when time's up. (requested by cant say)\n|inactive|cant say has 60 seconds left.\n|\n|t:|1776167071\n|teamsize|p1|3\n|teamsize|p2|3\n|start\n|switch|p1a: Toxapex|Toxapex, L50, F|100/100\n|switch|p2a: Sharpedo|Sharpedo, L50, F, shiny|100/100\n|turn|1\n|\n|t:|1776167078\n|move|p2a: Sharpedo|Taunt|p1a: Toxapex\n|-start|p1a: Toxapex|move: Taunt\n|cant|p1a: Toxapex|move: Taunt|Toxic\n|\n|-ability|p2a: Sharpedo|Speed Boost|boost\n|-boost|p2a: Sharpedo|spe|1\n|upkeep\n|turn|2\n|\n|t:|1776167084\n|move|p2a: Sharpedo|Dark Pulse|p1a: Toxapex\n|-damage|p1a: Toxapex|75/100\n|move|p1a: Toxapex|Gunk Shot|p2a: Sharpedo|[miss]\n|-miss|p1a: Toxapex|p2a: Sharpedo\n|\n|-heal|p1a: Toxapex|80/100|[from] item: Leftovers\n|-ability|p2a: Sharpedo|Speed Boost|boost\n|-boost|p2a: Sharpedo|spe|1\n|upkeep\n|turn|3\n|\n|t:|1776167098\n|switch|p2a: Gengar|Gengar, L50, F|100/100\n|switch|p1a: Steelix|Steelix, L50, M, shiny|100/100\n|\n|upkeep\n|turn|4\n|\n|t:|1776167119\n|detailschange|p2a: Gengar|Gengar-Mega, L50, F\n|-mega|p2a: Gengar|Gengar|Gengarite\n|move|p2a: Gengar|Destiny Bond|p2a: Gengar\n|-singlemove|p2a: Gengar|Destiny Bond\n|move|p1a: Steelix|Earthquake|p2a: Gengar\n|-supereffective|p2a: Gengar|1\n|-damage|p2a: Gengar|0 fnt\n|faint|p2a: Gengar\n|-activate|p2a: Gengar|move: Destiny Bond\n|faint|p1a: Steelix\n|\n|upkeep\n|\n|t:|1776167130\n|switch|p2a: Sharpedo|Sharpedo, L50, F, shiny|100/100\n|switch|p1a: Meganium|Meganium, L50, F|100/100\n|turn|5\n|\n|t:|1776167154\n|detailschange|p1a: Meganium|Meganium-Mega, L50, F\n|-mega|p1a: Meganium|Meganium|Meganiumite\n|move|p2a: Sharpedo|Ice Beam|p1a: Meganium\n|-supereffective|p1a: Meganium|1\n|-damage|p1a: Meganium|63/100\n|move|p1a: Meganium|Dazzling Gleam|p2a: Sharpedo\n|-supereffective|p2a: Sharpedo|1\n|-enditem|p2a: Sharpedo|Focus Sash\n|-damage|p2a: Sharpedo|1/100\n|\n|-ability|p2a: Sharpedo|Speed Boost|boost\n|-boost|p2a: Sharpedo|spe|1\n|upkeep\n|turn|6\n|\n|t:|1776167164\n|switch|p1a: Toxapex|Toxapex, L50, F|100/100\n|move|p2a: Sharpedo|Destiny Bond|p2a: Sharpedo\n|-singlemove|p2a: Sharpedo|Destiny Bond\n|\n|-ability|p2a: Sharpedo|Speed Boost|boost\n|-boost|p2a: Sharpedo|spe|1\n|upkeep\n|turn|7\n|\n|t:|1776167173\n|switch|p2a: Avalugg|Avalugg, L50, F|100/100\n|move|p1a: Toxapex|Baneful Bunker||[still]\n|-fail|p1a: Toxapex\n|\n|upkeep\n|turn|8\n|\n|t:|1776167182\n|move|p1a: Toxapex|Toxic|p2a: Avalugg\n|-status|p2a: Avalugg|tox\n|move|p2a: Avalugg|Earthquake|p1a: Toxapex\n|-supereffective|p1a: Toxapex|1\n|-damage|p1a: Toxapex|44/100\n|\n|-heal|p1a: Toxapex|49/100|[from] item: Leftovers\n|-damage|p2a: Avalugg|95/100 tox|[from] psn\n|upkeep\n|turn|9\n|\n|t:|1776167193\n|move|p1a: Toxapex|Baneful Bunker|p1a: Toxapex\n|-singleturn|p1a: Toxapex|move: Protect\n|move|p2a: Avalugg|Earthquake|p1a: Toxapex\n|-activate|p1a: Toxapex|move: Protect\n|\n|-heal|p1a: Toxapex|55/100|[from] item: Leftovers\n|-damage|p2a: Avalugg|83/100 tox|[from] psn\n|upkeep\n|turn|10\n|\n|t:|1776167201\n|switch|p1a: Meganium|Meganium-Mega, L50, F|63/100\n|move|p2a: Avalugg|Avalanche|p1a: Meganium\n|-supereffective|p1a: Meganium|1\n|-crit|p1a: Meganium\n|-damage|p1a: Meganium|0 fnt\n|faint|p1a: Meganium\n|\n|-damage|p2a: Avalugg|65/100 tox|[from] psn\n|upkeep\n|\n|t:|1776167206\n|switch|p1a: Toxapex|Toxapex, L50, F|88/100\n|turn|11\n|\n|t:|1776167212\n|move|p1a: Toxapex|Baneful Bunker|p1a: Toxapex\n|-singleturn|p1a: Toxapex|move: Protect\n|move|p2a: Avalugg|Recover|p2a: Avalugg\n|-heal|p2a: Avalugg|100/100 tox\n|\n|-heal|p1a: Toxapex|93/100|[from] item: Leftovers\n|-damage|p2a: Avalugg|77/100 tox|[from] psn\n|upkeep\n|turn|12\n|\n|t:|1776167221\n|move|p1a: Toxapex|Gunk Shot|p2a: Avalugg|[miss]\n|-miss|p1a: Toxapex|p2a: Avalugg\n|move|p2a: Avalugg|Earthquake|p1a: Toxapex\n|-supereffective|p1a: Toxapex|1\n|-damage|p1a: Toxapex|40/100\n|\n|-heal|p1a: Toxapex|45/100|[from] item: Leftovers\n|-damage|p2a: Avalugg|47/100 tox|[from] psn\n|upkeep\n|turn|13\n|\n|t:|1776167230\n|move|p1a: Toxapex|Baneful Bunker|p1a: Toxapex\n|-singleturn|p1a: Toxapex|move: Protect\n|move|p2a: Avalugg|Recover|p2a: Avalugg\n|-heal|p2a: Avalugg|97/100 tox\n|\n|-heal|p1a: Toxapex|51/100|[from] item: Leftovers\n|-damage|p2a: Avalugg|61/100 tox|[from] psn\n|upkeep\n|turn|14\n|\n|t:|1776167240\n|switch|p2a: Sharpedo|Sharpedo, L50, F, shiny|1/100\n|move|p1a: Toxapex|Baneful Bunker||[still]\n|-fail|p1a: Toxapex\n|\n|-heal|p1a: Toxapex|56/100|[from] item: Leftovers\n|upkeep\n|turn|15\n|\n|t:|1776167250\n|move|p1a: Toxapex|Baneful Bunker|p1a: Toxapex\n|-singleturn|p1a: Toxapex|move: Protect\n|move|p2a: Sharpedo|Destiny Bond|p2a: Sharpedo\n|-singlemove|p2a: Sharpedo|Destiny Bond\n|\n|-heal|p1a: Toxapex|62/100|[from] item: Leftovers\n|-ability|p2a: Sharpedo|Speed Boost|boost\n|-boost|p2a: Sharpedo|spe|1\n|upkeep\n|turn|16\n|\n|t:|1776167258\n|move|p2a: Sharpedo|Taunt|p1a: Toxapex\n|-start|p1a: Toxapex|move: Taunt\n|cant|p1a: Toxapex|move: Taunt|Toxic\n|\n|-heal|p1a: Toxapex|67/100|[from] item: Leftovers\n|-ability|p2a: Sharpedo|Speed Boost|boost\n|-boost|p2a: Sharpedo|spe|1\n|upkeep\n|turn|17\n|\n|t:|1776167265\n|move|p2a: Sharpedo|Destiny Bond|p2a: Sharpedo\n|-singlemove|p2a: Sharpedo|Destiny Bond\n|move|p1a: Toxapex|Gunk Shot|p2a: Sharpedo|[miss]\n|-miss|p1a: Toxapex|p2a: Sharpedo\n|\n|-heal|p1a: Toxapex|73/100|[from] item: Leftovers\n|-ability|p2a: Sharpedo|Speed Boost|boost\n|-boost|p2a: Sharpedo|spe|1\n|upkeep\n|turn|18\n|\n|t:|1776167278\n|move|p2a: Sharpedo|Ice Beam|p1a: Toxapex\n|-resisted|p1a: Toxapex|1\n|-damage|p1a: Toxapex|63/100\n|move|p1a: Toxapex|Gunk Shot|p2a: Sharpedo|[miss]\n|-miss|p1a: Toxapex|p2a: Sharpedo\n|\n|-heal|p1a: Toxapex|69/100|[from] item: Leftovers\n|-end|p1a: Toxapex|move: Taunt\n|-ability|p2a: Sharpedo|Speed Boost|boost\n|-boost|p2a: Sharpedo|spe|1\n|upkeep\n|turn|19\n|c|\u2606novavibemz|This must be a joke\n|\n|t:|1776167293\n|move|p1a: Toxapex|Baneful Bunker|p1a: Toxapex\n|-singleturn|p1a: Toxapex|move: Protect\n|move|p2a: Sharpedo|Taunt|p1a: Toxapex\n|-activate|p1a: Toxapex|move: Protect\n|\n|-heal|p1a: Toxapex|75/100|[from] item: Leftovers\n|-ability|p2a: Sharpedo|Speed Boost|boost\n|-boost|p2a: Sharpedo|spe|1\n|upkeep\n|turn|20\n|\n|t:|1776167304\n|move|p2a: Sharpedo|Taunt|p1a: Toxapex\n|-start|p1a: Toxapex|move: Taunt\n|cant|p1a: Toxapex|move: Taunt|Toxic\n|\n|-heal|p1a: Toxapex|80/100|[from] item: Leftovers\n|-ability|p2a: Sharpedo|Speed Boost|boost\n|-boost|p2a: Sharpedo|spe|1\n|upkeep\n|turn|21\n|\n|t:|1776167312\n|move|p2a: Sharpedo|Destiny Bond|p2a: Sharpedo\n|-singlemove|p2a: Sharpedo|Destiny Bond\n|move|p1a: Toxapex|Gunk Shot|p2a: Sharpedo|[miss]\n|-miss|p1a: Toxapex|p2a: Sharpedo\n|\n|-heal|p1a: Toxapex|86/100|[from] item: Leftovers\n|upkeep\n|turn|22\n|c|\u2606cant say|rofl\n|c|\u2606novavibemz|5 times?\n|\n|t:|1776167323\n|move|p2a: Sharpedo|Destiny Bond||[still]\n|-fail|p2a: Sharpedo\n|move|p1a: Toxapex|Gunk Shot|p2a: Sharpedo|[miss]\n|-miss|p1a: Toxapex|p2a: Sharpedo\n|\n|-heal|p1a: Toxapex|91/100|[from] item: Leftovers\n|-end|p1a: Toxapex|move: Taunt\n|upkeep\n|turn|23\n|c|\u2606novavibemz|6?!\n|c|\u2606novavibemz|its funny at this point\n|\n|t:|1776167342\n|move|p1a: Toxapex|Baneful Bunker|p1a: Toxapex\n|-singleturn|p1a: Toxapex|move: Protect\n|move|p2a: Sharpedo|Taunt|p1a: Toxapex\n|-activate|p1a: Toxapex|move: Protect\n|\n|-heal|p1a: Toxapex|97/100|[from] item: Leftovers\n|upkeep\n|turn|24\n|\n|t:|1776167349\n|move|p2a: Sharpedo|Taunt|p1a: Toxapex\n|-start|p1a: Toxapex|move: Taunt\n|move|p1a: Toxapex|Liquidation|p2a: Sharpedo\n|-resisted|p2a: Sharpedo|1\n|-damage|p2a: Sharpedo|0 fnt\n|faint|p2a: Sharpedo\n|\n|-heal|p1a: Toxapex|100/100|[from] item: Leftovers\n|upkeep\n|\n|t:|1776167361\n|switch|p2a: Avalugg|Avalugg, L50, F|61/100 tox\n|turn|25\n|\n|t:|1776167367\n|move|p1a: Toxapex|Gunk Shot|p2a: Avalugg|[miss]\n|-miss|p1a: Toxapex|p2a: Avalugg\n|move|p2a: Avalugg|Earthquake|p1a: Toxapex\n|-supereffective|p1a: Toxapex|1\n|-damage|p1a: Toxapex|49/100\n|\n|-heal|p1a: Toxapex|54/100|[from] item: Leftovers\n|-damage|p2a: Avalugg|55/100 tox|[from] psn\n|upkeep\n|turn|26\n|c|\u2606novavibemz|Of couse\n|\n|t:|1776167375\n|move|p1a: Toxapex|Gunk Shot|p2a: Avalugg|[miss]\n|-miss|p1a: Toxapex|p2a: Avalugg\n|move|p2a: Avalugg|Earthquake|p1a: Toxapex\n|-supereffective|p1a: Toxapex|1\n|-damage|p1a: Toxapex|0 fnt\n|faint|p1a: Toxapex\n|\n|win|cant say\n|raw|novavibemz's rating: 1151 &rarr; <strong>1126</strong><br />(-25 for losing)\n|raw|cant say's rating: 1154 &rarr; <strong>1179</strong><br />(+25 for winning)\n|c|\u2606cant say|wow\n|c|\u2606cant say|all of them\n|c|\u2606novavibemz|I missed every single one\n|l|\u2606novavibemz\n|player|p1|\n|c|\u2606cant say|haha\n|c|\u2606cant say|gg\n",
  "uploadtime": 1776167397,
  "views": 26,
  "formatid": "gen9championsbssregma",
  "rating": 1126,
  "private": 0,
  "password": null
}