{
  "id": "gen9championsbssregma-2585245908",
  "format": "[Gen 9 Champions] BSS Reg M-A",
  "players": [
    "gorilnx",
    "zbwns1"
  ],
  "log": "|j|\u2606gorilnx\n|j|\u2606zbwns1\n|t:|1776329458\n|gametype|singles\n|player|p1|gorilnx|dawn-gen4pt|1173\n|player|p2|zbwns1|265|1112\n|gen|9\n|tier|[Gen 9 Champions] BSS Reg M-A\n|rated|\n|rule|Species Clause: Limit one of each Pok\u00e9mon\n|rule|Item Clause: Limit 1 of each item\n|clearpoke\n|poke|p1|Delphox, L50, M|\n|poke|p1|Lopunny, L50, M|\n|poke|p1|Corviknight, L50, F|\n|poke|p1|Primarina, L50, F|\n|poke|p1|Garchomp, L50, M|\n|poke|p1|Rotom-Heat, L50|\n|poke|p2|Glimmora, L50, M|\n|poke|p2|Quaquaval, L50, M|\n|poke|p2|Rotom-Mow, L50|\n|poke|p2|Scizor, L50, F|\n|poke|p2|Garchomp, L50, F|\n|poke|p2|Sylveon, L50, F|\n|teampreview|3\n|inactive|Battle timer is ON: inactive players will automatically lose when time's up. (requested by gorilnx)\n|\n|t:|1776329480\n|teamsize|p1|3\n|teamsize|p2|3\n|start\n|switch|p1a: Garchomp|Garchomp, L50, M|100/100\n|switch|p2a: Glimmora|Glimmora, L50, M|100/100\n|turn|1\n|\n|t:|1776329494\n|switch|p2a: Rotom|Rotom-Mow, L50|100/100\n|move|p1a: Garchomp|Rock Tomb|p2a: Rotom|[miss]\n|-miss|p1a: Garchomp|p2a: Rotom\n|\n|upkeep\n|turn|2\n|\n|t:|1776329504\n|move|p1a: Garchomp|Outrage|p2a: Rotom\n|-damage|p2a: Rotom|29/100\n|-enditem|p2a: Rotom|Sitrus Berry|[eat]\n|-heal|p2a: Rotom|54/100|[from] item: Sitrus Berry\n|move|p2a: Rotom|Will-O-Wisp|p1a: Garchomp\n|-status|p1a: Garchomp|brn\n|\n|-damage|p1a: Garchomp|95/100 brn|[from] brn\n|upkeep\n|turn|3\n|\n|t:|1776329518\n|move|p1a: Garchomp|Outrage|p2a: Rotom|[from] lockedmove\n|-damage|p2a: Rotom|18/100\n|move|p2a: Rotom|Leaf Storm|p1a: Garchomp\n|-damage|p1a: Garchomp|24/100 brn\n|-unboost|p2a: Rotom|spa|2\n|\n|-damage|p1a: Garchomp|18/100 brn|[from] brn\n|upkeep\n|turn|4\n|\n|t:|1776329528\n|move|p1a: Garchomp|Outrage|p2a: Rotom|[from] lockedmove\n|-damage|p2a: Rotom|0 fnt\n|faint|p2a: Rotom\n|-start|p1a: Garchomp|confusion|[fatigue]\n|\n|-damage|p1a: Garchomp|12/100 brn|[from] brn\n|upkeep\n|\n|t:|1776329534\n|switch|p2a: Quaquaval|Quaquaval, L50, M|100/100\n|turn|5\n|\n|t:|1776329543\n|-activate|p1a: Garchomp|confusion\n|move|p1a: Garchomp|Rock Tomb|p2a: Quaquaval\n|-resisted|p2a: Quaquaval|1\n|-damage|p2a: Quaquaval|94/100\n|-unboost|p2a: Quaquaval|spe|1\n|move|p2a: Quaquaval|Aqua Step|p1a: Garchomp\n|-damage|p1a: Garchomp|0 fnt\n|-boost|p2a: Quaquaval|spe|1\n|-damage|p2a: Quaquaval|82/100|[from] ability: Rough Skin|[of] p1a: Garchomp\n|faint|p1a: Garchomp\n|-ability|p2a: Quaquaval|Moxie|boost\n|-boost|p2a: Quaquaval|atk|1\n|\n|upkeep\n|\n|t:|1776329555\n|switch|p1a: Primarina|Primarina, L50, F|100/100\n|turn|6\n|\n|t:|1776329569\n|switch|p2a: Glimmora|Glimmora, L50, M|100/100\n|move|p1a: Primarina|Sparkling Aria|p2a: Glimmora\n|-supereffective|p2a: Glimmora|1\n|-damage|p2a: Glimmora|0 fnt\n|faint|p2a: Glimmora\n|\n|upkeep\n|\n|t:|1776329575\n|switch|p2a: Quaquaval|Quaquaval, L50, M|82/100\n|turn|7\n|\n|t:|1776329583\n|move|p2a: Quaquaval|Aqua Step|p1a: Primarina\n|-resisted|p1a: Primarina|1\n|-damage|p1a: Primarina|73/100\n|-boost|p2a: Quaquaval|spe|1\n|move|p1a: Primarina|Moonblast|p2a: Quaquaval\n|-supereffective|p2a: Quaquaval|1\n|-damage|p2a: Quaquaval|0 fnt\n|faint|p2a: Quaquaval\n|\n|win|gorilnx\n|raw|gorilnx's rating: 1173 &rarr; <strong>1194</strong><br />(+21 for winning)\n|raw|zbwns1's rating: 1112 &rarr; <strong>1091</strong><br />(-21 for losing)\n",
  "uploadtime": 1776329590,
  "views": 5,
  "formatid": "gen9championsbssregma",
  "rating": 1091,
  "private": 0,
  "password": null
}