{
  "id": "gen9championsbssregma-2588545521",
  "format": "[Gen 9 Champions] BSS Reg M-A",
  "players": [
    "qweralt",
    "seiyokumazinX"
  ],
  "log": "|j|\u2606qweralt\n|j|\u2606seiyokumazinX\n|t:|1776643568\n|gametype|singles\n|player|p1|qweralt|boarder|1275\n|player|p2|seiyokumazinX|pokemaniac|1260\n|gen|9\n|tier|[Gen 9 Champions] BSS Reg M-A\n|rated|\n|rule|Species Clause: Limit one of each Pok\u00e9mon\n|rule|Item Clause: Limit 1 of each item\n|clearpoke\n|poke|p1|Delphox, L50, M|\n|poke|p1|Hatterene, L50, F|\n|poke|p1|Weavile, L50, F|\n|poke|p1|Volcarona, L50, F|\n|poke|p1|Garchomp, L50, F|\n|poke|p1|Rotom-Wash, L50|\n|poke|p2|Scovillain, L50, M, shiny|\n|poke|p2|Slowking-Galar, L50, M|\n|poke|p2|Tyranitar, L50, M|\n|poke|p2|Corviknight, L50, M|\n|poke|p2|Azumarill, L50, F|\n|poke|p2|Maushold-Four, L50|\n|teampreview|3\n|\n|t:|1776643635\n|teamsize|p1|3\n|teamsize|p2|3\n|start\n|switch|p1a: Rotom-Miss|Rotom-Wash, L50|100/100\n|switch|p2a: Scovillain|Scovillain, L50, M, shiny|100/100\n|turn|1\n|\n|t:|1776643651\n|detailschange|p2a: Scovillain|Scovillain-Mega, L50, M, shiny\n|-mega|p2a: Scovillain|Scovillain|Scovillainite\n|move|p1a: Rotom-Miss|Hydro Pump|p2a: Scovillain\n|-damage|p2a: Scovillain|52/100\n|-status|p1a: Rotom-Miss|brn|[from] ability: Spicy Spray|[of] p2a: Scovillain\n|move|p2a: Scovillain|Leech Seed|p1a: Rotom-Miss\n|-start|p1a: Rotom-Miss|move: Leech Seed\n|\n|-damage|p1a: Rotom-Miss|88/100 brn|[from] Leech Seed|[of] p2a: Scovillain\n|-heal|p2a: Scovillain|63/100|[silent]\n|-damage|p1a: Rotom-Miss|83/100 brn|[from] brn\n|upkeep\n|turn|2\n|\n|t:|1776643665\n|move|p1a: Rotom-Miss|Volt Switch|p2a: Scovillain\n|-resisted|p2a: Scovillain|1\n|-damage|p2a: Scovillain|48/100\n|\n|t:|1776643679\n|switch|p1a: Delphox|Delphox, L50, M|100/100|[from] Volt Switch\n|move|p2a: Scovillain|Giga Drain|p1a: Delphox\n|-resisted|p1a: Delphox|1\n|-damage|p1a: Delphox|81/100\n|-heal|p2a: Scovillain|56/100|[from] drain|[of] p1a: Delphox\n|\n|upkeep\n|turn|3\n|\n|t:|1776643690\n|switch|p2a: Tyranitar|Tyranitar, L50, M|100/100\n|-weather|Sandstorm|[from] ability: Sand Stream|[of] p2a: Tyranitar\n|detailschange|p1a: Delphox|Delphox-Mega, L50, M\n|-mega|p1a: Delphox|Delphox|Delphoxite\n|move|p1a: Delphox|Fire Blast|p2a: Tyranitar\n|-resisted|p2a: Tyranitar|1\n|-damage|p2a: Tyranitar|86/100\n|\n|-weather|Sandstorm|[upkeep]\n|-damage|p1a: Delphox|75/100|[from] Sandstorm\n|-heal|p2a: Tyranitar|92/100|[from] item: Leftovers\n|upkeep\n|turn|4\n|\n|t:|1776643723\n|move|p1a: Delphox|Fire Blast|p2a: Tyranitar\n|-resisted|p2a: Tyranitar|1\n|-damage|p2a: Tyranitar|78/100\n|-status|p2a: Tyranitar|brn\n|move|p2a: Tyranitar|Rock Blast|p1a: Delphox|[miss]\n|-miss|p2a: Tyranitar|p1a: Delphox\n|\n|-weather|Sandstorm|[upkeep]\n|-damage|p1a: Delphox|69/100|[from] Sandstorm\n|-heal|p2a: Tyranitar|84/100 brn|[from] item: Leftovers\n|-damage|p2a: Tyranitar|78/100 brn|[from] brn\n|upkeep\n|turn|5\n|\n|t:|1776643741\n|switch|p1a: Rotom-Miss|Rotom-Wash, L50|83/100 brn\n|move|p2a: Tyranitar|Rock Blast|p1a: Rotom-Miss\n|-damage|p1a: Rotom-Miss|78/100 brn\n|-damage|p1a: Rotom-Miss|73/100 brn\n|-hitcount|p1a: Rotom-Miss|2\n|\n|-weather|Sandstorm|[upkeep]\n|-damage|p1a: Rotom-Miss|67/100 brn|[from] Sandstorm\n|-heal|p2a: Tyranitar|84/100 brn|[from] item: Leftovers\n|-damage|p1a: Rotom-Miss|62/100 brn|[from] brn\n|-damage|p2a: Tyranitar|78/100 brn|[from] brn\n|upkeep\n|turn|6\n|\n|t:|1776643759\n|move|p1a: Rotom-Miss|Hydro Pump|p2a: Tyranitar\n|-supereffective|p2a: Tyranitar|1\n|-damage|p2a: Tyranitar|46/100 brn\n|move|p2a: Tyranitar|Crunch|p1a: Rotom-Miss\n|-damage|p1a: Rotom-Miss|46/100 brn\n|\n|-weather|Sandstorm|[upkeep]\n|-damage|p1a: Rotom-Miss|41/100 brn|[from] Sandstorm\n|-heal|p2a: Tyranitar|52/100 brn|[from] item: Leftovers\n|-damage|p1a: Rotom-Miss|35/100 brn|[from] brn\n|-damage|p2a: Tyranitar|46/100 brn|[from] brn\n|upkeep\n|turn|7\n|\n|t:|1776643771\n|move|p1a: Rotom-Miss|Hydro Pump|p2a: Tyranitar\n|-supereffective|p2a: Tyranitar|1\n|-damage|p2a: Tyranitar|12/100 brn\n|move|p2a: Tyranitar|Crunch|p1a: Rotom-Miss\n|-damage|p1a: Rotom-Miss|20/100 brn\n|\n|-weather|none\n|-heal|p2a: Tyranitar|17/100 brn|[from] item: Leftovers\n|-damage|p1a: Rotom-Miss|14/100 brn|[from] brn\n|-damage|p2a: Tyranitar|12/100 brn|[from] brn\n|upkeep\n|turn|8\n|\n|t:|1776643783\n|switch|p2a: Azumarill|Azumarill, L50, F|100/100\n|move|p1a: Rotom-Miss|Volt Switch|p2a: Azumarill\n|-supereffective|p2a: Azumarill|1\n|-damage|p2a: Azumarill|44/100\n|-enditem|p2a: Azumarill|Sitrus Berry|[eat]\n|-heal|p2a: Azumarill|69/100|[from] item: Sitrus Berry\n|\n|t:|1776643790\n|switch|p1a: Delphox|Delphox-Mega, L50, M|69/100|[from] Volt Switch\n|\n|upkeep\n|turn|9\n|\n|t:|1776643795\n|move|p2a: Azumarill|Aqua Jet|p1a: Delphox\n|-supereffective|p1a: Delphox|1\n|-damage|p1a: Delphox|0 fnt\n|faint|p1a: Delphox\n|\n|upkeep\n|\n|t:|1776643809\n|switch|p1a: Volcarona|Volcarona, L50, F|100/100\n|turn|10\n|\n|t:|1776643813\n|move|p2a: Azumarill|Aqua Jet|p1a: Volcarona\n|-supereffective|p1a: Volcarona|1\n|-damage|p1a: Volcarona|25/100\n|move|p1a: Volcarona|Flamethrower|p2a: Azumarill\n|-resisted|p2a: Azumarill|1\n|-damage|p2a: Azumarill|44/100\n|\n|upkeep\n|turn|11\n|\n|t:|1776643820\n|move|p2a: Azumarill|Aqua Jet|p1a: Volcarona\n|-supereffective|p1a: Volcarona|1\n|-damage|p1a: Volcarona|0 fnt\n|faint|p1a: Volcarona\n|\n|upkeep\n|\n|t:|1776643821\n|switch|p1a: Rotom-Miss|Rotom-Wash, L50|14/100 brn\n|turn|12\n|\n|t:|1776643827\n|move|p2a: Azumarill|Aqua Jet|p1a: Rotom-Miss\n|-resisted|p1a: Rotom-Miss|1\n|-damage|p1a: Rotom-Miss|2/100 brn\n|move|p1a: Rotom-Miss|Pain Split|p2a: Azumarill\n|-sethp|p2a: Azumarill|23/100|[from] move: Pain Split|[silent]\n|-sethp|p1a: Rotom-Miss|30/100 brn|[from] move: Pain Split\n|\n|-damage|p1a: Rotom-Miss|24/100 brn|[from] brn\n|upkeep\n|turn|13\n|\n|t:|1776643852\n|move|p2a: Azumarill|Aqua Jet|p1a: Rotom-Miss\n|-resisted|p1a: Rotom-Miss|1\n|-damage|p1a: Rotom-Miss|14/100 brn\n|move|p1a: Rotom-Miss|Volt Switch|p2a: Azumarill\n|-supereffective|p2a: Azumarill|1\n|-crit|p2a: Azumarill\n|-damage|p2a: Azumarill|0 fnt\n|faint|p2a: Azumarill\n|\n|-damage|p1a: Rotom-Miss|8/100 brn|[from] brn\n|upkeep\n|\n|t:|1776643863\n|switch|p2a: Tyranitar|Tyranitar, L50, M|12/100 brn\n|-weather|Sandstorm|[from] ability: Sand Stream|[of] p2a: Tyranitar\n|turn|14\n|\n|t:|1776643868\n|move|p1a: Rotom-Miss|Hydro Pump|p2a: Tyranitar\n|-supereffective|p2a: Tyranitar|1\n|-damage|p2a: Tyranitar|0 fnt\n|faint|p2a: Tyranitar\n|\n|-weather|Sandstorm|[upkeep]\n|-damage|p1a: Rotom-Miss|2/100 brn|[from] Sandstorm\n|-damage|p1a: Rotom-Miss|0 fnt|[from] brn\n|faint|p1a: Rotom-Miss\n|\n|win|seiyokumazinX\n|raw|qweralt's rating: 1275 &rarr; <strong>1249</strong><br />(-26 for losing)\n|raw|seiyokumazinX's rating: 1260 &rarr; <strong>1286</strong><br />(+26 for winning)\n",
  "uploadtime": 1776643873,
  "views": 1,
  "formatid": "gen9championsbssregma",
  "rating": 1249,
  "private": 0,
  "password": null
}