{
  "id": "gen9championsbssregma-2588004592",
  "format": "[Gen 9 Champions] BSS Reg M-A",
  "players": [
    "joguri",
    "KashesK"
  ],
  "log": "|j|\u2606joguri\n|j|\u2606KashesK\n|t:|1776591677\n|gametype|singles\n|player|p1|joguri|dawn|1157\n|player|p2|KashesK|1|1033\n|gen|9\n|tier|[Gen 9 Champions] BSS Reg M-A\n|rated|\n|rule|Species Clause: Limit one of each Pok\u00e9mon\n|rule|Item Clause: Limit 1 of each item\n|clearpoke\n|poke|p1|Clefable, L50, M|\n|poke|p1|Garchomp, L50, M|\n|poke|p1|Glimmora, L50, M|\n|poke|p1|Lopunny, L50, F|\n|poke|p1|Primarina, L50, F|\n|poke|p1|Corviknight, L50, M|\n|poke|p2|Salazzle, L50, F|\n|poke|p2|Arcanine-Hisui, L50, M|\n|poke|p2|Tauros-Paldea-Blaze, L50, M, shiny|\n|poke|p2|Charizard, L50, M|\n|poke|p2|Infernape, L50, M, shiny|\n|poke|p2|Skeledirge, L50, M|\n|teampreview|3\n|\n|t:|1776591691\n|teamsize|p1|3\n|teamsize|p2|3\n|start\n|switch|p1a: Lopunny|Lopunny, L50, F|100/100\n|switch|p2a: Salazzle|Salazzle, L50, F|100/100\n|turn|1\n|inactive|Battle timer is ON: inactive players will automatically lose when time's up. (requested by joguri)\n|\n|t:|1776591711\n|switch|p2a: Tauros|Tauros-Paldea-Blaze, L50, M, shiny|100/100\n|-ability|p2a: Tauros|Intimidate|boost\n|-unboost|p1a: Lopunny|atk|1\n|move|p1a: Lopunny|Agility|p1a: Lopunny\n|-boost|p1a: Lopunny|spe|2\n|\n|upkeep\n|turn|2\n|\n|t:|1776591720\n|move|p1a: Lopunny|Cotton Guard|p1a: Lopunny\n|-boost|p1a: Lopunny|def|3\n|move|p2a: Tauros|Close Combat|p1a: Lopunny\n|-supereffective|p1a: Lopunny|1\n|-damage|p1a: Lopunny|61/100\n|-unboost|p2a: Tauros|def|1\n|-unboost|p2a: Tauros|spd|1\n|\n|upkeep\n|turn|3\n|\n|t:|1776591733\n|move|p1a: Lopunny|Baton Pass|p1a: Lopunny\n|\n|t:|1776591735\n|switch|p1a: Clefable|Clefable, L50, M|100/100|[from] Baton Pass\n|move|p2a: Tauros|Close Combat|p1a: Clefable\n|-resisted|p1a: Clefable|1\n|-damage|p1a: Clefable|91/100\n|-unboost|p2a: Tauros|def|1\n|-unboost|p2a: Tauros|spd|1\n|\n|upkeep\n|turn|4\n|\n|t:|1776591744\n|switch|p2a: Salazzle|Salazzle, L50, F|100/100\n|move|p1a: Clefable|Calm Mind|p1a: Clefable\n|-boost|p1a: Clefable|spa|1\n|-boost|p1a: Clefable|spd|1\n|\n|upkeep\n|turn|5\n|\n|t:|1776591755\n|move|p2a: Salazzle|Toxic|p1a: Clefable\n|-status|p1a: Clefable|tox\n|move|p1a: Clefable|Calm Mind|p1a: Clefable\n|-boost|p1a: Clefable|spa|1\n|-boost|p1a: Clefable|spd|1\n|\n|-damage|p1a: Clefable|85/100 tox|[from] psn\n|upkeep\n|turn|6\n|\n|t:|1776591764\n|move|p2a: Salazzle|Taunt|p1a: Clefable\n|-start|p1a: Clefable|move: Taunt\n|move|p1a: Clefable|Stored Power|p2a: Salazzle\n|-supereffective|p2a: Salazzle|1\n|-enditem|p2a: Salazzle|Focus Sash\n|-damage|p2a: Salazzle|1/100\n|\n|-damage|p1a: Clefable|73/100 tox|[from] psn\n|upkeep\n|turn|7\n|\n|t:|1776591777\n|move|p2a: Salazzle|Endeavor|p1a: Clefable\n|-damage|p1a: Clefable|1/100 tox\n|move|p1a: Clefable|Stored Power|p2a: Salazzle\n|-supereffective|p2a: Salazzle|1\n|-damage|p2a: Salazzle|0 fnt\n|faint|p2a: Salazzle\n|\n|-damage|p1a: Clefable|0 fnt|[from] psn\n|faint|p1a: Clefable\n|upkeep\n|\n|t:|1776591791\n|switch|p2a: Tauros|Tauros-Paldea-Blaze, L50, M, shiny|100/100\n|switch|p1a: Lopunny|Lopunny, L50, F|61/100\n|-ability|p2a: Tauros|Intimidate|boost\n|-unboost|p1a: Lopunny|atk|1\n|turn|8\n|\n|t:|1776591808\n|switch|p1a: Garchomp|Garchomp, L50, M|100/100\n|move|p2a: Tauros|Wild Charge|p1a: Garchomp\n|-immune|p1a: Garchomp\n|\n|upkeep\n|turn|9\n|\n|t:|1776591821\n|switch|p2a: Charizard|Charizard, L50, M|100/100\n|move|p1a: Garchomp|Rock Slide|p2a: Charizard\n|-supereffective|p2a: Charizard|2\n|-damage|p2a: Charizard|0 fnt\n|faint|p2a: Charizard\n|\n|upkeep\n|\n|t:|1776591825\n|switch|p2a: Tauros|Tauros-Paldea-Blaze, L50, M, shiny|100/100\n|-ability|p2a: Tauros|Intimidate|boost\n|-unboost|p1a: Garchomp|atk|1\n|turn|10\n|\n|t:|1776591832\n|switch|p1a: Lopunny|Lopunny, L50, F|61/100\n|move|p2a: Tauros|Outrage|p1a: Lopunny\n|-damage|p1a: Lopunny|19/100\n|\n|upkeep\n|turn|11\n|\n|t:|1776591843\n|move|p2a: Tauros|Outrage|p1a: Lopunny|[from] lockedmove\n|-damage|p1a: Lopunny|0 fnt\n|faint|p1a: Lopunny\n|\n|upkeep\n|\n|t:|1776591848\n|switch|p1a: Garchomp|Garchomp, L50, M|100/100\n|turn|12\n|\n|t:|1776591855\n|move|p1a: Garchomp|Earthquake|p2a: Tauros\n|-supereffective|p2a: Tauros|1\n|-damage|p2a: Tauros|0 fnt\n|faint|p2a: Tauros\n|\n|win|joguri\n|raw|joguri's rating: 1157 &rarr; <strong>1173</strong><br />(+16 for winning)\n|raw|KashesK's rating: 1033 &rarr; <strong>1023</strong><br />(-10 for losing)\n|l|\u2606KashesK\n|player|p2|\n",
  "uploadtime": 1776591859,
  "views": 3,
  "formatid": "gen9championsbssregma",
  "rating": 1023,
  "private": 0,
  "password": null
}