{
  "id": "gen9championsbssregma-2580942797",
  "format": "[Gen 9 Champions] BSS Reg M-A",
  "players": [
    "phifth",
    "AndreHero007"
  ],
  "log": "|j|\u2606phifth\n|j|\u2606AndreHero007\n|t:|1775945346\n|gametype|singles\n|player|p1|phifth|rosa|1100\n|player|p2|AndreHero007|102|1006\n|gen|9\n|tier|[Gen 9 Champions] BSS Reg M-A\n|rated|\n|rule|Species Clause: Limit one of each Pok\u00e9mon\n|rule|Item Clause: Limit 1 of each item\n|clearpoke\n|poke|p1|Clefable, L50, M|\n|poke|p1|Gengar, L50, M|\n|poke|p1|Espeon, L50, M|\n|poke|p1|Gliscor, L50, M|\n|poke|p1|Espathra, L50, M|\n|poke|p1|Sneasler, L50, M|\n|poke|p2|Charizard, L50, M|\n|poke|p2|Lopunny, L50, F|\n|poke|p2|Raichu, L50, M|\n|poke|p2|Feraligatr, L50, M|\n|poke|p2|Aggron, L50, M|\n|poke|p2|Goodra, L50, M|\n|teampreview|3\n|\n|t:|1775945403\n|teamsize|p1|3\n|teamsize|p2|3\n|start\n|switch|p1a: Gliscor|Gliscor, L50, M|100/100\n|switch|p2a: Aggron|Aggron, L50, M|100/100\n|turn|1\n|\n|t:|1775945451\n|move|p1a: Gliscor|Spikes|p2a: Aggron\n|-sidestart|p2: AndreHero007|Spikes\n|move|p2a: Aggron|Head Smash|p1a: Gliscor\n|-damage|p1a: Gliscor|62/100\n|\n|upkeep\n|turn|2\n|\n|t:|1775945472\n|move|p1a: Gliscor|Earthquake|p2a: Aggron\n|-supereffective|p2a: Aggron|2\n|-damage|p2a: Aggron|30/100\n|move|p2a: Aggron|Stealth Rock|p1a: Gliscor\n|-sidestart|p1: phifth|move: Stealth Rock\n|\n|-heal|p2a: Aggron|36/100|[from] item: Leftovers\n|upkeep\n|turn|3\n|\n|t:|1775945519\n|switch|p2a: Goodra|Goodra, L50, M, shiny|100/100\n|-damage|p2a: Goodra|88/100|[from] Spikes\n|move|p1a: Gliscor|Knock Off|p2a: Goodra\n|-damage|p2a: Goodra|60/100\n|-enditem|p2a: Goodra|Scope Lens|[from] move: Knock Off|[of] p1a: Gliscor\n|\n|upkeep\n|turn|4\n|\n|t:|1775945559\n|move|p2a: Goodra|Flamethrower|p1a: Gliscor\n|-damage|p1a: Gliscor|35/100\n|-enditem|p1a: Gliscor|Sitrus Berry|[eat]\n|-heal|p1a: Gliscor|59/100|[from] item: Sitrus Berry\n|move|p1a: Gliscor|Earthquake|p2a: Goodra\n|-damage|p2a: Goodra|17/100\n|\n|upkeep\n|turn|5\n|\n|t:|1775945588\n|move|p2a: Goodra|Draco Meteor|p1a: Gliscor\n|-damage|p1a: Gliscor|0 fnt\n|-unboost|p2a: Goodra|spa|2\n|faint|p1a: Gliscor\n|\n|upkeep\n|\n|t:|1775945594\n|switch|p1a: Espathra|Espathra, L50, M|100/100\n|-damage|p1a: Espathra|88/100|[from] Stealth Rock\n|turn|6\n|\n|t:|1775945600\n|move|p1a: Espathra|Calm Mind|p1a: Espathra\n|-boost|p1a: Espathra|spa|1\n|-boost|p1a: Espathra|spd|1\n|move|p2a: Goodra|Toxic|p1a: Espathra\n|-status|p1a: Espathra|tox\n|\n|-damage|p1a: Espathra|82/100 tox|[from] psn\n|-ability|p1a: Espathra|Speed Boost|boost\n|-boost|p1a: Espathra|spe|1\n|upkeep\n|turn|7\n|c|\u2606phifth|what is this goodra set\n|\n|t:|1775945627\n|move|p2a: Goodra|Protect|p2a: Goodra\n|-singleturn|p2a: Goodra|Protect\n|move|p1a: Espathra|Calm Mind|p1a: Espathra\n|-boost|p1a: Espathra|spa|1\n|-boost|p1a: Espathra|spd|1\n|\n|-damage|p1a: Espathra|70/100 tox|[from] psn\n|-ability|p1a: Espathra|Speed Boost|boost\n|-boost|p1a: Espathra|spe|1\n|upkeep\n|turn|8\n|\n|t:|1775945637\n|move|p2a: Goodra|Protect|p2a: Goodra\n|-singleturn|p2a: Goodra|Protect\n|move|p1a: Espathra|Calm Mind|p1a: Espathra\n|-boost|p1a: Espathra|spa|1\n|-boost|p1a: Espathra|spd|1\n|\n|-damage|p1a: Espathra|52/100 tox|[from] psn\n|-ability|p1a: Espathra|Speed Boost|boost\n|-boost|p1a: Espathra|spe|1\n|upkeep\n|turn|9\n|\n|t:|1775945648\n|move|p1a: Espathra|Baton Pass|p1a: Espathra\n|\n|t:|1775945650\n|switch|p1a: Clefable|Clefable, L50, M|100/100|[from] Baton Pass\n|move|p2a: Goodra|Flamethrower|p1a: Clefable\n|-damage|p1a: Clefable|95/100\n|\n|upkeep\n|turn|10\n|\n|t:|1775945675\n|move|p1a: Clefable|Cosmic Power|p1a: Clefable\n|-boost|p1a: Clefable|def|1\n|-boost|p1a: Clefable|spd|1\n|move|p2a: Goodra|Toxic|p1a: Clefable\n|-status|p1a: Clefable|tox\n|\n|upkeep\n|turn|11\n|\n|t:|1775945686\n|move|p2a: Goodra|Protect|p2a: Goodra\n|-singleturn|p2a: Goodra|Protect\n|move|p1a: Clefable|Cosmic Power|p1a: Clefable\n|-boost|p1a: Clefable|def|1\n|-boost|p1a: Clefable|spd|1\n|\n|upkeep\n|turn|12\n|\n|t:|1775945696\n|move|p2a: Goodra|Protect|p2a: Goodra\n|-singleturn|p2a: Goodra|Protect\n|move|p1a: Clefable|Cosmic Power|p1a: Clefable\n|-boost|p1a: Clefable|def|1\n|-boost|p1a: Clefable|spd|1\n|\n|upkeep\n|turn|13\n|\n|t:|1775945732\n|switch|p2a: Lopunny|Lopunny, L50, F, shiny|100/100\n|-damage|p2a: Lopunny|88/100|[from] Spikes\n|move|p1a: Clefable|Moonblast|p2a: Lopunny\n|-damage|p2a: Lopunny|0 fnt\n|faint|p2a: Lopunny\n|\n|upkeep\n|-message|AndreHero007 forfeited.\n|\n|win|phifth\n|raw|phifth's rating: 1100 &rarr; <strong>1118</strong><br />(+18 for winning)\n|raw|AndreHero007's rating: 1006 &rarr; <strong>1000</strong><br />(-6 for losing)\n|l|\u2606AndreHero007\n|player|p2|\n",
  "uploadtime": 1775945747,
  "views": 24,
  "formatid": "gen9championsbssregma",
  "rating": 1000,
  "private": 0,
  "password": null
}