{
  "id": "gen9championsbssregma-2580710268",
  "format": "[Gen 9 Champions] BSS Reg M-A",
  "players": [
    "borbo468",
    "Meteorplayz_"
  ],
  "log": "|j|\u2606borbo468\n|j|\u2606Meteorplayz_\n|t:|1775926176\n|gametype|singles\n|player|p1|borbo468|hiker|1000\n|player|p2|Meteorplayz_|winona-gen6|1046\n|gen|9\n|tier|[Gen 9 Champions] BSS Reg M-A\n|rated|\n|rule|Species Clause: Limit one of each Pok\u00e9mon\n|rule|Item Clause: Limit 1 of each item\n|clearpoke\n|poke|p1|Ampharos, L50, M|\n|poke|p1|Vaporeon, L50, M|\n|poke|p1|Corviknight, L50, M|\n|poke|p1|Garchomp, L50, M|\n|poke|p1|Meowscarada, L50, M|\n|poke|p1|Camerupt, L50, M|\n|poke|p2|Meowscarada, L50, M|\n|poke|p2|Milotic, L50, F|\n|poke|p2|Aegislash, L50, M|\n|poke|p2|Dragonite, L50, F|\n|poke|p2|Slowking-Galar, L50, F|\n|poke|p2|Lopunny, L50, M|\n|teampreview|3\n|\n|t:|1775926214\n|teamsize|p1|3\n|teamsize|p2|3\n|start\n|switch|p1a: Meowscarada|Meowscarada, L50, M|100/100\n|switch|p2a: Dragonite|Dragonite, L50, F|100/100\n|turn|1\n|\n|t:|1775926228\n|switch|p2a: Lopunny|Lopunny, L50, M|100/100\n|move|p1a: Meowscarada|Triple Axel|p2a: Lopunny\n|-damage|p2a: Lopunny|91/100\n|-damage|p2a: Lopunny|73/100\n|-damage|p2a: Lopunny|44/100\n|-hitcount|p2a: Lopunny|3\n|\n|upkeep\n|turn|2\n|\n|t:|1775926251\n|switch|p1a: Vaporeon|Vaporeon, L50, M|100/100\n|detailschange|p2a: Lopunny|Lopunny-Mega, L50, M\n|-mega|p2a: Lopunny|Lopunny|Lopunnite\n|move|p2a: Lopunny|Fake Out|p1a: Vaporeon\n|-damage|p1a: Vaporeon|84/100\n|\n|-heal|p1a: Vaporeon|90/100|[from] item: Leftovers\n|upkeep\n|turn|3\n|\n|t:|1775926270\n|move|p2a: Lopunny|U-turn|p1a: Vaporeon\n|-damage|p1a: Vaporeon|71/100\n|\n|t:|1775926273\n|switch|p2a: Meowscarada|Meowscarada, L50, M|100/100|[from] U-turn\n|move|p1a: Vaporeon|Flip Turn|p2a: Meowscarada\n|-resisted|p2a: Meowscarada|1\n|-damage|p2a: Meowscarada|91/100\n|\n|t:|1775926289\n|switch|p1a: Ampharos|Ampharos, L50, M|100/100|[from] Flip Turn\n|\n|upkeep\n|turn|4\n|\n|t:|1775926308\n|detailschange|p1a: Ampharos|Ampharos-Mega, L50, M\n|-mega|p1a: Ampharos|Ampharos|Ampharosite\n|-ability|p1a: Ampharos|Mold Breaker\n|move|p2a: Meowscarada|Flower Trick|p1a: Ampharos\n|-start|p2a: Meowscarada|typechange|Grass|[from] ability: Protean\n|-resisted|p1a: Ampharos|1\n|-crit|p1a: Ampharos\n|-damage|p1a: Ampharos|79/100\n|move|p1a: Ampharos|Focus Blast|p2a: Meowscarada\n|-damage|p2a: Meowscarada|7/100\n|\n|upkeep\n|turn|5\n|\n|t:|1775926320\n|move|p2a: Meowscarada|Flower Trick|p1a: Ampharos\n|-resisted|p1a: Ampharos|1\n|-crit|p1a: Ampharos\n|-damage|p1a: Ampharos|54/100\n|move|p1a: Ampharos|Volt Switch|p2a: Meowscarada\n|-resisted|p2a: Meowscarada|1\n|-damage|p2a: Meowscarada|0 fnt\n|faint|p2a: Meowscarada\n|\n|t:|1775926331\n|switch|p1a: Vaporeon|Vaporeon, L50, M|71/100|[from] Volt Switch\n|\n|-heal|p1a: Vaporeon|77/100|[from] item: Leftovers\n|upkeep\n|\n|t:|1775926344\n|switch|p2a: Dragonite|Dragonite, L50, F|100/100\n|turn|6\n|\n|t:|1775926356\n|move|p2a: Dragonite|Dragon Dance|p2a: Dragonite\n|-boost|p2a: Dragonite|atk|1\n|-boost|p2a: Dragonite|spe|1\n|move|p1a: Vaporeon|Flip Turn|p2a: Dragonite\n|-resisted|p2a: Dragonite|1\n|-damage|p2a: Dragonite|96/100\n|\n|t:|1775926362\n|switch|p1a: Meowscarada|Meowscarada, L50, M|100/100|[from] Flip Turn\n|\n|upkeep\n|turn|7\n|\n|t:|1775926369\n|move|p2a: Dragonite|Brick Break|p1a: Meowscarada\n|-supereffective|p1a: Meowscarada|1\n|-enditem|p1a: Meowscarada|Focus Sash\n|-damage|p1a: Meowscarada|1/100\n|move|p1a: Meowscarada|Triple Axel|p2a: Dragonite\n|-supereffective|p2a: Dragonite|2\n|-damage|p2a: Dragonite|67/100\n|-supereffective|p2a: Dragonite|2\n|-damage|p2a: Dragonite|12/100\n|-enditem|p2a: Dragonite|Sitrus Berry|[eat]\n|-heal|p2a: Dragonite|37/100|[from] item: Sitrus Berry\n|-supereffective|p2a: Dragonite|2\n|-damage|p2a: Dragonite|0 fnt\n|faint|p2a: Dragonite\n|-hitcount|p2: Dragonite|3\n|\n|upkeep\n|\n|t:|1775926376\n|switch|p2a: Lopunny|Lopunny-Mega, L50, M|44/100\n|turn|8\n|\n|t:|1775926389\n|move|p2a: Lopunny|Fake Out|p1a: Meowscarada\n|-damage|p1a: Meowscarada|0 fnt\n|faint|p1a: Meowscarada\n|\n|upkeep\n|\n|t:|1775926399\n|switch|p1a: Vaporeon|Vaporeon, L50, M|77/100\n|turn|9\n|\n|t:|1775926404\n|move|p2a: Lopunny|Close Combat|p1a: Vaporeon\n|-damage|p1a: Vaporeon|27/100\n|-unboost|p2a: Lopunny|def|1\n|-unboost|p2a: Lopunny|spd|1\n|move|p1a: Vaporeon|Wish|p1a: Vaporeon\n|\n|-heal|p1a: Vaporeon|33/100|[from] item: Leftovers\n|upkeep\n|turn|10\n|\n|t:|1775926427\n|move|p1a: Vaporeon|Protect|p1a: Vaporeon\n|-singleturn|p1a: Vaporeon|Protect\n|move|p2a: Lopunny|Close Combat|p1a: Vaporeon\n|-activate|p1a: Vaporeon|move: Protect\n|\n|-heal|p1a: Vaporeon|82/100|[from] move: Wish|[wisher] Vaporeon\n|-heal|p1a: Vaporeon|88/100|[from] item: Leftovers\n|upkeep\n|turn|11\n|\n|t:|1775926445\n|move|p2a: Lopunny|Close Combat|p1a: Vaporeon\n|-damage|p1a: Vaporeon|40/100\n|-unboost|p2a: Lopunny|def|1\n|-unboost|p2a: Lopunny|spd|1\n|move|p1a: Vaporeon|Scald|p2a: Lopunny\n|-damage|p2a: Lopunny|0 fnt\n|faint|p2a: Lopunny\n|\n|win|borbo468\n|raw|borbo468's rating: 1000 &rarr; <strong>1045</strong><br />(+45 for winning)\n|raw|Meteorplayz_'s rating: 1046 &rarr; <strong>1027</strong><br />(-19 for losing)\n",
  "uploadtime": 1775926445,
  "views": 14,
  "formatid": "gen9championsbssregma",
  "rating": 1027,
  "private": 0,
  "password": null
}