{
  "id": "gen9championsbssregma-2584370474",
  "format": "[Gen 9 Champions] BSS Reg M-A",
  "players": [
    "ploknessterio",
    "fletchyfletchy"
  ],
  "log": "|j|\u2606ploknessterio\n|j|\u2606fletchyfletchy\n|t:|1776255674\n|gametype|singles\n|player|p1|ploknessterio|102|1130\n|player|p2|fletchyfletchy|liko|1178\n|gen|9\n|tier|[Gen 9 Champions] BSS Reg M-A\n|rated|\n|rule|Species Clause: Limit one of each Pok\u00e9mon\n|rule|Item Clause: Limit 1 of each item\n|clearpoke\n|poke|p1|Sharpedo, L50, M|\n|poke|p1|Arcanine-Hisui, L50, M|\n|poke|p1|Venusaur, L50, F|\n|poke|p1|Mimikyu, L50, F|\n|poke|p1|Corviknight, L50, M|\n|poke|p1|Garchomp, L50, M|\n|poke|p2|Lopunny, L50, M|\n|poke|p2|Basculegion, L50, M|\n|poke|p2|Meowscarada, L50, F|\n|poke|p2|Aegislash, L50, F|\n|poke|p2|Charizard, L50, F|\n|poke|p2|Ninetales-Alola, L50, F|\n|teampreview|3\n|inactive|Battle timer is ON: inactive players will automatically lose when time's up. (requested by ploknessterio)\n|inactive|ploknessterio has 60 seconds left.\n|\n|t:|1776255710\n|teamsize|p1|3\n|teamsize|p2|3\n|start\n|switch|p1a: Scoobs|Arcanine-Hisui, L50, M, shiny|100/100\n|switch|p2a: Lopunny|Lopunny, L50, M|100/100\n|turn|1\n|\n|t:|1776255720\n|switch|p1a: Raggy|Mimikyu, L50, F|100/100\n|detailschange|p2a: Lopunny|Lopunny-Mega, L50, M\n|-mega|p2a: Lopunny|Lopunny|Lopunnite\n|move|p2a: Lopunny|Fake Out|p1a: Raggy\n|-activate|p1a: Raggy|ability: Disguise\n|-damage|p1a: Raggy|100/100\n|detailschange|p1a: Raggy|Mimikyu-Busted, L50, F\n|-damage|p1a: Raggy|88/100|[from] pokemon: Mimikyu-Busted\n|\n|upkeep\n|turn|2\n|\n|t:|1776255742\n|switch|p2a: Aegislash|Aegislash, L50, F|100/100\n|move|p1a: Raggy|Play Rough|p2a: Aegislash|[miss]\n|-miss|p1a: Raggy|p2a: Aegislash\n|\n|upkeep\n|turn|3\n|\n|t:|1776255751\n|move|p1a: Raggy|Shadow Claw|p2a: Aegislash\n|-supereffective|p2a: Aegislash|1\n|-damage|p2a: Aegislash|47/100\n|-formechange|p2a: Aegislash|Aegislash-Blade|\n|move|p2a: Aegislash|Iron Head|p1a: Raggy\n|-supereffective|p1a: Raggy|1\n|-damage|p1a: Raggy|0 fnt\n|faint|p1a: Raggy\n|\n|-heal|p2a: Aegislash|53/100|[from] item: Leftovers\n|upkeep\n|\n|t:|1776255757\n|switch|p1a: Scoobs|Arcanine-Hisui, L50, M, shiny|100/100\n|turn|4\n|\n|t:|1776255770\n|switch|p2a: Lopunny|Lopunny-Mega, L50, M|100/100\n|move|p1a: Scoobs|Flare Blitz|p2a: Lopunny\n|-damage|p2a: Lopunny|24/100\n|-status|p2a: Lopunny|brn\n|\n|-damage|p2a: Lopunny|19/100 brn|[from] brn\n|upkeep\n|turn|5\n|\n|t:|1776255781\n|move|p2a: Lopunny|Fake Out|p1a: Scoobs\n|-resisted|p1a: Scoobs|1\n|-damage|p1a: Scoobs|94/100\n|cant|p1a: Scoobs|flinch\n|\n|-damage|p2a: Lopunny|13/100 brn|[from] brn\n|upkeep\n|turn|6\n|\n|t:|1776255787\n|move|p1a: Scoobs|Extreme Speed|p2a: Lopunny\n|-damage|p2a: Lopunny|0 fnt\n|faint|p2a: Lopunny\n|\n|upkeep\n|\n|t:|1776255791\n|switch|p2a: Basculegion|Basculegion, L50, M|100/100\n|turn|7\n|\n|t:|1776255796\n|move|p2a: Basculegion|Flip Turn|p1a: Scoobs\n|-supereffective|p1a: Scoobs|2\n|-damage|p1a: Scoobs|0 fnt\n|faint|p1a: Scoobs\n|\n|t:|1776255800\n|switch|p2a: Aegislash|Aegislash, L50, F|53/100|[from] Flip Turn\n|\n|-heal|p2a: Aegislash|59/100|[from] item: Leftovers\n|upkeep\n|\n|t:|1776255803\n|switch|p1a: Blackbread|Sharpedo, L50, M|100/100\n|turn|8\n|\n|t:|1776255809\n|move|p1a: Blackbread|Crunch|p2a: Aegislash\n|-supereffective|p2a: Aegislash|1\n|-damage|p2a: Aegislash|0 fnt\n|faint|p2a: Aegislash\n|\n|-ability|p1a: Blackbread|Speed Boost|boost\n|-boost|p1a: Blackbread|spe|1\n|upkeep\n|\n|t:|1776255812\n|switch|p2a: Basculegion|Basculegion, L50, M|100/100\n|turn|9\n|\n|t:|1776255817\n|detailschange|p1a: Blackbread|Sharpedo-Mega, L50, M\n|-mega|p1a: Blackbread|Sharpedo|Sharpedonite\n|move|p1a: Blackbread|Crunch|p2a: Basculegion\n|-supereffective|p2a: Basculegion|1\n|-crit|p2a: Basculegion\n|-damage|p2a: Basculegion|0 fnt\n|faint|p2a: Basculegion\n|\n|win|ploknessterio\n|raw|ploknessterio's rating: 1130 &rarr; <strong>1158</strong><br />(+28 for winning)\n|raw|fletchyfletchy's rating: 1178 &rarr; <strong>1150</strong><br />(-28 for losing)\n",
  "uploadtime": 1776255818,
  "views": 2,
  "formatid": "gen9championsbssregma",
  "rating": 1150,
  "private": 0,
  "password": null
}