{
  "id": "gen9championsbssregma-2582278161",
  "format": "[Gen 9 Champions] BSS Reg M-A",
  "players": [
    "thorgalaeg7",
    "388737dgtgt"
  ],
  "log": "|j|\u2606thorgalaeg7\n|j|\u2606388737dgtgt\n|t:|1776079084\n|gametype|singles\n|player|p1|thorgalaeg7|2|1127\n|player|p2|388737dgtgt|1|1125\n|gen|9\n|tier|[Gen 9 Champions] BSS Reg M-A\n|rated|\n|rule|Species Clause: Limit one of each Pok\u00e9mon\n|rule|Item Clause: Limit 1 of each item\n|clearpoke\n|poke|p1|Greninja-*, L50, F|\n|poke|p1|Dragapult, L50, M|\n|poke|p1|Azumarill, L50, F|\n|poke|p1|Archaludon, L50, M|\n|poke|p1|Kingambit, L50, F|\n|poke|p1|Charizard, L50, M|\n|poke|p2|Lucario, L50, M|\n|poke|p2|Conkeldurr, L50, M|\n|poke|p2|Scizor, L50, F|\n|poke|p2|Tyranitar, L50, M|\n|poke|p2|Starmie, L50|\n|poke|p2|Ninetales-Alola, L50, F|\n|teampreview|3\n|j| p74\n|inactive|Battle timer is ON: inactive players will automatically lose when time's up. (requested by 388737dgtgt)\n|\n|t:|1776079122\n|teamsize|p1|3\n|teamsize|p2|3\n|start\n|switch|p1a: Archaludon|Archaludon, L50, M|100/100\n|switch|p2a: Ninetales|Ninetales-Alola, L50, F|100/100\n|-weather|Snowscape|[from] ability: Snow Warning|[of] p2a: Ninetales\n|turn|1\n|\n|t:|1776079131\n|move|p2a: Ninetales|Aurora Veil|p2a: Ninetales\n|-sidestart|p2: 388737dgtgt|move: Aurora Veil\n|move|p1a: Archaludon|Flash Cannon|p2a: Ninetales\n|-supereffective|p2a: Ninetales|2\n|-damage|p2a: Ninetales|24/100\n|-unboost|p2a: Ninetales|spd|1\n|\n|-weather|Snowscape|[upkeep]\n|-heal|p2a: Ninetales|30/100|[from] item: Leftovers\n|upkeep\n|turn|2\n|inactive|388737dgtgt has 30 seconds left.\n|\n|t:|1776079158\n|move|p2a: Ninetales|Encore|p1a: Archaludon\n|-start|p1a: Archaludon|Encore\n|move|p1a: Archaludon|Flash Cannon|p2a: Ninetales\n|-supereffective|p2a: Ninetales|2\n|-damage|p2a: Ninetales|0 fnt\n|faint|p2a: Ninetales\n|\n|-weather|Snowscape|[upkeep]\n|upkeep\n|\n|t:|1776079160\n|switch|p2a: Starmie|Starmie, L50|100/100\n|turn|3\n|\n|t:|1776079167\n|switch|p1a: Dragapult|Dragapult, L50, M|100/100\n|detailschange|p2a: Starmie|Starmie-Mega, L50\n|-mega|p2a: Starmie|Starmie|Starminite\n|move|p2a: Starmie|Bulk Up|p2a: Starmie\n|-boost|p2a: Starmie|atk|1\n|-boost|p2a: Starmie|def|1\n|\n|-weather|Snowscape|[upkeep]\n|upkeep\n|turn|4\n|\n|t:|1776079176\n|move|p1a: Dragapult|Dragon Darts|p2a: Starmie\n|-crit|p2a: Starmie\n|-damage|p2a: Starmie|59/100\n|-anim|p1a: Dragapult|Dragon Darts|p2a: Starmie\n|-crit|p2a: Starmie\n|-damage|p2a: Starmie|10/100\n|move|p2a: Starmie|Ice Spinner|p1a: Dragapult\n|-supereffective|p1a: Dragapult|1\n|-enditem|p1a: Dragapult|Focus Sash\n|-damage|p1a: Dragapult|1/100\n|\n|-weather|Snowscape|[upkeep]\n|upkeep\n|turn|5\n|\n|t:|1776079184\n|move|p2a: Starmie|Aqua Jet|p1a: Dragapult\n|-resisted|p1a: Dragapult|1\n|-damage|p1a: Dragapult|0 fnt\n|faint|p1a: Dragapult\n|\n|-weather|none\n|-sideend|p2: 388737dgtgt|move: Aurora Veil\n|upkeep\n|\n|t:|1776079196\n|switch|p1a: Archaludon|Archaludon, L50, M|100/100\n|turn|6\n|\n|t:|1776079199\n|switch|p2a: Tyranitar|Tyranitar, L50, M|100/100\n|-weather|Sandstorm|[from] ability: Sand Stream|[of] p2a: Tyranitar\n|move|p1a: Archaludon|Flash Cannon|p2a: Tyranitar\n|-supereffective|p2a: Tyranitar|1\n|-damage|p2a: Tyranitar|60/100\n|\n|-weather|Sandstorm|[upkeep]\n|upkeep\n|turn|7\n|\n|t:|1776079206\n|move|p1a: Archaludon|Flash Cannon|p2a: Tyranitar\n|-supereffective|p2a: Tyranitar|1\n|-damage|p2a: Tyranitar|16/100\n|move|p2a: Tyranitar|Body Press|p1a: Archaludon\n|-supereffective|p1a: Archaludon|1\n|-damage|p1a: Archaludon|58/100\n|\n|-weather|Sandstorm|[upkeep]\n|upkeep\n|turn|8\n|-message|388737dgtgt forfeited.\n|\n|win|thorgalaeg7\n|raw|thorgalaeg7's rating: 1127 &rarr; <strong>1152</strong><br />(+25 for winning)\n|raw|388737dgtgt's rating: 1125 &rarr; <strong>1100</strong><br />(-25 for losing)\n|l|\u2606388737dgtgt\n|player|p2|\n|l|\u2606thorgalaeg7\n|player|p1|\n",
  "uploadtime": 1776079238,
  "views": 8,
  "formatid": "gen9championsbssregma",
  "rating": 1100,
  "private": 0,
  "password": null
}