{
  "id": "gen9championsbssregma-2582222820",
  "format": "[Gen 9 Champions] BSS Reg M-A",
  "players": [
    "xaxaxaxaxxxxxxx",
    "Delibird Heart"
  ],
  "log": "|j|\u2606xaxaxaxaxxxxxxx\n|j|\u2606Delibird Heart\n|t:|1776073102\n|gametype|singles\n|player|p1|xaxaxaxaxxxxxxx|101|1145\n|player|p2|Delibird Heart|#omclihearttakers|1228\n|gen|9\n|tier|[Gen 9 Champions] BSS Reg M-A\n|rated|\n|rule|Species Clause: Limit one of each Pok\u00e9mon\n|rule|Item Clause: Limit 1 of each item\n|clearpoke\n|poke|p1|Espathra, L50, M|\n|poke|p1|Clefable, L50, M|\n|poke|p1|Corviknight, L50, F|\n|poke|p1|Skeledirge, L50, F|\n|poke|p1|Dragonite, L50, M|\n|poke|p1|Basculegion, L50, M|\n|poke|p2|Abomasnow, L50, F|\n|poke|p2|Mr. Rime, L50, M|\n|poke|p2|Blastoise, L50, F|\n|poke|p2|Volcarona, L50, F|\n|poke|p2|Kingambit, L50, F|\n|poke|p2|Basculegion, L50, M|\n|teampreview|3\n|inactive|Battle timer is ON: inactive players will automatically lose when time's up. (requested by Delibird Heart)\n|inactive|Delibird Heart has 60 seconds left.\n|inactive|Delibird Heart has 30 seconds left.\n|\n|t:|1776073165\n|teamsize|p1|3\n|teamsize|p2|3\n|start\n|switch|p1a: Espathra|Espathra, L50, M|100/100\n|switch|p2a: Kingambit|Kingambit, L50, F|100/100\n|turn|1\n|\n|t:|1776073175\n|move|p1a: Espathra|Calm Mind|p1a: Espathra\n|-boost|p1a: Espathra|spa|1\n|-boost|p1a: Espathra|spd|1\n|move|p2a: Kingambit|Swords Dance|p2a: Kingambit\n|-boost|p2a: Kingambit|atk|2\n|\n|-ability|p1a: Espathra|Speed Boost|boost\n|-boost|p1a: Espathra|spe|1\n|upkeep\n|turn|2\n|\n|t:|1776073196\n|move|p1a: Espathra|Calm Mind|p1a: Espathra\n|-boost|p1a: Espathra|spa|1\n|-boost|p1a: Espathra|spd|1\n|move|p2a: Kingambit|Kowtow Cleave|p1a: Espathra\n|-supereffective|p1a: Espathra|1\n|-enditem|p1a: Espathra|Focus Sash\n|-damage|p1a: Espathra|1/100\n|\n|-ability|p1a: Espathra|Speed Boost|boost\n|-boost|p1a: Espathra|spe|1\n|upkeep\n|turn|3\n|\n|t:|1776073207\n|move|p1a: Espathra|Baton Pass|p1a: Espathra\n|\n|t:|1776073208\n|switch|p1a: Skeledirge|Skeledirge, L50, F|100/100|[from] Baton Pass\n|move|p2a: Kingambit|Kowtow Cleave|p1a: Skeledirge\n|-supereffective|p1a: Skeledirge|1\n|-damage|p1a: Skeledirge|27/100\n|-enditem|p1a: Skeledirge|Sitrus Berry|[eat]\n|-heal|p1a: Skeledirge|51/100|[from] item: Sitrus Berry\n|\n|upkeep\n|turn|4\n|\n|t:|1776073222\n|move|p1a: Skeledirge|Will-O-Wisp|p2a: Kingambit\n|-status|p2a: Kingambit|brn\n|move|p2a: Kingambit|Kowtow Cleave|p1a: Skeledirge\n|-supereffective|p1a: Skeledirge|1\n|-damage|p1a: Skeledirge|11/100\n|\n|-damage|p2a: Kingambit|95/100 brn|[from] brn\n|upkeep\n|turn|5\n|\n|t:|1776073239\n|move|p1a: Skeledirge|Slack Off|p1a: Skeledirge\n|-heal|p1a: Skeledirge|61/100\n|move|p2a: Kingambit|Kowtow Cleave|p1a: Skeledirge\n|-supereffective|p1a: Skeledirge|1\n|-damage|p1a: Skeledirge|21/100\n|\n|-damage|p2a: Kingambit|89/100 brn|[from] brn\n|upkeep\n|turn|6\n|\n|t:|1776073248\n|-end|p2a: Kingambit|fallenundefined|[silent]\n|switch|p2a: Basculegion|Basculegion, L50, M|100/100\n|move|p1a: Skeledirge|Slack Off|p1a: Skeledirge\n|-heal|p1a: Skeledirge|72/100\n|\n|upkeep\n|turn|7\n|\n|t:|1776073259\n|move|p2a: Basculegion|Wave Crash|p1a: Skeledirge\n|-supereffective|p1a: Skeledirge|1\n|-damage|p1a: Skeledirge|0 fnt\n|faint|p1a: Skeledirge\n|-damage|p2a: Basculegion|75/100|[from] Recoil\n|\n|upkeep\n|\n|t:|1776073269\n|switch|p1a: Espathra|Espathra, L50, M|1/100\n|turn|8\n|\n|t:|1776073273\n|move|p1a: Espathra|Protect|p1a: Espathra\n|-singleturn|p1a: Espathra|Protect\n|move|p2a: Basculegion|Wave Crash|p1a: Espathra\n|-activate|p1a: Espathra|move: Protect\n|\n|-ability|p1a: Espathra|Speed Boost|boost\n|-boost|p1a: Espathra|spe|1\n|upkeep\n|turn|9\n|\n|t:|1776073283\n|move|p1a: Espathra|Baton Pass|p1a: Espathra\n|\n|t:|1776073284\n|switch|p1a: Dragonite|Dragonite, L50, M|100/100|[from] Baton Pass\n|move|p2a: Basculegion|Wave Crash|p1a: Dragonite\n|-resisted|p1a: Dragonite|1\n|-damage|p1a: Dragonite|84/100\n|-damage|p2a: Basculegion|69/100|[from] Recoil\n|\n|upkeep\n|turn|10\n|\n|t:|1776073300\n|switch|p2a: Mr. Rime|Mr. Rime, L50, M|100/100\n|detailschange|p1a: Dragonite|Dragonite-Mega, L50, M\n|-mega|p1a: Dragonite|Dragonite|Dragoninite\n|move|p1a: Dragonite|Roost|p1a: Dragonite\n|-heal|p1a: Dragonite|100/100\n|-singleturn|p1a: Dragonite|move: Roost\n|\n|upkeep\n|turn|11\n|\n|t:|1776073322\n|switch|p2a: Kingambit|Kingambit, L50, F|89/100 brn\n|move|p1a: Dragonite|Fire Blast|p2a: Kingambit\n|-supereffective|p2a: Kingambit|1\n|-damage|p2a: Kingambit|2/100 brn\n|\n|-damage|p2a: Kingambit|0 fnt|[from] brn\n|faint|p2a: Kingambit\n|-end|p2a: Kingambit|fallenundefined|[silent]\n|upkeep\n|\n|t:|1776073331\n|switch|p2a: Mr. Rime|Mr. Rime, L50, M|100/100\n|turn|12\n|\n|t:|1776073337\n|move|p1a: Dragonite|Fire Blast|p2a: Mr. Rime\n|-supereffective|p2a: Mr. Rime|1\n|-damage|p2a: Mr. Rime|20/100\n|move|p2a: Mr. Rime|Frost Breath|p1a: Dragonite|[miss]\n|-miss|p2a: Mr. Rime|p1a: Dragonite\n|\n|-heal|p2a: Mr. Rime|26/100|[from] item: Leftovers\n|upkeep\n|turn|13\n|\n|t:|1776073350\n|move|p1a: Dragonite|Fire Blast|p2a: Mr. Rime\n|-supereffective|p2a: Mr. Rime|1\n|-damage|p2a: Mr. Rime|0 fnt\n|faint|p2a: Mr. Rime\n|\n|upkeep\n|\n|t:|1776073351\n|switch|p2a: Basculegion|Basculegion, L50, M|69/100\n|turn|14\n|\n|t:|1776073358\n|move|p2a: Basculegion|Last Respects|p1a: Dragonite\n|-damage|p1a: Dragonite|61/100\n|move|p1a: Dragonite|Thunderbolt|p2a: Basculegion\n|-supereffective|p2a: Basculegion|1\n|-damage|p2a: Basculegion|0 fnt\n|faint|p2a: Basculegion\n|\n|win|xaxaxaxaxxxxxxx\n|raw|xaxaxaxaxxxxxxx's rating: 1145 &rarr; <strong>1176</strong><br />(+31 for winning)\n|raw|Delibird Heart's rating: 1228 &rarr; <strong>1197</strong><br />(-31 for losing)\n",
  "uploadtime": 1776073362,
  "views": 12,
  "formatid": "gen9championsbssregma",
  "rating": 1176,
  "private": 0,
  "password": null
}