{
  "id": "gen9championsbssregma-2583378576",
  "format": "[Gen 9 Champions] BSS Reg M-A",
  "players": [
    "MiraidonGaming",
    "Gontatta"
  ],
  "log": "|j|\u2606MiraidonGaming\n|j|\u2606Gontatta\n|t:|1776171472\n|gametype|singles\n|player|p1|MiraidonGaming|lucas|1134\n|player|p2|Gontatta|waiter-gen4dp|1213\n|gen|9\n|tier|[Gen 9 Champions] BSS Reg M-A\n|rated|\n|rule|Species Clause: Limit one of each Pok\u00e9mon\n|rule|Item Clause: Limit 1 of each item\n|clearpoke\n|poke|p1|Ninetales-Alola, L50, F|\n|poke|p1|Charizard, L50, M|\n|poke|p1|Scizor, L50, M|\n|poke|p1|Sinistcha, L50|\n|poke|p1|Rotom-Wash, L50|\n|poke|p1|Salazzle, L50, F|\n|poke|p2|Glimmora, L50, M|\n|poke|p2|Beedrill, L50, F|\n|poke|p2|Pinsir, L50, M|\n|poke|p2|Primarina, L50, F|\n|poke|p2|Hydreigon, L50, F|\n|poke|p2|Kingambit, L50, M|\n|teampreview|3\n|inactive|Battle timer is ON: inactive players will automatically lose when time's up. (requested by Gontatta)\n|\n|t:|1776171490\n|teamsize|p1|3\n|teamsize|p2|3\n|start\n|switch|p1a: Edward|Scizor, L50, M|100/100\n|switch|p2a: Glimmora|Glimmora, L50, M|100/100\n|turn|1\n|\n|t:|1776171498\n|move|p2a: Glimmora|Stealth Rock|p1a: Edward\n|-sidestart|p1: MiraidonGaming|move: Stealth Rock\n|move|p1a: Edward|Swords Dance|p1a: Edward\n|-boost|p1a: Edward|atk|2\n|\n|upkeep\n|turn|2\n|\n|t:|1776171503\n|detailschange|p1a: Edward|Scizor-Mega, L50, M\n|-mega|p1a: Edward|Scizor|Scizorite\n|move|p2a: Glimmora|Power Gem|p1a: Edward\n|-damage|p1a: Edward|68/100\n|move|p1a: Edward|Swords Dance|p1a: Edward\n|-boost|p1a: Edward|atk|2\n|\n|upkeep\n|turn|3\n|\n|t:|1776171509\n|move|p2a: Glimmora|Power Gem|p1a: Edward\n|-damage|p1a: Edward|37/100\n|move|p1a: Edward|Roost|p1a: Edward\n|-heal|p1a: Edward|87/100\n|-singleturn|p1a: Edward|move: Roost\n|\n|upkeep\n|turn|4\n|\n|t:|1776171514\n|move|p2a: Glimmora|Power Gem|p1a: Edward\n|-damage|p1a: Edward|54/100\n|move|p1a: Edward|Swords Dance|p1a: Edward\n|-boost|p1a: Edward|atk|2\n|\n|upkeep\n|turn|5\n|\n|t:|1776171519\n|move|p2a: Glimmora|Power Gem|p1a: Edward\n|-damage|p1a: Edward|22/100\n|move|p1a: Edward|Roost|p1a: Edward\n|-heal|p1a: Edward|72/100\n|-singleturn|p1a: Edward|move: Roost\n|\n|upkeep\n|turn|6\n|\n|t:|1776171522\n|move|p2a: Glimmora|Power Gem|p1a: Edward\n|-damage|p1a: Edward|39/100\n|move|p1a: Edward|Roost|p1a: Edward\n|-heal|p1a: Edward|89/100\n|-singleturn|p1a: Edward|move: Roost\n|\n|upkeep\n|turn|7\n|\n|t:|1776171524\n|move|p1a: Edward|Bullet Punch|p2a: Glimmora\n|-supereffective|p2a: Glimmora|1\n|-enditem|p2a: Glimmora|Focus Sash\n|-damage|p2a: Glimmora|1/100\n|-activate|p2a: Glimmora|ability: Toxic Debris\n|-sidestart|p1: MiraidonGaming|move: Toxic Spikes\n|move|p2a: Glimmora|Power Gem|p1a: Edward\n|-damage|p1a: Edward|60/100\n|\n|upkeep\n|turn|8\n|\n|t:|1776171528\n|move|p2a: Glimmora|Power Gem|p1a: Edward\n|-damage|p1a: Edward|31/100\n|move|p1a: Edward|Roost|p1a: Edward\n|-heal|p1a: Edward|81/100\n|-singleturn|p1a: Edward|move: Roost\n|\n|upkeep\n|turn|9\n|\n|t:|1776171530\n|move|p1a: Edward|Bullet Punch|p2a: Glimmora\n|-supereffective|p2a: Glimmora|1\n|-damage|p2a: Glimmora|0 fnt\n|-activate|p2a: Glimmora|ability: Toxic Debris\n|-sidestart|p1: MiraidonGaming|move: Toxic Spikes\n|faint|p2a: Glimmora\n|\n|upkeep\n|\n|t:|1776171535\n|switch|p2a: Kingambit|Kingambit, L50, M|100/100\n|-activate|p2a: Kingambit|ability: Supreme Overlord\n|-start|p2a: Kingambit|fallen1|[silent]\n|turn|10\n|\n|t:|1776171540\n|move|p1a: Edward|Bug Bite|p2a: Kingambit\n|-damage|p2a: Kingambit|0 fnt\n|faint|p2a: Kingambit\n|-end|p2a: Kingambit|fallen1|[silent]\n|\n|upkeep\n|\n|t:|1776171542\n|switch|p2a: Pinsir|Pinsir, L50, M|100/100\n|turn|11\n|\n|t:|1776171548\n|detailschange|p2a: Pinsir|Pinsir-Mega, L50, M\n|-mega|p2a: Pinsir|Pinsir|Pinsirite\n|move|p2a: Pinsir|Quick Attack|p1a: Edward\n|-damage|p1a: Edward|58/100\n|move|p1a: Edward|Bullet Punch|p2a: Pinsir\n|-damage|p2a: Pinsir|0 fnt\n|faint|p2a: Pinsir\n|\n|win|MiraidonGaming\n|raw|MiraidonGaming's rating: 1134 &rarr; <strong>1165</strong><br />(+31 for winning)\n|raw|Gontatta's rating: 1213 &rarr; <strong>1182</strong><br />(-31 for losing)\n|l|\u2606Gontatta\n|player|p2|\n",
  "uploadtime": 1776171556,
  "views": 4,
  "formatid": "gen9championsbssregma",
  "rating": 1165,
  "private": 0,
  "password": null
}