{
  "id": "gen9championsbssregma-2581156667",
  "format": "[Gen 9 Champions] BSS Reg M-A",
  "players": [
    "AC180",
    "ririmu"
  ],
  "log": "|j|\u203dAC180\n|j|\u2606ririmu\n|t:|1775965359\n|gametype|singles\n|player|p1|AC180|170|1088\n|player|p2|ririmu|265|1000\n|gen|9\n|tier|[Gen 9 Champions] BSS Reg M-A\n|rated|\n|rule|Species Clause: Limit one of each Pok\u00e9mon\n|rule|Item Clause: Limit 1 of each item\n|clearpoke\n|poke|p1|Meganium, L50, F|\n|poke|p1|Hydreigon, L50, F|\n|poke|p1|Pelipper, L50, F|\n|poke|p1|Tyranitar, L50, F|\n|poke|p1|Forretress, L50, M|\n|poke|p1|Aegislash, L50, M|\n|poke|p2|Greninja-*, L50, F|\n|poke|p2|Mimikyu, L50, M|\n|poke|p2|Blastoise, L50, M|\n|poke|p2|Orthworm, L50, M|\n|poke|p2|Hippowdon, L50, F|\n|poke|p2|Sneasler, L50, F|\n|teampreview|3\n|\n|t:|1775965404\n|teamsize|p1|3\n|teamsize|p2|3\n|start\n|switch|p1a: Forretress|Forretress, L50, M|100/100\n|switch|p2a: Orthworm|Orthworm, L50, M|100/100\n|turn|1\n|inactive|Battle timer is ON: inactive players will automatically lose when time's up. (requested by AC180)\n|\n|t:|1775965412\n|move|p2a: Orthworm|Stealth Rock|p1a: Forretress\n|-sidestart|p1: AC180|move: Stealth Rock\n|move|p1a: Forretress|Stealth Rock|p2a: Orthworm\n|-sidestart|p2: ririmu|move: Stealth Rock\n|\n|upkeep\n|turn|2\n|\n|t:|1775965420\n|move|p2a: Orthworm|Body Press|p1a: Forretress\n|-damage|p1a: Forretress|78/100\n|move|p1a: Forretress|Gravity|p1a: Forretress\n|-fieldstart|move: Gravity\n|\n|upkeep\n|turn|3\n|\n|t:|1775965426\n|move|p2a: Orthworm|Shed Tail|p2a: Orthworm\n|-start|p2a: Orthworm|Substitute|[from] move: Shed Tail\n|-damage|p2a: Orthworm|50/100\n|-enditem|p2a: Orthworm|Sitrus Berry|[eat]\n|-heal|p2a: Orthworm|75/100|[from] item: Sitrus Berry\n|\n|t:|1775965429\n|switch|p2a: Blastoise|Blastoise, L50, M|100/100|[from] Shed Tail\n|-damage|p2a: Blastoise|88/100|[from] Stealth Rock\n|move|p1a: Forretress|Volt Switch|p2a: Blastoise\n|-supereffective|p2a: Blastoise|1\n|-crit|p2a: Blastoise\n|-end|p2a: Blastoise|Substitute\n|\n|t:|1775965446\n|switch|p1a: Tyranitar|Tyranitar, L50, F|100/100|[from] Volt Switch\n|-damage|p1a: Tyranitar|88/100|[from] Stealth Rock\n|-weather|Sandstorm|[from] ability: Sand Stream|[of] p1a: Tyranitar\n|\n|-weather|Sandstorm|[upkeep]\n|-damage|p2a: Blastoise|83/100|[from] Sandstorm\n|upkeep\n|turn|4\n|\n|t:|1775965461\n|detailschange|p2a: Blastoise|Blastoise-Mega, L50, M\n|-mega|p2a: Blastoise|Blastoise|Blastoisinite\n|detailschange|p1a: Tyranitar|Tyranitar-Mega, L50, F\n|-mega|p1a: Tyranitar|Tyranitar|Tyranitarite\n|move|p2a: Blastoise|Hydro Pump|p1a: Tyranitar\n|-supereffective|p1a: Tyranitar|1\n|-damage|p1a: Tyranitar|31/100\n|move|p1a: Tyranitar|Earthquake|p2a: Blastoise\n|-damage|p2a: Blastoise|40/100\n|\n|-weather|Sandstorm|[upkeep]\n|-damage|p2a: Blastoise|34/100|[from] Sandstorm\n|upkeep\n|turn|5\n|\n|t:|1775965475\n|switch|p1a: Forretress|Forretress, L50, M|78/100\n|-damage|p1a: Forretress|66/100|[from] Stealth Rock\n|move|p2a: Blastoise|Hydro Pump|p1a: Forretress\n|-damage|p1a: Forretress|0 fnt\n|faint|p1a: Forretress\n|\n|-weather|Sandstorm|[upkeep]\n|-damage|p2a: Blastoise|29/100|[from] Sandstorm\n|upkeep\n|\n|t:|1775965484\n|switch|p1a: Aegislash|Aegislash, L50, M|100/100\n|-damage|p1a: Aegislash|95/100|[from] Stealth Rock\n|turn|6\n|\n|t:|1775965491\n|-formechange|p1a: Aegislash|Aegislash-Blade|\n|move|p1a: Aegislash|Shadow Sneak|p2a: Blastoise\n|-damage|p2a: Blastoise|9/100\n|move|p2a: Blastoise|Dark Pulse|p1a: Aegislash\n|-supereffective|p1a: Aegislash|1\n|-damage|p1a: Aegislash|0 fnt\n|faint|p1a: Aegislash\n|\n|-weather|Sandstorm|[upkeep]\n|-damage|p2a: Blastoise|4/100|[from] Sandstorm\n|-fieldend|move: Gravity\n|upkeep\n|-message|AC180 forfeited.\n|\n|win|ririmu\n|raw|AC180's rating: 1088 &rarr; <strong>1059</strong><br />(-29 for losing)\n|raw|ririmu's rating: 1000 &rarr; <strong>1050</strong><br />(+50 for winning)\n|l|\u203dAC180\n|player|p1|\n",
  "uploadtime": 1775965504,
  "views": 13,
  "formatid": "gen9championsbssregma",
  "rating": 1050,
  "private": 0,
  "password": null
}