{
  "id": "gen9championsbssregma-2587857842",
  "format": "[Gen 9 Champions] BSS Reg M-A",
  "players": [
    "treebae",
    "Nancy Gita"
  ],
  "log": "|j|\u2606treebae\n|j|\u2606Nancy Gita\n|t:|1776571337\n|gametype|singles\n|player|p1|treebae|2|1066\n|player|p2|Nancy Gita|lance|1053\n|gen|9\n|tier|[Gen 9 Champions] BSS Reg M-A\n|rated|\n|rule|Species Clause: Limit one of each Pok\u00e9mon\n|rule|Item Clause: Limit 1 of each item\n|clearpoke\n|poke|p1|Clefable, L50, F|\n|poke|p1|Excadrill, L50, M|\n|poke|p1|Dragonite, L50, M|\n|poke|p1|Gyarados, L50, M|\n|poke|p1|Meowscarada, L50, M|\n|poke|p1|Volcarona, L50, M|\n|poke|p2|Incineroar, L50, F, shiny|\n|poke|p2|Aegislash, L50, F, shiny|\n|poke|p2|Aggron, L50, F, shiny|\n|poke|p2|Milotic, L50, M|\n|poke|p2|Umbreon, L50, M|\n|poke|p2|Meganium, L50, M|\n|teampreview|3\n|\n|t:|1776571353\n|teamsize|p1|3\n|teamsize|p2|3\n|start\n|switch|p1a: Clefable|Clefable, L50, F|100/100\n|switch|p2a: Incineroar|Incineroar, L50, F, shiny|100/100\n|-ability|p2a: Incineroar|Intimidate|boost\n|-unboost|p1a: Clefable|atk|1\n|turn|1\n|\n|t:|1776571361\n|detailschange|p1a: Clefable|Clefable-Mega, L50, F\n|-mega|p1a: Clefable|Clefable|Clefablite\n|move|p2a: Incineroar|Fake Out|p1a: Clefable\n|-damage|p1a: Clefable|91/100\n|cant|p1a: Clefable|flinch\n|\n|upkeep\n|turn|2\n|\n|t:|1776571371\n|move|p1a: Clefable|Calm Mind|p1a: Clefable\n|-boost|p1a: Clefable|spa|1\n|-boost|p1a: Clefable|spd|1\n|move|p2a: Incineroar|Parting Shot|p1a: Clefable\n|move|p1a: Clefable|Parting Shot|p2a: Incineroar|[from] ability: Magic Bounce\n|-unboost|p2a: Incineroar|atk|1\n|-unboost|p2a: Incineroar|spa|1\n|\n|t:|1776571375\n|switch|p1a: Excadrill|Excadrill, L50, M|100/100|[from] Parting Shot\n|-ability|p1a: Excadrill|Mold Breaker\n|\n|upkeep\n|turn|3\n|\n|t:|1776571389\n|move|p1a: Excadrill|Rapid Spin|p2a: Incineroar\n|-damage|p2a: Incineroar|82/100\n|-boost|p1a: Excadrill|spe|1\n|move|p2a: Incineroar|Flare Blitz|p1a: Excadrill\n|-supereffective|p1a: Excadrill|1\n|-damage|p1a: Excadrill|1/100\n|-damage|p2a: Incineroar|48/100|[from] Recoil\n|-enditem|p2a: Incineroar|Sitrus Berry|[eat]\n|-heal|p2a: Incineroar|73/100|[from] item: Sitrus Berry\n|\n|upkeep\n|turn|4\n|\n|t:|1776571399\n|move|p1a: Excadrill|Earthquake|p2a: Incineroar\n|-supereffective|p2a: Incineroar|1\n|-damage|p2a: Incineroar|0 fnt\n|faint|p2a: Incineroar\n|\n|upkeep\n|\n|t:|1776571404\n|switch|p2a: Aegislash|Aegislash, L50, F, shiny|100/100\n|turn|5\n|\n|t:|1776571411\n|-formechange|p2a: Aegislash|Aegislash-Blade|\n|move|p2a: Aegislash|Shadow Sneak|p1a: Excadrill\n|-damage|p1a: Excadrill|0 fnt\n|faint|p1a: Excadrill\n|\n|upkeep\n|\n|t:|1776571413\n|switch|p1a: Clefable|Clefable-Mega, L50, F|91/100\n|turn|6\n|\n|t:|1776571419\n|-formechange|p2a: Aegislash|Aegislash|\n|move|p2a: Aegislash|King's Shield|p2a: Aegislash\n|-singleturn|p2a: Aegislash|Protect\n|move|p1a: Clefable|Flamethrower|p2a: Aegislash\n|-activate|p2a: Aegislash|move: Protect\n|\n|upkeep\n|turn|7\n|\n|t:|1776571427\n|move|p2a: Aegislash|Swords Dance|p2a: Aegislash\n|-boost|p2a: Aegislash|atk|2\n|move|p1a: Clefable|Flamethrower|p2a: Aegislash\n|-supereffective|p2a: Aegislash|1\n|-damage|p2a: Aegislash|43/100\n|\n|upkeep\n|turn|8\n|\n|t:|1776571446\n|move|p2a: Aegislash|King's Shield|p2a: Aegislash\n|-singleturn|p2a: Aegislash|Protect\n|move|p1a: Clefable|Flamethrower|p2a: Aegislash\n|-activate|p2a: Aegislash|move: Protect\n|\n|upkeep\n|turn|9\n|\n|t:|1776571457\n|-formechange|p2a: Aegislash|Aegislash-Blade|\n|move|p2a: Aegislash|Shadow Sneak|p1a: Clefable\n|-crit|p1a: Clefable\n|-damage|p1a: Clefable|45/100\n|move|p1a: Clefable|Flamethrower|p2a: Aegislash\n|-supereffective|p2a: Aegislash|1\n|-crit|p2a: Aegislash\n|-damage|p2a: Aegislash|0 fnt\n|faint|p2a: Aegislash\n|\n|upkeep\n|\n|t:|1776571466\n|switch|p2a: Aggron|Aggron, L50, F, shiny|100/100\n|turn|10\n|\n|t:|1776571474\n|detailschange|p2a: Aggron|Aggron-Mega, L50, F, shiny\n|-mega|p2a: Aggron|Aggron|Aggronite\n|move|p1a: Clefable|Flamethrower|p2a: Aggron\n|-supereffective|p2a: Aggron|1\n|-damage|p2a: Aggron|54/100\n|move|p2a: Aggron|Iron Head|p1a: Clefable\n|-supereffective|p1a: Clefable|1\n|-damage|p1a: Clefable|0 fnt\n|faint|p1a: Clefable\n|\n|upkeep\n|\n|t:|1776571476\n|switch|p1a: Meowscarada|Meowscarada, L50, M|100/100\n|turn|11\n|\n|t:|1776571489\n|move|p1a: Meowscarada|Knock Off|p2a: Aggron\n|-start|p1a: Meowscarada|typechange|Dark|[from] ability: Protean\n|-damage|p2a: Aggron|38/100\n|move|p2a: Aggron|Body Press|p1a: Meowscarada\n|-supereffective|p1a: Meowscarada|1\n|-damage|p1a: Meowscarada|0 fnt\n|faint|p1a: Meowscarada\n|\n|win|Nancy Gita\n|raw|treebae's rating: 1066 &rarr; <strong>1045</strong><br />(-21 for losing)\n|raw|Nancy Gita's rating: 1053 &rarr; <strong>1086</strong><br />(+33 for winning)\n|l|\u2606treebae\n|player|p1|\n",
  "uploadtime": 1776571500,
  "views": 7,
  "formatid": "gen9championsbssregma",
  "rating": 1045,
  "private": 0,
  "password": null
}