{
  "id": "gen9championsbssregma-2582112636",
  "format": "[Gen 9 Champions] BSS Reg M-A",
  "players": [
    "DiceyRice",
    "chessboxer316"
  ],
  "log": "|j|\u2606DiceyRice\n|j|\u2606chessboxer316\n|t:|1776059492\n|gametype|singles\n|player|p1|DiceyRice|miku-ghost|1298\n|player|p2|chessboxer316|169|1368\n|gen|9\n|tier|[Gen 9 Champions] BSS Reg M-A\n|rated|\n|rule|Species Clause: Limit one of each Pok\u00e9mon\n|rule|Item Clause: Limit 1 of each item\n|clearpoke\n|poke|p1|Garchomp, L50, M|\n|poke|p1|Hippowdon, L50, F|\n|poke|p1|Meganium, L50, F|\n|poke|p1|Ceruledge, L50, F|\n|poke|p1|Kingambit, L50, M|\n|poke|p1|Starmie, L50|\n|poke|p2|Aegislash, L50, F|\n|poke|p2|Primarina, L50, F|\n|poke|p2|Garchomp, L50, F|\n|poke|p2|Pangoro, L50, F|\n|poke|p2|Abomasnow, L50, F|\n|poke|p2|Starmie, L50|\n|teampreview|3\n|inactive|Battle timer is ON: inactive players will automatically lose when time's up. (requested by chessboxer316)\n|inactive|DiceyRice has 60 seconds left.\n|\n|t:|1776059526\n|teamsize|p1|3\n|teamsize|p2|3\n|start\n|switch|p1a: Meganium|Meganium, L50, F|100/100\n|switch|p2a: Abomasnow|Abomasnow, L50, F|100/100\n|-weather|Snowscape|[from] ability: Snow Warning|[of] p2a: Abomasnow\n|turn|1\n|\n|t:|1776059535\n|switch|p2a: Garchomp|Garchomp, L50, F|100/100\n|detailschange|p1a: Meganium|Meganium-Mega, L50, F\n|-mega|p1a: Meganium|Meganium|Meganiumite\n|move|p1a: Meganium|Weather Ball|p2a: Garchomp\n|-resisted|p2a: Garchomp|1\n|-damage|p2a: Garchomp|68/100\n|\n|-weather|Snowscape|[upkeep]\n|upkeep\n|turn|2\n|\n|t:|1776059545\n|switch|p1a: Garchomp|Garchomp, L50, M|100/100\n|move|p2a: Garchomp|Iron Head|p1a: Garchomp\n|-damage|p1a: Garchomp|70/100\n|-damage|p2a: Garchomp|56/100|[from] ability: Rough Skin|[of] p1a: Garchomp\n|\n|-weather|Snowscape|[upkeep]\n|upkeep\n|turn|3\n|\n|t:|1776059554\n|switch|p2a: Abomasnow|Abomasnow, L50, F|100/100\n|move|p1a: Garchomp|Fire Blast|p2a: Abomasnow\n|-supereffective|p2a: Abomasnow|2\n|-damage|p2a: Abomasnow|13/100\n|\n|-weather|Snowscape|[upkeep]\n|upkeep\n|turn|4\n|\n|t:|1776059562\n|move|p2a: Abomasnow|Ice Shard|p1a: Garchomp\n|-supereffective|p1a: Garchomp|2\n|-damage|p1a: Garchomp|18/100\n|move|p1a: Garchomp|Fire Blast|p2a: Abomasnow\n|-supereffective|p2a: Abomasnow|2\n|-damage|p2a: Abomasnow|0 fnt\n|faint|p2a: Abomasnow\n|\n|-weather|Snowscape|[upkeep]\n|upkeep\n|j| bromerta\n|\n|t:|1776059580\n|switch|p2a: Pangoro|Pangoro, L50, F|100/100\n|turn|5\n|\n|t:|1776059584\n|move|p1a: Garchomp|Fire Blast|p2a: Pangoro\n|-damage|p2a: Pangoro|73/100\n|-status|p2a: Pangoro|brn\n|move|p2a: Pangoro|Swords Dance|p2a: Pangoro\n|-boost|p2a: Pangoro|atk|2\n|\n|-weather|none\n|-damage|p2a: Pangoro|67/100 brn|[from] brn\n|upkeep\n|turn|6\n|\n|t:|1776059595\n|move|p1a: Garchomp|Fire Blast|p2a: Pangoro\n|-damage|p2a: Pangoro|40/100 brn\n|move|p2a: Pangoro|Swords Dance|p2a: Pangoro\n|-boost|p2a: Pangoro|atk|2\n|\n|-damage|p2a: Pangoro|34/100 brn|[from] brn\n|upkeep\n|turn|7\n|j| RememberToRest\n|j| p74\n|\n|t:|1776059604\n|move|p1a: Garchomp|Fire Blast|p2a: Pangoro\n|-damage|p2a: Pangoro|6/100 brn\n|move|p2a: Pangoro|Drain Punch|p1a: Garchomp\n|-damage|p1a: Garchomp|0 fnt\n|-heal|p2a: Pangoro|14/100 brn|[from] drain|[of] p1a: Garchomp\n|-damage|p2a: Pangoro|2/100 brn|[from] ability: Rough Skin|[of] p1a: Garchomp\n|faint|p1a: Garchomp\n|\n|-damage|p2a: Pangoro|0 fnt|[from] brn\n|faint|p2a: Pangoro\n|upkeep\n|-message|chessboxer316 forfeited.\n|\n|win|DiceyRice\n|raw|DiceyRice's rating: 1298 &rarr; <strong>1328</strong><br />(+30 for winning)\n|raw|chessboxer316's rating: 1368 &rarr; <strong>1344</strong><br />(-24 for losing)\n|l|\u2606chessboxer316\n|player|p2|\n|l|\u2606DiceyRice\n|player|p1|\n",
  "uploadtime": 1776059632,
  "views": 9,
  "formatid": "gen9championsbssregma",
  "rating": 1328,
  "private": 0,
  "password": null
}