{
  "id": "gen9championsbssregma-2582133611",
  "format": "[Gen 9 Champions] BSS Reg M-A",
  "players": [
    "S0fiane",
    "carbonlifeformmeme"
  ],
  "log": "|j|\u2606S0fiane\n|j|\u2606carbonlifeformmeme\n|t:|1776062311\n|gametype|singles\n|player|p1|S0fiane|boarder|1364\n|player|p2|carbonlifeformmeme|170|1249\n|gen|9\n|tier|[Gen 9 Champions] BSS Reg M-A\n|rated|\n|rule|Species Clause: Limit one of each Pok\u00e9mon\n|rule|Item Clause: Limit 1 of each item\n|clearpoke\n|poke|p1|Scizor, L50, M|\n|poke|p1|Lopunny, L50, F|\n|poke|p1|Archaludon, L50, M|\n|poke|p1|Dragapult, L50, F|\n|poke|p1|Greninja-*, L50, M|\n|poke|p1|Zoroark-Hisui, L50, M|\n|poke|p2|Meowscarada, L50, F|\n|poke|p2|Froslass, L50, F|\n|poke|p2|Sneasler, L50, M|\n|poke|p2|Orthworm, L50, F|\n|poke|p2|Rotom-Heat, L50|\n|poke|p2|Glimmora, L50, M|\n|teampreview|3\n|inactive|Battle timer is ON: inactive players will automatically lose when time's up. (requested by S0fiane)\n|j| acyanmage\n|\n|t:|1776062341\n|teamsize|p1|3\n|teamsize|p2|3\n|start\n|switch|p1a: Archaludon|Archaludon, L50, M|100/100\n|switch|p2a: Meowscarada|Meowscarada, L50, F|100/100\n|turn|1\n|\n|t:|1776062348\n|move|p2a: Meowscarada|U-turn|p1a: Archaludon\n|-start|p2a: Meowscarada|typechange|Bug|[from] ability: Protean\n|-resisted|p1a: Archaludon|1\n|-damage|p1a: Archaludon|84/100\n|\n|t:|1776062359\n|switch|p2a: Rotom|Rotom-Heat, L50|100/100|[from] U-turn\n|move|p1a: Archaludon|Thunder Wave|p2a: Rotom|[miss]\n|-miss|p1a: Archaludon|p2a: Rotom\n|\n|upkeep\n|turn|2\n|j| p74\n|\n|t:|1776062367\n|move|p1a: Archaludon|Stealth Rock|p2a: Rotom\n|-sidestart|p2: carbonlifeformmeme|move: Stealth Rock\n|move|p2a: Rotom|Will-O-Wisp|p1a: Archaludon\n|-status|p1a: Archaludon|brn\n|\n|-damage|p1a: Archaludon|78/100 brn|[from] brn\n|upkeep\n|turn|3\n|\n|t:|1776062375\n|move|p1a: Archaludon|Draco Meteor|p2a: Rotom\n|-damage|p2a: Rotom|31/100\n|-unboost|p1a: Archaludon|spa|2\n|-enditem|p1a: Archaludon|White Herb\n|-clearnegativeboost|p1a: Archaludon|[silent]\n|move|p2a: Rotom|Volt Switch|p1a: Archaludon\n|-resisted|p1a: Archaludon|1\n|-damage|p1a: Archaludon|56/100 brn\n|\n|t:|1776062384\n|switch|p2a: Sneasler|Sneasler, L50, M|100/100|[from] Volt Switch\n|-damage|p2a: Sneasler|95/100|[from] Stealth Rock\n|\n|-damage|p1a: Archaludon|50/100 brn|[from] brn\n|upkeep\n|turn|4\n|\n|t:|1776062398\n|switch|p1a: Scizor|Scizor, L50, M|100/100\n|move|p2a: Sneasler|Close Combat|p1a: Scizor\n|-damage|p1a: Scizor|18/100\n|-unboost|p2a: Sneasler|def|1\n|-unboost|p2a: Sneasler|spd|1\n|-enditem|p1a: Scizor|Sitrus Berry|[eat]\n|-heal|p1a: Scizor|43/100|[from] item: Sitrus Berry\n|-enditem|p2a: Sneasler|White Herb\n|-clearnegativeboost|p2a: Sneasler|[silent]\n|\n|upkeep\n|turn|5\n|\n|t:|1776062419\n|switch|p1a: Archaludon|Archaludon, L50, M|50/100 brn\n|move|p2a: Sneasler|Acrobatics|p1a: Archaludon\n|-resisted|p1a: Archaludon|1\n|-damage|p1a: Archaludon|32/100 brn\n|\n|-damage|p1a: Archaludon|26/100 brn|[from] brn\n|upkeep\n|turn|6\n|\n|t:|1776062429\n|move|p2a: Sneasler|Close Combat|p1a: Archaludon\n|-supereffective|p1a: Archaludon|1\n|-damage|p1a: Archaludon|0 fnt\n|-unboost|p2a: Sneasler|def|1\n|-unboost|p2a: Sneasler|spd|1\n|faint|p1a: Archaludon\n|\n|upkeep\n|\n|t:|1776062437\n|switch|p1a: Scizor|Scizor, L50, M|43/100\n|turn|7\n|\n|t:|1776062440\n|switch|p2a: Rotom|Rotom-Heat, L50|31/100\n|-damage|p2a: Rotom|6/100|[from] Stealth Rock\n|move|p1a: Scizor|Bullet Punch|p2a: Rotom\n|-resisted|p2a: Rotom|2\n|-damage|p2a: Rotom|0 fnt\n|faint|p2a: Rotom\n|\n|upkeep\n|\n|t:|1776062448\n|switch|p2a: Sneasler|Sneasler, L50, M|95/100\n|-damage|p2a: Sneasler|89/100|[from] Stealth Rock\n|turn|8\n|\n|t:|1776062456\n|move|p1a: Scizor|Bullet Punch|p2a: Sneasler\n|-crit|p2a: Sneasler\n|-damage|p2a: Sneasler|1/100\n|move|p2a: Sneasler|Close Combat|p1a: Scizor\n|-damage|p1a: Scizor|0 fnt\n|-unboost|p2a: Sneasler|def|1\n|-unboost|p2a: Sneasler|spd|1\n|faint|p1a: Scizor\n|\n|upkeep\n|\n|t:|1776062458\n|switch|p1a: Greninja|Greninja, L50, M|100/100\n|turn|9\n|\n|t:|1776062467\n|detailschange|p1a: Greninja|Greninja-Mega, L50, M\n|-mega|p1a: Greninja|Greninja|Greninjite\n|move|p1a: Greninja|Sludge Wave|p2a: Sneasler\n|-start|p1a: Greninja|typechange|Poison|[from] ability: Protean\n|-resisted|p2a: Sneasler|1\n|-damage|p2a: Sneasler|0 fnt\n|faint|p2a: Sneasler\n|\n|upkeep\n|\n|t:|1776062474\n|switch|p2a: Meowscarada|Meowscarada, L50, F|100/100\n|-damage|p2a: Meowscarada|88/100|[from] Stealth Rock\n|turn|10\n|\n|t:|1776062478\n|move|p2a: Meowscarada|Triple Axel|p1a: Greninja\n|-start|p2a: Meowscarada|typechange|Ice|[from] ability: Protean\n|-damage|p1a: Greninja|86/100\n|-damage|p1a: Greninja|54/100\n|-damage|p1a: Greninja|13/100\n|-hitcount|p1a: Greninja|3\n|move|p1a: Greninja|Sludge Wave|p2a: Meowscarada\n|-crit|p2a: Meowscarada\n|-damage|p2a: Meowscarada|0 fnt\n|faint|p2a: Meowscarada\n|\n|win|S0fiane\n|raw|S0fiane's rating: 1364 &rarr; <strong>1378</strong><br />(+14 for winning)\n|raw|carbonlifeformmeme's rating: 1249 &rarr; <strong>1232</strong><br />(-17 for losing)\n|l|\u2606S0fiane\n|player|p1|\n|l|\u2606carbonlifeformmeme\n|player|p2|\n|l| acyanmage\n",
  "uploadtime": 1776063018,
  "views": 4,
  "formatid": "gen9championsbssregma",
  "rating": 1232,
  "private": 0,
  "password": null
}