{
  "id": "gen9championsbssregma-2583107068",
  "format": "[Gen 9 Champions] BSS Reg M-A",
  "players": [
    "wRGgsds",
    "mathismathin"
  ],
  "log": "|j|\u2606wRGgsds\n|j|\u2606mathismathin\n|t:|1776142795\n|gametype|singles\n|player|p1|wRGgsds|2|1052\n|player|p2|mathismathin|bugsy-masters|1132\n|gen|9\n|tier|[Gen 9 Champions] BSS Reg M-A\n|rated|\n|rule|Species Clause: Limit one of each Pok\u00e9mon\n|rule|Item Clause: Limit 1 of each item\n|clearpoke\n|poke|p1|Espathra, L50, M|\n|poke|p1|Liepard, L50, F|\n|poke|p1|Whimsicott, L50, M|\n|poke|p1|Chandelure, L50, F|\n|poke|p1|Kingambit, L50, M|\n|poke|p1|Feraligatr, L50, F|\n|poke|p2|Aegislash, L50, F|\n|poke|p2|Meganium, L50, F|\n|poke|p2|Sneasler, L50, M|\n|poke|p2|Dragapult, L50, M|\n|poke|p2|Lycanroc-Dusk, L50, M|\n|poke|p2|Tyranitar, L50, M|\n|teampreview|3\n|\n|t:|1776142853\n|teamsize|p1|3\n|teamsize|p2|3\n|start\n|switch|p1a: Espathra|Espathra, L50, M|100/100\n|switch|p2a: Tyranitar|Tyranitar, L50, M|100/100\n|-weather|Sandstorm|[from] ability: Sand Stream|[of] p2a: Tyranitar\n|turn|1\n|inactive|Battle timer is ON: inactive players will automatically lose when time's up. (requested by mathismathin)\n|\n|t:|1776142861\n|move|p1a: Espathra|Protect|p1a: Espathra\n|-singleturn|p1a: Espathra|Protect\n|move|p2a: Tyranitar|Stealth Rock|p1a: Espathra\n|-sidestart|p1: wRGgsds|move: Stealth Rock\n|\n|-weather|Sandstorm|[upkeep]\n|-damage|p1a: Espathra|94/100|[from] Sandstorm\n|-heal|p1a: Espathra|100/100|[from] item: Leftovers\n|-ability|p1a: Espathra|Speed Boost|boost\n|-boost|p1a: Espathra|spe|1\n|upkeep\n|turn|2\n|\n|t:|1776142866\n|move|p1a: Espathra|Baton Pass|p1a: Espathra\n|\n|t:|1776142868\n|switch|p1a: Kingambit|Kingambit, L50, M|100/100|[from] Baton Pass\n|-damage|p1a: Kingambit|95/100|[from] Stealth Rock\n|move|p2a: Tyranitar|Knock Off|p1a: Kingambit\n|-resisted|p1a: Kingambit|1\n|-damage|p1a: Kingambit|80/100\n|-enditem|p1a: Kingambit|Black Glasses|[from] move: Knock Off|[of] p2a: Tyranitar\n|\n|-weather|Sandstorm|[upkeep]\n|upkeep\n|turn|3\n|\n|t:|1776142875\n|switch|p2a: Aegislash|Aegislash, L50, F|100/100\n|move|p1a: Kingambit|Low Sweep|p2a: Aegislash\n|-immune|p2a: Aegislash\n|\n|-weather|Sandstorm|[upkeep]\n|upkeep\n|turn|4\n|\n|t:|1776142878\n|move|p1a: Kingambit|Swords Dance|p1a: Kingambit\n|-boost|p1a: Kingambit|atk|2\n|-formechange|p2a: Aegislash|Aegislash-Blade|\n|move|p2a: Aegislash|Close Combat|p1a: Kingambit\n|-supereffective|p1a: Kingambit|2\n|-damage|p1a: Kingambit|0 fnt\n|-unboost|p2a: Aegislash|def|1\n|-unboost|p2a: Aegislash|spd|1\n|faint|p1a: Kingambit\n|-end|p1a: Kingambit|fallenundefined|[silent]\n|\n|-weather|Sandstorm|[upkeep]\n|upkeep\n|\n|t:|1776142884\n|switch|p1a: Espathra|Espathra, L50, M|100/100\n|-damage|p1a: Espathra|88/100|[from] Stealth Rock\n|turn|5\n|\n|t:|1776142890\n|switch|p2a: Tyranitar|Tyranitar, L50, M|100/100\n|move|p1a: Espathra|Calm Mind|p1a: Espathra\n|-boost|p1a: Espathra|spa|1\n|-boost|p1a: Espathra|spd|1\n|\n|-weather|none\n|-heal|p1a: Espathra|94/100|[from] item: Leftovers\n|-ability|p1a: Espathra|Speed Boost|boost\n|-boost|p1a: Espathra|spe|1\n|upkeep\n|turn|6\n|\n|t:|1776142904\n|move|p1a: Espathra|Baton Pass|p1a: Espathra\n|\n|t:|1776142905\n|switch|p1a: Feraligatr|Feraligatr, L50, F|100/100|[from] Baton Pass\n|-damage|p1a: Feraligatr|88/100|[from] Stealth Rock\n|move|p2a: Tyranitar|Roar|p1a: Feraligatr\n|drag|p1a: Espathra|Espathra, L50, M|94/100\n|-damage|p1a: Espathra|82/100|[from] Stealth Rock\n|\n|-heal|p1a: Espathra|88/100|[from] item: Leftovers\n|upkeep\n|turn|7\n|\n|t:|1776142915\n|move|p1a: Espathra|Protect|p1a: Espathra\n|-singleturn|p1a: Espathra|Protect\n|move|p2a: Tyranitar|Knock Off|p1a: Espathra\n|-activate|p1a: Espathra|move: Protect\n|\n|-heal|p1a: Espathra|94/100|[from] item: Leftovers\n|-ability|p1a: Espathra|Speed Boost|boost\n|-boost|p1a: Espathra|spe|1\n|upkeep\n|turn|8\n|\n|t:|1776142920\n|move|p1a: Espathra|Baton Pass|p1a: Espathra\n|\n|t:|1776142922\n|switch|p1a: Feraligatr|Feraligatr, L50, F|88/100|[from] Baton Pass\n|-damage|p1a: Feraligatr|75/100|[from] Stealth Rock\n|move|p2a: Tyranitar|Foul Play|p1a: Feraligatr\n|-damage|p1a: Feraligatr|30/100\n|\n|upkeep\n|turn|9\n|\n|t:|1776142930\n|detailschange|p1a: Feraligatr|Feraligatr-Mega, L50, F\n|-mega|p1a: Feraligatr|Feraligatr|Feraligite\n|move|p1a: Feraligatr|Liquidation|p2a: Tyranitar\n|-supereffective|p2a: Tyranitar|1\n|-damage|p2a: Tyranitar|15/100\n|-unboost|p2a: Tyranitar|def|1\n|move|p2a: Tyranitar|Foul Play|p1a: Feraligatr\n|-damage|p1a: Feraligatr|0 fnt\n|faint|p1a: Feraligatr\n|\n|upkeep\n|\n|t:|1776142937\n|switch|p1a: Espathra|Espathra, L50, M|94/100\n|-damage|p1a: Espathra|82/100|[from] Stealth Rock\n|turn|10\n|-message|wRGgsds forfeited.\n|\n|win|mathismathin\n|raw|wRGgsds's rating: 1079 &rarr; <strong>1060</strong><br />(-19 for losing)\n|raw|mathismathin's rating: 1132 &rarr; <strong>1153</strong><br />(+21 for winning)\n|l|\u2606wRGgsds\n|player|p1|\n",
  "uploadtime": 1776142954,
  "views": 2,
  "formatid": "gen9championsbssregma",
  "rating": 1060,
  "private": 0,
  "password": null
}