{
  "id": "gen9championsbssregma-2583315447",
  "format": "[Gen 9 Champions] BSS Reg M-A",
  "players": [
    "jamel1",
    "AC180"
  ],
  "log": "|j|\u2606jamel1\n|j|\u203dAC180\n|t:|1776166149\n|gametype|singles\n|player|p1|jamel1|cyrus|1367\n|player|p2|AC180|102|1262\n|gen|9\n|tier|[Gen 9 Champions] BSS Reg M-A\n|rated|\n|rule|Species Clause: Limit one of each Pok\u00e9mon\n|rule|Item Clause: Limit 1 of each item\n|clearpoke\n|poke|p1|Emboar, L50, M|\n|poke|p1|Abomasnow, L50, F|\n|poke|p1|Gyarados, L50, M|\n|poke|p1|Gengar, L50, F|\n|poke|p1|Clefable, L50, M|\n|poke|p1|Lopunny, L50, M|\n|poke|p2|Garchomp, L50, F|\n|poke|p2|Umbreon, L50, M|\n|poke|p2|Gengar, L50, M|\n|poke|p2|Archaludon, L50, F|\n|poke|p2|Primarina, L50, M|\n|poke|p2|Scizor, L50, M|\n|teampreview|3\n|\n|t:|1776166182\n|teamsize|p1|3\n|teamsize|p2|3\n|start\n|switch|p1a: Gengar|Gengar, L50, F, shiny|100/100\n|switch|p2a: Archaludon|Archaludon, L50, F|100/100\n|turn|1\n|inactive|Battle timer is ON: inactive players will automatically lose when time's up. (requested by AC180)\n|\n|t:|1776166193\n|move|p1a: Gengar|Hypnosis|p2a: Archaludon|[miss]\n|-miss|p1a: Gengar|p2a: Archaludon\n|move|p2a: Archaludon|Dragon Tail|p1a: Gengar\n|-damage|p1a: Gengar|63/100\n|drag|p1a: Emboar|Emboar, L50, M|100/100\n|\n|upkeep\n|turn|2\n|\n|t:|1776166203\n|switch|p1a: Gengar|Gengar, L50, F, shiny|63/100\n|move|p2a: Archaludon|Stealth Rock|p1a: Gengar\n|-sidestart|p1: jamel1|move: Stealth Rock\n|\n|upkeep\n|turn|3\n|\n|t:|1776166207\n|move|p1a: Gengar|Focus Blast|p2a: Archaludon\n|-supereffective|p2a: Archaludon|1\n|-damage|p2a: Archaludon|0 fnt\n|faint|p2a: Archaludon\n|\n|upkeep\n|j| p74\n|\n|t:|1776166213\n|switch|p2a: Gengar|Gengar, L50, M|100/100\n|turn|4\n|\n|t:|1776166217\n|detailschange|p2a: Gengar|Gengar-Mega, L50, M\n|-mega|p2a: Gengar|Gengar|Gengarite\n|move|p2a: Gengar|Shadow Ball|p1a: Gengar\n|-supereffective|p1a: Gengar|1\n|-damage|p1a: Gengar|0 fnt\n|faint|p1a: Gengar\n|\n|upkeep\n|\n|t:|1776166221\n|switch|p1a: Lopunny|Lopunny, L50, M|100/100\n|-damage|p1a: Lopunny|88/100|[from] Stealth Rock\n|turn|5\n|\n|t:|1776166238\n|move|p2a: Gengar|Focus Blast|p1a: Lopunny\n|-supereffective|p1a: Lopunny|1\n|-crit|p1a: Lopunny\n|-damage|p1a: Lopunny|0 fnt\n|faint|p1a: Lopunny\n|\n|upkeep\n|\n|t:|1776166241\n|switch|p1a: Emboar|Emboar, L50, M|100/100\n|-damage|p1a: Emboar|88/100|[from] Stealth Rock\n|turn|6\n|\n|t:|1776166250\n|detailschange|p1a: Emboar|Emboar-Mega, L50, M\n|-mega|p1a: Emboar|Emboar|Emboarite\n|-ability|p1a: Emboar|Mold Breaker\n|move|p2a: Gengar|Sludge Wave|p1a: Emboar\n|-damage|p1a: Emboar|33/100\n|move|p1a: Emboar|Flame Charge|p2a: Gengar\n|-damage|p2a: Gengar|52/100\n|-boost|p1a: Emboar|spe|1\n|\n|upkeep\n|turn|7\n|\n|t:|1776166261\n|move|p2a: Gengar|Sludge Wave|p1a: Emboar\n|-damage|p1a: Emboar|0 fnt\n|faint|p1a: Emboar\n|\n|win|AC180\n|raw|jamel1's rating: 1367 &rarr; <strong>1341</strong><br />(-26 for losing)\n|raw|AC180's rating: 1262 &rarr; <strong>1294</strong><br />(+32 for winning)\n|l|\u2606jamel1\n|player|p1|\n|l|\u203dAC180\n|player|p2|\n",
  "uploadtime": 1776166279,
  "views": 3,
  "formatid": "gen9championsbssregma",
  "rating": 1294,
  "private": 0,
  "password": null
}