{
  "id": "gen9championsbssregma-2583254664",
  "format": "[Gen 9 Champions] BSS Reg M-A",
  "players": [
    "S1E1X1Y1",
    "fletchyfletchy"
  ],
  "log": "|j|\u2606S1E1X1Y1\n|j|\u2606fletchyfletchy\n|t:|1776159967\n|gametype|singles\n|player|p1|S1E1X1Y1|265|1086\n|player|p2|fletchyfletchy|liko|1024\n|gen|9\n|tier|[Gen 9 Champions] BSS Reg M-A\n|rated|\n|rule|Species Clause: Limit one of each Pok\u00e9mon\n|rule|Item Clause: Limit 1 of each item\n|clearpoke\n|poke|p1|Garchomp, L50, F|\n|poke|p1|Rotom-Wash, L50|\n|poke|p1|Corviknight, L50, F|\n|poke|p1|Dragapult, L50, F|\n|poke|p1|Mamoswine, L50, M|\n|poke|p1|Gyarados, L50, M|\n|poke|p2|Lucario, L50, F|\n|poke|p2|Basculegion, L50, M|\n|poke|p2|Meowscarada, L50, M|\n|poke|p2|Aegislash, L50, M|\n|poke|p2|Charizard, L50, F|\n|poke|p2|Sylveon, L50, M|\n|teampreview|3\n|\n|t:|1776159999\n|teamsize|p1|3\n|teamsize|p2|3\n|start\n|switch|p1a: Dragapult|Dragapult, L50, F|100/100\n|switch|p2a: Sylveon|Sylveon, L50, M|100/100\n|turn|1\n|\n|t:|1776160041\n|move|p1a: Dragapult|U-turn|p2a: Sylveon\n|-resisted|p2a: Sylveon|1\n|-damage|p2a: Sylveon|87/100\n|\n|t:|1776160045\n|switch|p1a: Mamoswine|Mamoswine, L50, M|100/100|[from] U-turn\n|move|p2a: Sylveon|Yawn|p1a: Mamoswine\n|-start|p1a: Mamoswine|move: Yawn|[of] p2a: Sylveon\n|\n|upkeep\n|turn|2\n|\n|t:|1776160069\n|move|p1a: Mamoswine|Iron Head|p2a: Sylveon\n|-supereffective|p2a: Sylveon|1\n|-damage|p2a: Sylveon|16/100\n|-enditem|p2a: Sylveon|Sitrus Berry|[eat]\n|-heal|p2a: Sylveon|41/100|[from] item: Sitrus Berry\n|move|p2a: Sylveon|Hyper Voice|p1a: Mamoswine\n|-damage|p1a: Mamoswine|17/100\n|\n|-end|p1a: Mamoswine|move: Yawn|[silent]\n|-status|p1a: Mamoswine|slp\n|upkeep\n|turn|3\n|\n|t:|1776160080\n|cant|p1a: Mamoswine|slp\n|move|p2a: Sylveon|Hyper Voice|p1a: Mamoswine\n|-damage|p1a: Mamoswine|0 fnt\n|faint|p1a: Mamoswine\n|\n|upkeep\n|\n|t:|1776160091\n|switch|p1a: Gyarados|Gyarados, L50, M|100/100\n|-ability|p1a: Gyarados|Intimidate|boost\n|-unboost|p2a: Sylveon|atk|1\n|turn|4\n|\n|t:|1776160144\n|move|p1a: Gyarados|Dragon Dance|p1a: Gyarados\n|-boost|p1a: Gyarados|atk|1\n|-boost|p1a: Gyarados|spe|1\n|move|p2a: Sylveon|Hyper Voice|p1a: Gyarados\n|-damage|p1a: Gyarados|44/100\n|\n|upkeep\n|turn|5\n|\n|t:|1776160173\n|detailschange|p1a: Gyarados|Gyarados-Mega, L50, M\n|-mega|p1a: Gyarados|Gyarados|Gyaradosite\n|-ability|p1a: Gyarados|Mold Breaker\n|move|p2a: Sylveon|Quick Attack|p1a: Gyarados\n|-supereffective|p1a: Gyarados|1\n|-damage|p1a: Gyarados|27/100\n|move|p1a: Gyarados|Waterfall|p2a: Sylveon\n|-damage|p2a: Sylveon|0 fnt\n|faint|p2a: Sylveon\n|\n|upkeep\n|\n|t:|1776160182\n|switch|p2a: Meowscarada|Meowscarada, L50, M|100/100\n|turn|6\n|\n|t:|1776160231\n|move|p1a: Gyarados|Waterfall|p2a: Meowscarada\n|-resisted|p2a: Meowscarada|1\n|-damage|p2a: Meowscarada|40/100\n|move|p2a: Meowscarada|U-turn|p1a: Gyarados\n|-start|p2a: Meowscarada|typechange|Bug|[from] ability: Protean\n|-supereffective|p1a: Gyarados|1\n|-damage|p1a: Gyarados|0 fnt\n|faint|p1a: Gyarados\n|\n|t:|1776160250\n|switch|p2a: Aegislash|Aegislash, L50, M|100/100|[from] U-turn\n|\n|upkeep\n|\n|t:|1776160254\n|switch|p1a: Dragapult|Dragapult, L50, F|100/100\n|turn|7\n|inactive|Battle timer is ON: inactive players will automatically lose when time's up. (requested by fletchyfletchy)\n|\n|t:|1776160264\n|move|p2a: Aegislash|King's Shield|p2a: Aegislash\n|-singleturn|p2a: Aegislash|Protect\n|move|p1a: Dragapult|Flamethrower|p2a: Aegislash\n|-activate|p2a: Aegislash|move: Protect\n|\n|upkeep\n|turn|8\n|\n|t:|1776160280\n|move|p1a: Dragapult|Flamethrower|p2a: Aegislash\n|-supereffective|p2a: Aegislash|1\n|-damage|p2a: Aegislash|66/100\n|-formechange|p2a: Aegislash|Aegislash-Blade|\n|move|p2a: Aegislash|Shadow Claw|p1a: Dragapult\n|-supereffective|p1a: Dragapult|1\n|-damage|p1a: Dragapult|0 fnt\n|faint|p1a: Dragapult\n|\n|win|fletchyfletchy\n|raw|S1E1X1Y1's rating: 1086 &rarr; <strong>1059</strong><br />(-27 for losing)\n|raw|fletchyfletchy's rating: 1024 &rarr; <strong>1067</strong><br />(+43 for winning)\n",
  "uploadtime": 1776160280,
  "views": 3,
  "formatid": "gen9championsbssregma",
  "rating": 1059,
  "private": 0,
  "password": null
}