{
  "id": "gen9championsbssregma-2585785719",
  "format": "[Gen 9 Champions] BSS Reg M-A",
  "players": [
    "innerbeam",
    "harald283"
  ],
  "log": "|j|\u2606innerbeam\n|j|\u2606harald283\n|t:|1776370500\n|gametype|singles\n|player|p1|innerbeam|101|1115\n|player|p2|harald283|drayden|1204\n|gen|9\n|tier|[Gen 9 Champions] BSS Reg M-A\n|rated|\n|rule|Species Clause: Limit one of each Pok\u00e9mon\n|rule|Item Clause: Limit 1 of each item\n|clearpoke\n|poke|p1|Scovillain, L50, F|\n|poke|p1|Gengar, L50, M|\n|poke|p1|Garchomp, L50, M|\n|poke|p1|Tyranitar, L50, M|\n|poke|p1|Toucannon, L50, M|\n|poke|p1|Weavile, L50, M|\n|poke|p2|Hippowdon, L50, M|\n|poke|p2|Garchomp, L50, M|\n|poke|p2|Charizard, L50, M|\n|poke|p2|Aegislash, L50, M|\n|poke|p2|Glimmora, L50, M|\n|poke|p2|Corviknight, L50, M|\n|teampreview|3\n|inactive|Battle timer is ON: inactive players will automatically lose when time's up. (requested by innerbeam)\n|j| Esslinger\n|inactive|innerbeam has 60 seconds left.\n|\n|t:|1776370535\n|teamsize|p1|3\n|teamsize|p2|3\n|start\n|switch|p1a: Garchomp|Garchomp, L50, M|100/100\n|switch|p2a: Glimmora|Glimmora, L50, M, shiny|100/100\n|turn|1\n|\n|t:|1776370547\n|move|p1a: Garchomp|Earthquake|p2a: Glimmora\n|-supereffective|p2a: Glimmora|2\n|-enditem|p2a: Glimmora|Focus Sash\n|-damage|p2a: Glimmora|1/100\n|-activate|p2a: Glimmora|ability: Toxic Debris\n|-sidestart|p1: innerbeam|move: Toxic Spikes\n|move|p2a: Glimmora|Mortal Spin|p1a: Garchomp\n|-resisted|p1a: Garchomp|1\n|-damage|p1a: Garchomp|96/100\n|-status|p1a: Garchomp|psn\n|-damage|p2a: Glimmora|0 fnt|[from] ability: Rough Skin|[of] p1a: Garchomp\n|faint|p2a: Glimmora\n|\n|-damage|p1a: Garchomp|83/100 psn|[from] psn\n|upkeep\n|\n|t:|1776370568\n|switch|p2a: Charizard|Charizard, L50, M, shiny|100/100\n|turn|2\n|\n|t:|1776370579\n|detailschange|p2a: Charizard|Charizard-Mega-Y, L50, M, shiny\n|-mega|p2a: Charizard|Charizard|Charizardite Y\n|-weather|SunnyDay|[from] ability: Drought|[of] p2a: Charizard\n|move|p2a: Charizard|Protect|p2a: Charizard\n|-singleturn|p2a: Charizard|Protect\n|move|p1a: Garchomp|Stone Edge|p2a: Charizard\n|-activate|p2a: Charizard|move: Protect\n|\n|-weather|SunnyDay|[upkeep]\n|-damage|p1a: Garchomp|71/100 psn|[from] psn\n|upkeep\n|turn|3\n|\n|t:|1776370597\n|switch|p2a: Aegislash|Aegislash, L50, M, shiny|100/100\n|move|p1a: Garchomp|Stone Edge|p2a: Aegislash\n|-resisted|p2a: Aegislash|1\n|-damage|p2a: Aegislash|87/100\n|\n|-weather|SunnyDay|[upkeep]\n|-heal|p2a: Aegislash|93/100|[from] item: Leftovers\n|-damage|p1a: Garchomp|58/100 psn|[from] psn\n|upkeep\n|turn|4\n|inactive|harald283 has 30 seconds left.\n|\n|t:|1776370626\n|switch|p1a: Weavile|Weavile, L50, M|100/100\n|-status|p1a: Weavile|psn\n|move|p2a: Aegislash|King's Shield||[still]\n|-fail|p2a: Aegislash\n|\n|-weather|SunnyDay|[upkeep]\n|-heal|p2a: Aegislash|99/100|[from] item: Leftovers\n|-damage|p1a: Weavile|88/100 psn|[from] psn\n|upkeep\n|turn|5\n|\n|t:|1776370639\n|move|p1a: Weavile|Knock Off|p2a: Aegislash\n|-supereffective|p2a: Aegislash|1\n|-damage|p2a: Aegislash|16/100\n|-enditem|p2a: Aegislash|Leftovers|[from] move: Knock Off|[of] p1a: Weavile\n|-formechange|p2a: Aegislash|Aegislash-Blade|\n|move|p2a: Aegislash|Iron Head|p1a: Weavile\n|-supereffective|p1a: Weavile|1\n|-damage|p1a: Weavile|0 fnt\n|faint|p1a: Weavile\n|\n|-weather|SunnyDay|[upkeep]\n|upkeep\n|\n|t:|1776370646\n|switch|p1a: Scovillain|Scovillain, L50, F|100/100\n|-status|p1a: Scovillain|psn\n|turn|6\n|\n|t:|1776370658\n|-formechange|p2a: Aegislash|Aegislash|\n|move|p2a: Aegislash|King's Shield|p2a: Aegislash\n|-singleturn|p2a: Aegislash|Protect\n|move|p1a: Scovillain|Flamethrower|p2a: Aegislash\n|-activate|p2a: Aegislash|move: Protect\n|\n|-weather|none\n|-damage|p1a: Scovillain|88/100 psn|[from] psn\n|-ability|p1a: Scovillain|Moody|boost\n|-boost|p1a: Scovillain|spa|2\n|-unboost|p1a: Scovillain|def|1\n|upkeep\n|turn|7\n|\n|t:|1776370672\n|switch|p2a: Charizard|Charizard-Mega-Y, L50, M, shiny|100/100\n|-weather|SunnyDay|[from] ability: Drought|[of] p2a: Charizard\n|move|p1a: Scovillain|Flamethrower|p2a: Charizard\n|-resisted|p2a: Charizard|1\n|-damage|p2a: Charizard|24/100\n|\n|-weather|SunnyDay|[upkeep]\n|-damage|p1a: Scovillain|76/100 psn|[from] psn\n|-ability|p1a: Scovillain|Moody|boost\n|-boost|p1a: Scovillain|spa|2\n|-unboost|p1a: Scovillain|spd|1\n|upkeep\n|turn|8\n|\n|t:|1776370690\n|move|p1a: Scovillain|Protect|p1a: Scovillain\n|-singleturn|p1a: Scovillain|Protect\n|move|p2a: Charizard|Weather Ball|p1a: Scovillain\n|-activate|p1a: Scovillain|move: Protect\n|\n|-weather|SunnyDay|[upkeep]\n|-damage|p1a: Scovillain|64/100 psn|[from] psn\n|-ability|p1a: Scovillain|Moody|boost\n|-boost|p1a: Scovillain|atk|2\n|-unboost|p1a: Scovillain|spa|1\n|upkeep\n|turn|9\n|\n|t:|1776370710\n|move|p1a: Scovillain|Protect|p1a: Scovillain\n|-singleturn|p1a: Scovillain|Protect\n|move|p2a: Charizard|Weather Ball|p1a: Scovillain\n|-activate|p1a: Scovillain|move: Protect\n|\n|-weather|SunnyDay|[upkeep]\n|-damage|p1a: Scovillain|52/100 psn|[from] psn\n|-ability|p1a: Scovillain|Moody|boost\n|-boost|p1a: Scovillain|def|2\n|-unboost|p1a: Scovillain|atk|1\n|upkeep\n|turn|10\n|\n|t:|1776370722\n|detailschange|p1a: Scovillain|Scovillain-Mega, L50, F\n|-mega|p1a: Scovillain|Scovillain|Scovillainite\n|move|p2a: Charizard|Weather Ball|p1a: Scovillain\n|-damage|p1a: Scovillain|0 fnt\n|-immune|p2a: Charizard\n|faint|p1a: Scovillain\n|\n|-weather|SunnyDay|[upkeep]\n|upkeep\n|\n|t:|1776370727\n|switch|p1a: Garchomp|Garchomp, L50, M|58/100 psn\n|turn|11\n|\n|t:|1776370746\n|switch|p2a: Aegislash|Aegislash, L50, M, shiny|16/100\n|move|p1a: Garchomp|Scale Shot|p2a: Aegislash\n|-resisted|p2a: Aegislash|1\n|-damage|p2a: Aegislash|11/100\n|-resisted|p2a: Aegislash|1\n|-damage|p2a: Aegislash|5/100\n|-hitcount|p2a: Aegislash|2\n|-unboost|p1a: Garchomp|def|1\n|-boost|p1a: Garchomp|spe|1\n|\n|-weather|none\n|-damage|p1a: Garchomp|46/100 psn|[from] psn\n|upkeep\n|turn|12\n|\n|t:|1776370765\n|move|p2a: Aegislash|King's Shield|p2a: Aegislash\n|-singleturn|p2a: Aegislash|Protect\n|move|p1a: Garchomp|Scale Shot|p2a: Aegislash\n|-activate|p2a: Aegislash|move: Protect\n|\n|-damage|p1a: Garchomp|33/100 psn|[from] psn\n|upkeep\n|turn|13\n|\n|t:|1776370773\n|-formechange|p2a: Aegislash|Aegislash-Blade|\n|move|p2a: Aegislash|Shadow Sneak|p1a: Garchomp\n|-damage|p1a: Garchomp|7/100 psn\n|-damage|p2a: Aegislash|0 fnt|[from] ability: Rough Skin|[of] p1a: Garchomp\n|faint|p2a: Aegislash\n|move|p1a: Garchomp|Stone Edge|p2: Aegislash|[notarget]\n|-fail|p1a: Garchomp\n|\n|-damage|p1a: Garchomp|0 fnt|[from] psn\n|faint|p1a: Garchomp\n|\n|win|harald283\n|raw|innerbeam's rating: 1115 &rarr; <strong>1096</strong><br />(-19 for losing)\n|raw|harald283's rating: 1204 &rarr; <strong>1223</strong><br />(+19 for winning)\n|l|\u2606innerbeam\n|player|p1|\n",
  "uploadtime": 1776370786,
  "views": 3,
  "formatid": "gen9championsbssregma",
  "rating": 1096,
  "private": 0,
  "password": null
}