{
  "id": "gen9championsbssregma-2584951731",
  "format": "[Gen 9 Champions] BSS Reg M-A",
  "players": [
    "Clown IRL",
    "zaliyeyuan"
  ],
  "log": "|j|\u2606Clown IRL\n|j|\u2606zaliyeyuan\n|t:|1776297537\n|gametype|singles\n|player|p1|Clown IRL|harlequin|1300\n|player|p2|zaliyeyuan|artist-gen4|1240\n|gen|9\n|tier|[Gen 9 Champions] BSS Reg M-A\n|rated|\n|rule|Species Clause: Limit one of each Pok\u00e9mon\n|rule|Item Clause: Limit 1 of each item\n|clearpoke\n|poke|p1|Starmie, L50|\n|poke|p1|Pelipper, L50, M|\n|poke|p1|Chesnaught, L50, F|\n|poke|p1|Kleavor, L50, F|\n|poke|p1|Hydreigon, L50, M|\n|poke|p1|Toxapex, L50, M|\n|poke|p2|Starmie, L50|\n|poke|p2|Hydreigon, L50, F|\n|poke|p2|Hippowdon, L50, F|\n|poke|p2|Rotom-Wash, L50|\n|poke|p2|Aegislash, L50, M|\n|poke|p2|Floette-Eternal, L50, F|\n|teampreview|3\n|\n|t:|1776297568\n|teamsize|p1|3\n|teamsize|p2|3\n|start\n|switch|p1a: Hydreigon|Hydreigon, L50, M|100/100\n|switch|p2a: Floette|Floette-Eternal, L50, F|100/100\n|turn|1\n|\n|t:|1776297587\n|switch|p1a: Toxapex|Toxapex, L50, M|100/100\n|detailschange|p2a: Floette|Floette-Mega, L50, F\n|-mega|p2a: Floette|Floette|Floettite\n|-ability|p2a: Floette|Fairy Aura\n|move|p2a: Floette|Calm Mind|p2a: Floette\n|-boost|p2a: Floette|spa|1\n|-boost|p2a: Floette|spd|1\n|\n|upkeep\n|turn|2\n|j| p74\n|\n|t:|1776297604\n|switch|p2a: Rotom|Rotom-Wash, L50|100/100\n|move|p1a: Toxapex|Toxic|p2a: Rotom\n|-status|p2a: Rotom|tox\n|\n|-damage|p2a: Rotom|95/100 tox|[from] psn\n|upkeep\n|turn|3\n|\n|t:|1776297613\n|switch|p1a: Hydreigon|Hydreigon, L50, M|100/100\n|move|p2a: Rotom|Will-O-Wisp|p1a: Hydreigon\n|-status|p1a: Hydreigon|brn\n|\n|-heal|p2a: Rotom|100/100 tox|[from] item: Leftovers\n|-damage|p2a: Rotom|89/100 tox|[from] psn\n|-damage|p1a: Hydreigon|94/100 brn|[from] brn\n|upkeep\n|turn|4\n|\n|t:|1776297625\n|switch|p2a: Floette|Floette-Mega, L50, F|100/100\n|-ability|p2a: Floette|Fairy Aura\n|move|p1a: Hydreigon|Dark Pulse|p2a: Floette\n|-resisted|p2a: Floette|1\n|-damage|p2a: Floette|89/100\n|\n|-damage|p1a: Hydreigon|88/100 brn|[from] brn\n|upkeep\n|turn|5\n|\n|t:|1776297636\n|move|p2a: Floette|Moonblast|p1a: Hydreigon\n|-supereffective|p1a: Hydreigon|2\n|-damage|p1a: Hydreigon|0 fnt\n|faint|p1a: Hydreigon\n|\n|upkeep\n|\n|t:|1776297638\n|switch|p1a: Toxapex|Toxapex, L50, M|100/100\n|turn|6\n|\n|t:|1776297646\n|switch|p2a: Rotom|Rotom-Wash, L50|89/100 tox\n|move|p1a: Toxapex|Infestation|p2a: Rotom\n|-damage|p2a: Rotom|85/100 tox\n|-activate|p2a: Rotom|move: Infestation|[of] p1a: Toxapex\n|\n|-heal|p2a: Rotom|91/100 tox|[from] item: Leftovers\n|-damage|p2a: Rotom|85/100 tox|[from] psn\n|-damage|p2a: Rotom|73/100 tox|[from] move: Infestation|[partiallytrapped]\n|upkeep\n|turn|7\n|\n|t:|1776297656\n|move|p2a: Rotom|Will-O-Wisp|p1a: Toxapex|[miss]\n|-miss|p2a: Rotom|p1a: Toxapex\n|move|p1a: Toxapex|Toxic Spikes|p2a: Rotom\n|-sidestart|p2: zaliyeyuan|move: Toxic Spikes\n|\n|-heal|p2a: Rotom|79/100 tox|[from] item: Leftovers\n|-damage|p2a: Rotom|67/100 tox|[from] psn\n|-damage|p2a: Rotom|55/100 tox|[from] move: Infestation|[partiallytrapped]\n|upkeep\n|turn|8\n|\n|t:|1776297666\n|move|p2a: Rotom|Will-O-Wisp|p1a: Toxapex\n|-status|p1a: Toxapex|brn\n|move|p1a: Toxapex|Toxic Spikes|p2a: Rotom\n|-sidestart|p2: zaliyeyuan|move: Toxic Spikes\n|\n|-heal|p2a: Rotom|61/100 tox|[from] item: Leftovers\n|-damage|p2a: Rotom|44/100 tox|[from] psn\n|-damage|p1a: Toxapex|95/100 brn|[from] brn\n|-damage|p2a: Rotom|32/100 tox|[from] move: Infestation|[partiallytrapped]\n|upkeep\n|turn|9\n|\n|t:|1776297680\n|move|p2a: Rotom|Thunderbolt|p1a: Toxapex\n|-supereffective|p1a: Toxapex|1\n|-damage|p1a: Toxapex|53/100 brn\n|move|p1a: Toxapex|Recover|p1a: Toxapex\n|-heal|p1a: Toxapex|100/100 brn\n|\n|-heal|p2a: Rotom|37/100 tox|[from] item: Leftovers\n|-damage|p2a: Rotom|15/100 tox|[from] psn\n|-damage|p1a: Toxapex|95/100 brn|[from] brn\n|-damage|p2a: Rotom|2/100 tox|[from] move: Infestation|[partiallytrapped]\n|upkeep\n|turn|10\n|\n|t:|1776297691\n|move|p2a: Rotom|Thunderbolt|p1a: Toxapex\n|-supereffective|p1a: Toxapex|1\n|-damage|p1a: Toxapex|49/100 brn\n|move|p1a: Toxapex|Recover|p1a: Toxapex\n|-heal|p1a: Toxapex|99/100 brn\n|\n|-heal|p2a: Rotom|8/100 tox|[from] item: Leftovers\n|-heal|p1a: Toxapex|100/100 brn|[from] item: Leftovers\n|-damage|p2a: Rotom|0 fnt|[from] psn\n|faint|p2a: Rotom\n|-damage|p1a: Toxapex|95/100 brn|[from] brn\n|upkeep\n|\n|t:|1776297706\n|switch|p2a: Starmie|Starmie, L50, shiny|100/100\n|-status|p2a: Starmie|tox\n|turn|11\n|\n|t:|1776297711\n|move|p2a: Starmie|Zen Headbutt|p1a: Toxapex\n|-supereffective|p1a: Toxapex|1\n|-crit|p1a: Toxapex\n|-damage|p1a: Toxapex|26/100 brn\n|move|p1a: Toxapex|Infestation|p2a: Starmie\n|-supereffective|p2a: Starmie|1\n|-damage|p2a: Starmie|90/100 tox\n|-activate|p2a: Starmie|move: Infestation|[of] p1a: Toxapex\n|\n|-heal|p1a: Toxapex|32/100 brn|[from] item: Leftovers\n|-damage|p2a: Starmie|84/100 tox|[from] psn\n|-damage|p1a: Toxapex|26/100 brn|[from] brn\n|-damage|p2a: Starmie|72/100 tox|[from] move: Infestation|[partiallytrapped]\n|upkeep\n|turn|12\n|\n|t:|1776297724\n|switch|p1a: Minos Prime|Starmie, L50|100/100\n|move|p2a: Starmie|Zen Headbutt|p1a: Minos Prime\n|-resisted|p1a: Minos Prime|1\n|-damage|p1a: Minos Prime|81/100\n|\n|-damage|p2a: Starmie|60/100 tox|[from] psn\n|-end|p2a: Starmie|Infestation|[partiallytrapped]|[silent]\n|upkeep\n|turn|13\n|\n|t:|1776297733\n|detailschange|p1a: Minos Prime|Starmie-Mega, L50\n|-mega|p1a: Minos Prime|Starmie|Starminite\n|move|p2a: Starmie|Liquidation|p1a: Minos Prime\n|-resisted|p1a: Minos Prime|1\n|-damage|p1a: Minos Prime|62/100\n|-unboost|p1a: Minos Prime|def|1\n|move|p1a: Minos Prime|Liquidation|p2a: Starmie\n|-resisted|p2a: Starmie|1\n|-damage|p2a: Starmie|0 fnt\n|faint|p2a: Starmie\n|\n|upkeep\n|\n|t:|1776297745\n|switch|p2a: Floette|Floette-Mega, L50, F|89/100\n|-status|p2a: Floette|tox\n|-ability|p2a: Floette|Fairy Aura\n|turn|14\n|\n|t:|1776297753\n|move|p1a: Minos Prime|Liquidation|p2a: Floette\n|-damage|p2a: Floette|10/100 tox\n|-unboost|p2a: Floette|def|1\n|move|p2a: Floette|Draining Kiss|p1a: Minos Prime\n|-damage|p1a: Minos Prime|17/100\n|-heal|p2a: Floette|36/100 tox|[from] drain|[of] p1a: Minos Prime\n|\n|-damage|p2a: Floette|30/100 tox|[from] psn\n|upkeep\n|turn|15\n|c|\u2606Clown IRL|gg\n|-message|zaliyeyuan forfeited.\n|\n|win|Clown IRL\n|raw|Clown IRL's rating: 1300 &rarr; <strong>1321</strong><br />(+21 for winning)\n|raw|zaliyeyuan's rating: 1240 &rarr; <strong>1219</strong><br />(-21 for losing)\n|l|\u2606zaliyeyuan\n|player|p2|\n|l|\u2606Clown IRL\n|player|p1|\n",
  "uploadtime": 1776298568,
  "views": 3,
  "formatid": "gen9championsbssregma",
  "rating": 1219,
  "private": 0,
  "password": null
}