{
  "id": "gen9championsbssregma-2580834148",
  "format": "[Gen 9 Champions] BSS Reg M-A",
  "players": [
    "Meteorplayz_",
    "SkelyStealth"
  ],
  "log": "|j|\u2606Meteorplayz_\n|j|\u2606SkelyStealth\n|t:|1775936273\n|gametype|singles\n|player|p1|Meteorplayz_|winona-gen6|1053\n|player|p2|SkelyStealth|170|1140\n|gen|9\n|tier|[Gen 9 Champions] BSS Reg M-A\n|rated|\n|rule|Species Clause: Limit one of each Pok\u00e9mon\n|rule|Item Clause: Limit 1 of each item\n|clearpoke\n|poke|p1|Meowscarada, L50, M|\n|poke|p1|Milotic, L50, M|\n|poke|p1|Aegislash, L50, M|\n|poke|p1|Dragonite, L50, M|\n|poke|p1|Slowking-Galar, L50, F|\n|poke|p1|Lopunny, L50, M|\n|poke|p2|Ninetales-Alola, L50, F|\n|poke|p2|Orthworm, L50, F|\n|poke|p2|Dragonite, L50, F|\n|poke|p2|Charizard, L50, F|\n|poke|p2|Lopunny, L50, M|\n|poke|p2|Blastoise, L50, F|\n|teampreview|3\n|inactive|Battle timer is ON: inactive players will automatically lose when time's up. (requested by SkelyStealth)\n|\n|t:|1775936301\n|teamsize|p1|3\n|teamsize|p2|3\n|start\n|switch|p1a: Lopunny|Lopunny, L50, M|100/100\n|switch|p2a: GLHF|Ninetales-Alola, L50, F|100/100\n|-weather|Snowscape|[from] ability: Snow Warning|[of] p2a: GLHF\n|turn|1\n|\n|t:|1775936307\n|detailschange|p1a: Lopunny|Lopunny-Mega, L50, M\n|-mega|p1a: Lopunny|Lopunny|Lopunnite\n|move|p1a: Lopunny|Fake Out|p2a: GLHF\n|-damage|p2a: GLHF|78/100\n|cant|p2a: GLHF|flinch\n|\n|-weather|Snowscape|[upkeep]\n|upkeep\n|turn|2\n|\n|t:|1775936314\n|move|p1a: Lopunny|U-turn|p2a: GLHF\n|-resisted|p2a: GLHF|1\n|-crit|p2a: GLHF\n|-damage|p2a: GLHF|58/100\n|\n|t:|1775936317\n|switch|p1a: Aegislash|Aegislash, L50, M|100/100|[from] U-turn\n|move|p2a: GLHF|Aurora Veil|p2a: GLHF\n|-sidestart|p2: SkelyStealth|move: Aurora Veil\n|\n|-weather|Snowscape|[upkeep]\n|upkeep\n|turn|3\n|\n|t:|1775936320\n|switch|p2a: Lagtrain|Orthworm, L50, F|100/100\n|move|p1a: Aegislash|Swords Dance|p1a: Aegislash\n|-boost|p1a: Aegislash|atk|2\n|\n|-weather|Snowscape|[upkeep]\n|upkeep\n|turn|4\n|\n|t:|1775936324\n|move|p2a: Lagtrain|Shed Tail|p2a: Lagtrain\n|-start|p2a: Lagtrain|Substitute|[from] move: Shed Tail\n|-damage|p2a: Lagtrain|50/100\n|-enditem|p2a: Lagtrain|Sitrus Berry|[eat]\n|-heal|p2a: Lagtrain|75/100|[from] item: Sitrus Berry\n|\n|t:|1775936327\n|switch|p2a: Fly My Wings|Dragonite, L50, F|100/100|[from] Shed Tail\n|move|p1a: Aegislash|Swords Dance|p1a: Aegislash\n|-boost|p1a: Aegislash|atk|2\n|\n|-weather|Snowscape|[upkeep]\n|upkeep\n|turn|5\n|\n|t:|1775936337\n|detailschange|p2a: Fly My Wings|Dragonite-Mega, L50, F\n|-mega|p2a: Fly My Wings|Dragonite|Dragoninite\n|move|p2a: Fly My Wings|Agility|p2a: Fly My Wings\n|-boost|p2a: Fly My Wings|spe|2\n|-formechange|p1a: Aegislash|Aegislash-Blade|\n|move|p1a: Aegislash|Poltergeist|p2a: Fly My Wings\n|-activate|p2a: Fly My Wings|move: Poltergeist|Dragoninite\n|-end|p2a: Fly My Wings|Substitute\n|\n|-weather|none\n|upkeep\n|turn|6\n|\n|t:|1775936347\n|-formechange|p1a: Aegislash|Aegislash|\n|move|p1a: Aegislash|King's Shield|p1a: Aegislash\n|-singleturn|p1a: Aegislash|Protect\n|move|p2a: Fly My Wings|Fire Blast|p1a: Aegislash\n|-activate|p1a: Aegislash|move: Protect\n|\n|-sideend|p2: SkelyStealth|move: Aurora Veil\n|upkeep\n|turn|7\n|\n|t:|1775936353\n|-formechange|p1a: Aegislash|Aegislash-Blade|\n|move|p1a: Aegislash|Shadow Sneak|p2a: Fly My Wings\n|-damage|p2a: Fly My Wings|72/100\n|move|p2a: Fly My Wings|Fire Blast|p1a: Aegislash\n|-supereffective|p1a: Aegislash|1\n|-damage|p1a: Aegislash|0 fnt\n|faint|p1a: Aegislash\n|\n|upkeep\n|\n|t:|1775936358\n|switch|p1a: Dragonite|Dragonite, L50, M|100/100\n|turn|8\n|\n|t:|1775936365\n|move|p2a: Fly My Wings|Dragon Pulse|p1a: Dragonite\n|-supereffective|p1a: Dragonite|1\n|-damage|p1a: Dragonite|44/100\n|-enditem|p1a: Dragonite|Sitrus Berry|[eat]\n|-heal|p1a: Dragonite|69/100|[from] item: Sitrus Berry\n|move|p1a: Dragonite|Outrage|p2a: Fly My Wings\n|-supereffective|p2a: Fly My Wings|1\n|-damage|p2a: Fly My Wings|0 fnt\n|faint|p2a: Fly My Wings\n|\n|upkeep\n|\n|t:|1775936377\n|switch|p2a: Lagtrain|Orthworm, L50, F|75/100\n|turn|9\n|\n|t:|1775936382\n|move|p1a: Dragonite|Outrage|p2a: Lagtrain|[from] lockedmove\n|-resisted|p2a: Lagtrain|1\n|-damage|p2a: Lagtrain|48/100\n|-start|p1a: Dragonite|confusion|[fatigue]\n|move|p2a: Lagtrain|Iron Defense|p2a: Lagtrain\n|-boost|p2a: Lagtrain|def|2\n|\n|upkeep\n|turn|10\n|\n|t:|1775936387\n|-activate|p1a: Dragonite|confusion\n|-damage|p1a: Dragonite|52/100|[from] confusion\n|move|p2a: Lagtrain|Iron Defense|p2a: Lagtrain\n|-boost|p2a: Lagtrain|def|2\n|\n|upkeep\n|turn|11\n|\n|t:|1775936394\n|-end|p1a: Dragonite|confusion\n|move|p1a: Dragonite|Brick Break|p2a: Lagtrain\n|-supereffective|p2a: Lagtrain|1\n|-damage|p2a: Lagtrain|31/100\n|move|p2a: Lagtrain|Iron Defense|p2a: Lagtrain\n|-boost|p2a: Lagtrain|def|2\n|\n|upkeep\n|turn|12\n|\n|t:|1775936399\n|move|p1a: Dragonite|Dragon Dance|p1a: Dragonite\n|-boost|p1a: Dragonite|atk|1\n|-boost|p1a: Dragonite|spe|1\n|move|p2a: Lagtrain|Body Press|p1a: Dragonite\n|-resisted|p1a: Dragonite|1\n|-damage|p1a: Dragonite|0 fnt\n|faint|p1a: Dragonite\n|\n|upkeep\n|\n|t:|1775936401\n|switch|p1a: Lopunny|Lopunny-Mega, L50, M|100/100\n|turn|13\n|\n|t:|1775936403\n|move|p1a: Lopunny|Fake Out|p2a: Lagtrain\n|-resisted|p2a: Lagtrain|1\n|-damage|p2a: Lagtrain|29/100\n|cant|p2a: Lagtrain|flinch\n|\n|upkeep\n|turn|14\n|\n|t:|1775936406\n|move|p1a: Lopunny|Close Combat|p2a: Lagtrain\n|-supereffective|p2a: Lagtrain|1\n|-damage|p2a: Lagtrain|6/100\n|-unboost|p1a: Lopunny|def|1\n|-unboost|p1a: Lopunny|spd|1\n|move|p2a: Lagtrain|Body Press|p1a: Lopunny\n|-supereffective|p1a: Lopunny|1\n|-damage|p1a: Lopunny|0 fnt\n|faint|p1a: Lopunny\n|\n|win|SkelyStealth\n|raw|Meteorplayz_'s rating: 1053 &rarr; <strong>1039</strong><br />(-14 for losing)\n|raw|SkelyStealth's rating: 1140 &rarr; <strong>1159</strong><br />(+19 for winning)\n",
  "uploadtime": 1775936406,
  "views": 15,
  "formatid": "gen9championsbssregma",
  "rating": 1039,
  "private": 0,
  "password": null
}