{
  "id": "gen9championsbssregma-2584358090",
  "format": "[Gen 9 Champions] BSS Reg M-A",
  "players": [
    "AC180",
    "Clown IRL"
  ],
  "log": "|j|\u2606AC180\n|j|\u2606Clown IRL\n|t:|1776254587\n|gametype|singles\n|player|p1|AC180|170|1292\n|player|p2|Clown IRL|harlequin|1398\n|gen|9\n|tier|[Gen 9 Champions] BSS Reg M-A\n|rated|\n|rule|Species Clause: Limit one of each Pok\u00e9mon\n|rule|Item Clause: Limit 1 of each item\n|clearpoke\n|poke|p1|Garchomp, L50, M|\n|poke|p1|Umbreon, L50, M|\n|poke|p1|Gengar, L50, M|\n|poke|p1|Archaludon, L50, F|\n|poke|p1|Primarina, L50, M|\n|poke|p1|Scizor, L50, F|\n|poke|p2|Starmie, L50|\n|poke|p2|Pelipper, L50, M|\n|poke|p2|Chesnaught, L50, M|\n|poke|p2|Kleavor, L50, F|\n|poke|p2|Hydreigon, L50, F|\n|poke|p2|Toxapex, L50, F|\n|teampreview|3\n|j| Mikeflem12326171\n|inactive|Battle timer is ON: inactive players will automatically lose when time's up. (requested by AC180)\n|\n|t:|1776254635\n|teamsize|p1|3\n|teamsize|p2|3\n|start\n|switch|p1a: Garchomp|Garchomp, L50, M|100/100\n|switch|p2a: Kleavor|Kleavor, L50, F|100/100\n|turn|1\n|\n|t:|1776254647\n|move|p1a: Garchomp|Earthquake|p2a: Kleavor\n|-damage|p2a: Kleavor|47/100\n|move|p2a: Kleavor|Stone Axe|p1a: Garchomp\n|-resisted|p1a: Garchomp|1\n|-damage|p1a: Garchomp|73/100\n|-damage|p2a: Kleavor|35/100|[from] ability: Rough Skin|[of] p1a: Garchomp\n|-sidestart|p1: AC180|move: Stealth Rock\n|\n|upkeep\n|turn|2\n|\n|t:|1776254655\n|move|p1a: Garchomp|Stealth Rock|p2a: Kleavor\n|-sidestart|p2: Clown IRL|move: Stealth Rock\n|move|p2a: Kleavor|X-Scissor|p1a: Garchomp\n|-damage|p1a: Garchomp|0 fnt\n|-damage|p2a: Kleavor|23/100|[from] ability: Rough Skin|[of] p1a: Garchomp\n|faint|p1a: Garchomp\n|\n|upkeep\n|\n|t:|1776254664\n|switch|p1a: Scizor|Scizor, L50, F|100/100\n|-damage|p1a: Scizor|89/100|[from] Stealth Rock\n|turn|3\n|\n|t:|1776254669\n|detailschange|p1a: Scizor|Scizor-Mega, L50, F\n|-mega|p1a: Scizor|Scizor|Scizorite\n|move|p1a: Scizor|Bullet Punch|p2a: Kleavor\n|-supereffective|p2a: Kleavor|1\n|-damage|p2a: Kleavor|0 fnt\n|faint|p2a: Kleavor\n|\n|upkeep\n|\n|t:|1776254672\n|switch|p2a: Chesnaught|Chesnaught, L50, M|100/100\n|-damage|p2a: Chesnaught|94/100|[from] Stealth Rock\n|turn|4\n|\n|t:|1776254678\n|detailschange|p2a: Chesnaught|Chesnaught-Mega, L50, M\n|-mega|p2a: Chesnaught|Chesnaught|Chesnaughtite\n|move|p1a: Scizor|Dual Wingbeat|p2a: Chesnaught\n|-supereffective|p2a: Chesnaught|2\n|-crit|p2a: Chesnaught\n|-damage|p2a: Chesnaught|25/100\n|-supereffective|p2a: Chesnaught|2\n|-damage|p2a: Chesnaught|0 fnt\n|faint|p2a: Chesnaught\n|-hitcount|p2: Chesnaught|2\n|\n|upkeep\n|\n|t:|1776254682\n|switch|p2a: Toxapex|Toxapex, L50, F|100/100\n|-damage|p2a: Toxapex|88/100|[from] Stealth Rock\n|turn|5\n|c| Mikeflem12326171|IT GETS DUAL WING\n|c| Mikeflem12326171|damn\n|\n|t:|1776254699\n|move|p1a: Scizor|Swords Dance|p1a: Scizor\n|-boost|p1a: Scizor|atk|2\n|move|p2a: Toxapex|Infestation|p1a: Scizor\n|-resisted|p1a: Scizor|1\n|-damage|p1a: Scizor|87/100\n|-activate|p1a: Scizor|move: Infestation|[of] p2a: Toxapex\n|\n|-heal|p2a: Toxapex|94/100|[from] item: Leftovers\n|-damage|p1a: Scizor|75/100|[from] move: Infestation|[partiallytrapped]\n|upkeep\n|turn|6\n|c|\u2606Clown IRL|I thought he could tec it...\n|\n|t:|1776254710\n|move|p1a: Scizor|Swords Dance|p1a: Scizor\n|-boost|p1a: Scizor|atk|2\n|move|p2a: Toxapex|Recover|p2a: Toxapex\n|-heal|p2a: Toxapex|100/100\n|\n|-damage|p1a: Scizor|63/100|[from] move: Infestation|[partiallytrapped]\n|upkeep\n|turn|7\n|\n|t:|1776254718\n|move|p1a: Scizor|Dual Wingbeat|p2a: Toxapex\n|-damage|p2a: Toxapex|41/100\n|-damage|p2a: Toxapex|0 fnt\n|faint|p2a: Toxapex\n|-hitcount|p2: Toxapex|2\n|\n|win|AC180\n|raw|AC180's rating: 1292 &rarr; <strong>1325</strong><br />(+33 for winning)\n|raw|Clown IRL's rating: 1408 &rarr; <strong>1382</strong><br />(-26 for losing)\n|c| Mikeflem12326171|holy\n",
  "uploadtime": 1776254732,
  "views": 8,
  "formatid": "gen9championsbssregma",
  "rating": 1325,
  "private": 0,
  "password": null
}