{
  "id": "gen9championsbssregma-2582392399",
  "format": "[Gen 9 Champions] BSS Reg M-A",
  "players": [
    "gshs5",
    "bsantoso"
  ],
  "log": "|j|\u2606gshs5\n|j|\u2606bsantoso\n|t:|1776088645\n|gametype|singles\n|player|p1|gshs5|266|1049\n|player|p2|bsantoso|miku-fairy|1086\n|gen|9\n|tier|[Gen 9 Champions] BSS Reg M-A\n|rated|\n|rule|Species Clause: Limit one of each Pok\u00e9mon\n|rule|Item Clause: Limit 1 of each item\n|clearpoke\n|poke|p1|Absol, L50, F|\n|poke|p1|Gyarados, L50, F|\n|poke|p1|Garchomp, L50, M|\n|poke|p1|Zoroark-Hisui, L50, F|\n|poke|p1|Empoleon, L50, M|\n|poke|p1|Gardevoir, L50, F|\n|poke|p2|Sneasler, L50, F|\n|poke|p2|Greninja-*, L50, M|\n|poke|p2|Meowscarada, L50, F|\n|poke|p2|Lopunny, L50, F|\n|poke|p2|Corviknight, L50, F|\n|poke|p2|Garchomp, L50, M|\n|teampreview|3\n|\n|t:|1776088683\n|teamsize|p1|3\n|teamsize|p2|3\n|start\n|switch|p1a: Absol|Absol, L50, F|100/100\n|switch|p2a: Lopunny|Lopunny, L50, F|100/100\n|-ability|p1a: Absol|Pressure\n|turn|1\n|inactive|Battle timer is ON: inactive players will automatically lose when time's up. (requested by bsantoso)\n|\n|t:|1776088689\n|switch|p1a: Gyarados|Gyarados, L50, F|100/100\n|-ability|p1a: Gyarados|Intimidate|boost\n|-unboost|p2a: Lopunny|atk|1\n|detailschange|p2a: Lopunny|Lopunny-Mega, L50, F\n|-mega|p2a: Lopunny|Lopunny|Lopunnite\n|move|p2a: Lopunny|Fake Out|p1a: Gyarados\n|-damage|p1a: Gyarados|87/100\n|\n|upkeep\n|turn|2\n|\n|t:|1776088704\n|move|p2a: Lopunny|U-turn|p1a: Gyarados\n|-resisted|p1a: Gyarados|1\n|-damage|p1a: Gyarados|81/100\n|\n|t:|1776088706\n|switch|p2a: Garchomp|Garchomp, L50, M|100/100|[from] U-turn\n|move|p1a: Gyarados|Thunder Wave|p2a: Garchomp\n|-immune|p2a: Garchomp\n|\n|upkeep\n|turn|3\n|\n|t:|1776088722\n|move|p2a: Garchomp|Stone Edge|p1a: Gyarados\n|-supereffective|p1a: Gyarados|1\n|-damage|p1a: Gyarados|24/100\n|-enditem|p1a: Gyarados|Sitrus Berry|[eat]\n|-heal|p1a: Gyarados|49/100|[from] item: Sitrus Berry\n|move|p1a: Gyarados|Dragon Tail|p2a: Garchomp\n|-supereffective|p2a: Garchomp|1\n|-damage|p2a: Garchomp|65/100\n|-damage|p1a: Gyarados|36/100|[from] ability: Rough Skin|[of] p2a: Garchomp\n|drag|p2a: Sneasler|Sneasler, L50, F|100/100\n|\n|upkeep\n|turn|4\n|\n|t:|1776088737\n|move|p2a: Sneasler|Rock Slide|p1a: Gyarados\n|-supereffective|p1a: Gyarados|1\n|-damage|p1a: Gyarados|0 fnt\n|faint|p1a: Gyarados\n|\n|upkeep\n|\n|t:|1776088740\n|switch|p1a: Gardevoir|Gardevoir, L50, F|100/100\n|-ability|p1a: Gardevoir|Unburden|Trace|[from] ability: Trace|[of] p2a: Sneasler\n|turn|5\n|\n|t:|1776088744\n|move|p1a: Gardevoir|Psychic|p2a: Sneasler\n|-supereffective|p2a: Sneasler|2\n|-damage|p2a: Sneasler|0 fnt\n|faint|p2a: Sneasler\n|\n|upkeep\n|\n|t:|1776088749\n|switch|p2a: Garchomp|Garchomp, L50, M|65/100\n|turn|6\n|\n|t:|1776088753\n|switch|p1a: Absol|Absol, L50, F|100/100\n|-ability|p1a: Absol|Pressure\n|move|p2a: Garchomp|Earthquake|p1a: Absol\n|-damage|p1a: Absol|0 fnt\n|faint|p1a: Absol\n|\n|upkeep\n|\n|t:|1776088760\n|switch|p1a: Gardevoir|Gardevoir, L50, F|100/100\n|-ability|p1a: Gardevoir|Rough Skin|Trace|[from] ability: Trace|[of] p2a: Garchomp\n|turn|7\n|\n|t:|1776088762\n|move|p2a: Garchomp|Earthquake|p1a: Gardevoir\n|-damage|p1a: Gardevoir|14/100\n|move|p1a: Gardevoir|Moonblast|p2a: Garchomp\n|-supereffective|p2a: Garchomp|1\n|-damage|p2a: Garchomp|0 fnt\n|faint|p2a: Garchomp\n|\n|upkeep\n|\n|t:|1776088764\n|switch|p2a: Lopunny|Lopunny-Mega, L50, F|100/100\n|turn|8\n|\n|t:|1776088766\n|move|p2a: Lopunny|Fake Out|p1a: Gardevoir\n|-damage|p1a: Gardevoir|0 fnt\n|-damage|p2a: Lopunny|89/100|[from] ability: Rough Skin|[of] p1a: Gardevoir\n|faint|p1a: Gardevoir\n|\n|win|bsantoso\n|raw|gshs5's rating: 1049 &rarr; <strong>1035</strong><br />(-14 for losing)\n|raw|bsantoso's rating: 1118 &rarr; <strong>1138</strong><br />(+20 for winning)\n",
  "uploadtime": 1776088768,
  "views": 5,
  "formatid": "gen9championsbssregma",
  "rating": 1035,
  "private": 0,
  "password": null
}