{
  "id": "gen9championsbssregma-2587704772",
  "format": "[Gen 9 Champions] BSS Reg M-A",
  "players": [
    "mcconkey",
    "Fulgurotek"
  ],
  "log": "|j|\u2606mcconkey\n|j|\u2606Fulgurotek\n|t:|1776555671\n|gametype|singles\n|player|p1|mcconkey|linebacker|1385\n|player|p2|Fulgurotek|101|1392\n|gen|9\n|tier|[Gen 9 Champions] BSS Reg M-A\n|rated|\n|rule|Species Clause: Limit one of each Pok\u00e9mon\n|rule|Item Clause: Limit 1 of each item\n|clearpoke\n|poke|p1|Victreebel, L50, F|\n|poke|p1|Volcarona, L50, M|\n|poke|p1|Basculegion, L50, M|\n|poke|p1|Sharpedo, L50, M|\n|poke|p1|Bellibolt, L50, F|\n|poke|p1|Hippowdon, L50, M|\n|poke|p2|Banette, L50, F|\n|poke|p2|Gyarados, L50, M|\n|poke|p2|Glimmora, L50, M|\n|poke|p2|Hatterene, L50, F|\n|poke|p2|Zoroark-Hisui, L50, M|\n|poke|p2|Garchomp, L50, M|\n|teampreview|3\n|j| dannyazure\n|\n|t:|1776555701\n|teamsize|p1|3\n|teamsize|p2|3\n|start\n|switch|p1a: Victreebel|Victreebel, L50, F|100/100\n|switch|p2a: Glimmora|Glimmora, L50, M|100/100\n|turn|1\n|l| dannyazure\n|\n|t:|1776555713\n|detailschange|p1a: Victreebel|Victreebel-Mega, L50, F\n|-mega|p1a: Victreebel|Victreebel|Victreebelite\n|move|p2a: Glimmora|Stealth Rock|p1a: Victreebel\n|-sidestart|p1: mcconkey|move: Stealth Rock\n|move|p1a: Victreebel|Giga Drain|p2a: Glimmora\n|-damage|p2a: Glimmora|29/100\n|\n|upkeep\n|turn|2\n|\n|t:|1776555720\n|move|p2a: Glimmora|Sludge Wave|p1a: Victreebel\n|-crit|p1a: Victreebel\n|-damage|p1a: Victreebel|27/100\n|move|p1a: Victreebel|Giga Drain|p2a: Glimmora\n|-damage|p2a: Glimmora|0 fnt\n|-heal|p1a: Victreebel|39/100|[from] drain|[of] p2a: Glimmora\n|faint|p2a: Glimmora\n|\n|upkeep\n|j| p74\n|j| 3hearts\n|j| huhyuhyuhyuh\n|\n|t:|1776555753\n|switch|p2a: Garchomp|Garchomp, L50, M|100/100\n|turn|3\n|\n|t:|1776555756\n|move|p2a: Garchomp|Earthquake|p1a: Victreebel\n|-damage|p1a: Victreebel|0 fnt\n|-damage|p2a: Garchomp|61/100|[from] ability: Innards Out|[of] p1a: Victreebel\n|faint|p1a: Victreebel\n|\n|upkeep\n|\n|t:|1776555763\n|switch|p1a: Basculegion|Basculegion, L50, M|100/100\n|-damage|p1a: Basculegion|88/100|[from] Stealth Rock\n|turn|4\n|\n|t:|1776555768\n|move|p2a: Garchomp|Earthquake|p1a: Basculegion\n|-damage|p1a: Basculegion|24/100\n|move|p1a: Basculegion|Last Respects|p2a: Garchomp\n|-damage|p2a: Garchomp|0 fnt\n|faint|p2a: Garchomp\n|\n|upkeep\n|\n|t:|1776555773\n|switch|p2a: Gyarados|Gyarados, L50, M|100/100\n|-ability|p2a: Gyarados|Intimidate|boost\n|-unboost|p1a: Basculegion|atk|1\n|turn|5\n|\n|t:|1776555779\n|switch|p1a: Volcarona|Volcarona, L50, M|100/100\n|-damage|p1a: Volcarona|50/100|[from] Stealth Rock\n|detailschange|p2a: Gyarados|Gyarados-Mega, L50, M\n|-mega|p2a: Gyarados|Gyarados|Gyaradosite\n|-ability|p2a: Gyarados|Mold Breaker\n|move|p2a: Gyarados|Dragon Dance|p2a: Gyarados\n|-boost|p2a: Gyarados|atk|1\n|-boost|p2a: Gyarados|spe|1\n|\n|-heal|p1a: Volcarona|56/100|[from] item: Leftovers\n|upkeep\n|turn|6\n|\n|t:|1776555790\n|move|p2a: Gyarados|Waterfall|p1a: Volcarona\n|-supereffective|p1a: Volcarona|1\n|-crit|p1a: Volcarona\n|-damage|p1a: Volcarona|0 fnt\n|-status|p2a: Gyarados|brn|[from] ability: Flame Body|[of] p1a: Volcarona\n|faint|p1a: Volcarona\n|\n|-damage|p2a: Gyarados|95/100 brn|[from] brn\n|upkeep\n|\n|t:|1776555798\n|switch|p1a: Basculegion|Basculegion, L50, M|24/100\n|-damage|p1a: Basculegion|11/100|[from] Stealth Rock\n|turn|7\n|\n|t:|1776555804\n|move|p2a: Gyarados|Earthquake|p1a: Basculegion\n|-damage|p1a: Basculegion|0 fnt\n|faint|p1a: Basculegion\n|\n|win|Fulgurotek\n|raw|mcconkey's rating: 1385 &rarr; <strong>1365</strong><br />(-20 for losing)\n|raw|Fulgurotek's rating: 1392 &rarr; <strong>1412</strong><br />(+20 for winning)\n|l|\u2606Fulgurotek\n|player|p2|\n|l| huhyuhyuhyuh\n|l|\u2606mcconkey\n|player|p1|\n|l| 3hearts\n",
  "uploadtime": 1776556080,
  "views": 1,
  "formatid": "gen9championsbssregma",
  "rating": 1365,
  "private": 0,
  "password": null
}