{
  "id": "gen9championsbssregma-2584839333",
  "format": "[Gen 9 Champions] BSS Reg M-A",
  "players": [
    "drafeon",
    "Jean-Raoul Scoot"
  ],
  "log": "|j|\u2606drafeon\n|j|\u2606Jean-Raoul Scoot\n|t:|1776287666\n|gametype|singles\n|player|p1|drafeon|elesa|1331\n|player|p2|Jean-Raoul Scoot|bugcatcher-gen4dp|1340\n|gen|9\n|tier|[Gen 9 Champions] BSS Reg M-A\n|rated|\n|rule|Species Clause: Limit one of each Pok\u00e9mon\n|rule|Item Clause: Limit 1 of each item\n|clearpoke\n|poke|p1|Beedrill, L50, F|\n|poke|p1|Kingambit, L50, M|\n|poke|p1|Conkeldurr, L50, M|\n|poke|p1|Chandelure, L50, M|\n|poke|p1|Meowstic-F, L50, F|\n|poke|p1|Vanilluxe, L50, F|\n|poke|p2|Araquanid, L50, M|\n|poke|p2|Corviknight, L50, F|\n|poke|p2|Glimmora, L50, M|\n|poke|p2|Dragapult, L50, F|\n|poke|p2|Starmie, L50|\n|poke|p2|Dragonite, L50, F|\n|teampreview|3\n|inactive|Battle timer is ON: inactive players will automatically lose when time's up. (requested by drafeon)\n|\n|t:|1776287694\n|teamsize|p1|3\n|teamsize|p2|3\n|start\n|switch|p1a: Meowstic|Meowstic-F, L50, F, shiny|100/100\n|switch|p2a: Glimmora|Glimmora, L50, M|100/100\n|turn|1\n|c|\u2606Jean-Raoul Scoot|glhf\n|j| p74\n|\n|t:|1776287708\n|move|p1a: Meowstic|Psychic|p2a: Glimmora\n|-supereffective|p2a: Glimmora|1\n|-damage|p2a: Glimmora|16/100\n|move|p2a: Glimmora|Stealth Rock|p1a: Meowstic\n|-sidestart|p1: drafeon|move: Stealth Rock\n|\n|upkeep\n|turn|2\n|\n|t:|1776287719\n|switch|p2a: Corviknight|Corviknight, L50, F|100/100\n|-ability|p2a: Corviknight|Pressure\n|move|p1a: Meowstic|Psychic|p2a: Corviknight\n|-resisted|p2a: Corviknight|1\n|-damage|p2a: Corviknight|86/100\n|\n|-heal|p2a: Corviknight|92/100|[from] item: Leftovers\n|upkeep\n|turn|3\n|\n|t:|1776287731\n|detailschange|p1a: Meowstic|Meowstic-F-Mega, L50, F, shiny\n|-mega|p1a: Meowstic|Meowstic|Meowsticite\n|-ability|p1a: Meowstic|Pressure|Trace|[from] ability: Trace|[of] p2a: Corviknight\n|-ability|p1a: Meowstic|Pressure\n|move|p1a: Meowstic|Thunderbolt|p2a: Corviknight\n|-supereffective|p2a: Corviknight|1\n|-damage|p2a: Corviknight|37/100\n|move|p2a: Corviknight|Iron Head|p1a: Meowstic\n|-damage|p1a: Meowstic|64/100\n|\n|-heal|p2a: Corviknight|43/100|[from] item: Leftovers\n|upkeep\n|turn|4\n|\n|t:|1776287746\n|switch|p2a: Glimmora|Glimmora, L50, M|16/100\n|move|p1a: Meowstic|Thunderbolt|p2a: Glimmora\n|-damage|p2a: Glimmora|0 fnt\n|faint|p2a: Glimmora\n|\n|upkeep\n|\n|t:|1776287751\n|switch|p2a: Dragonite|Dragonite, L50, F|100/100\n|turn|5\n|\n|t:|1776287760\n|detailschange|p2a: Dragonite|Dragonite-Mega, L50, F\n|-mega|p2a: Dragonite|Dragonite|Dragoninite\n|move|p1a: Meowstic|Psychic|p2a: Dragonite\n|-damage|p2a: Dragonite|82/100\n|move|p2a: Dragonite|Hurricane|p1a: Meowstic\n|-damage|p1a: Meowstic|0 fnt\n|faint|p1a: Meowstic\n|\n|upkeep\n|j| huhyuhyuhyuh\n|\n|t:|1776287774\n|switch|p1a: Chandelure|Chandelure, L50, M|100/100\n|-damage|p1a: Chandelure|76/100|[from] Stealth Rock\n|turn|6\n|\n|t:|1776287795\n|move|p2a: Dragonite|Roost|p2a: Dragonite\n|-heal|p2a: Dragonite|100/100\n|-singleturn|p2a: Dragonite|move: Roost\n|move|p1a: Chandelure|Trick Room|p1a: Chandelure\n|-fieldstart|move: Trick Room|[of] p1a: Chandelure\n|\n|upkeep\n|turn|7\n|\n|t:|1776287811\n|move|p1a: Chandelure|Calm Mind|p1a: Chandelure\n|-boost|p1a: Chandelure|spa|1\n|-boost|p1a: Chandelure|spd|1\n|move|p2a: Dragonite|Dragon Pulse|p1a: Chandelure\n|-damage|p1a: Chandelure|36/100\n|\n|upkeep\n|turn|8\n|\n|t:|1776287818\n|move|p1a: Chandelure|Shadow Ball|p2a: Dragonite\n|-damage|p2a: Dragonite|75/100\n|move|p2a: Dragonite|Dragon Pulse|p1a: Chandelure\n|-damage|p1a: Chandelure|0 fnt\n|faint|p1a: Chandelure\n|\n|upkeep\n|\n|t:|1776287819\n|switch|p1a: Kingambit|Kingambit, L50, M|100/100\n|-damage|p1a: Kingambit|95/100|[from] Stealth Rock\n|-activate|p1a: Kingambit|ability: Supreme Overlord\n|-start|p1a: Kingambit|fallen2|[silent]\n|turn|9\n|\n|t:|1776287834\n|move|p1a: Kingambit|Swords Dance|p1a: Kingambit\n|-boost|p1a: Kingambit|atk|2\n|move|p2a: Dragonite|Flamethrower|p1a: Kingambit\n|-supereffective|p1a: Kingambit|1\n|-enditem|p1a: Kingambit|Occa Berry|[eat]\n|-enditem|p1a: Kingambit|Occa Berry|[weaken]\n|-damage|p1a: Kingambit|69/100\n|\n|upkeep\n|turn|10\n|\n|t:|1776287841\n|move|p1a: Kingambit|Kowtow Cleave|p2a: Dragonite\n|-damage|p2a: Dragonite|3/100\n|move|p2a: Dragonite|Flamethrower|p1a: Kingambit\n|-supereffective|p1a: Kingambit|1\n|-damage|p1a: Kingambit|15/100\n|\n|-fieldend|move: Trick Room\n|upkeep\n|turn|11\n|\n|t:|1776287848\n|move|p2a: Dragonite|Roost|p2a: Dragonite\n|-heal|p2a: Dragonite|53/100\n|-singleturn|p2a: Dragonite|move: Roost\n|move|p1a: Kingambit|Kowtow Cleave|p2a: Dragonite\n|-damage|p2a: Dragonite|0 fnt\n|faint|p2a: Dragonite\n|\n|upkeep\n|\n|t:|1776287855\n|switch|p2a: Corviknight|Corviknight, L50, F|43/100\n|-ability|p2a: Corviknight|Pressure\n|turn|12\n|\n|t:|1776287863\n|move|p2a: Corviknight|Roost|p2a: Corviknight\n|-heal|p2a: Corviknight|93/100\n|-singleturn|p2a: Corviknight|move: Roost\n|move|p1a: Kingambit|Kowtow Cleave|p2a: Corviknight\n|-damage|p2a: Corviknight|31/100\n|\n|-heal|p2a: Corviknight|37/100|[from] item: Leftovers\n|upkeep\n|turn|13\n|\n|t:|1776287872\n|move|p1a: Kingambit|Sucker Punch||[still]\n|-fail|p1a: Kingambit\n|move|p2a: Corviknight|Roost|p2a: Corviknight\n|-heal|p2a: Corviknight|87/100\n|-singleturn|p2a: Corviknight|move: Roost\n|\n|-heal|p2a: Corviknight|93/100|[from] item: Leftovers\n|upkeep\n|turn|14\n|\n|t:|1776287875\n|move|p1a: Kingambit|Sucker Punch|p2a: Corviknight\n|-damage|p2a: Corviknight|37/100\n|move|p2a: Corviknight|Body Press|p1a: Kingambit\n|-supereffective|p1a: Kingambit|2\n|-damage|p1a: Kingambit|0 fnt\n|faint|p1a: Kingambit\n|-end|p1a: Kingambit|fallen2|[silent]\n|\n|win|Jean-Raoul Scoot\n|raw|drafeon's rating: 1331 &rarr; <strong>1312</strong><br />(-19 for losing)\n|raw|Jean-Raoul Scoot's rating: 1340 &rarr; <strong>1359</strong><br />(+19 for winning)\n|c|\u2606Jean-Raoul Scoot|gg\n|l|\u2606drafeon\n|player|p1|\n|l|\u2606Jean-Raoul Scoot\n|player|p2|\n|l| huhyuhyuhyuh\n",
  "uploadtime": 1776287919,
  "views": 4,
  "formatid": "gen9championsbssregma",
  "rating": 1312,
  "private": 0,
  "password": null
}