{
  "id": "gen9championsbssregma-2584942405",
  "format": "[Gen 9 Champions] BSS Reg M-A",
  "players": [
    "alswnsjsid",
    "funmitan"
  ],
  "log": "|j|\u2606alswnsjsid\n|j|\u2606funmitan\n|t:|1776296672\n|gametype|singles\n|player|p1|alswnsjsid|caitlin|1120\n|player|p2|funmitan|265|1141\n|gen|9\n|tier|[Gen 9 Champions] BSS Reg M-A\n|rated|\n|rule|Species Clause: Limit one of each Pok\u00e9mon\n|rule|Item Clause: Limit 1 of each item\n|clearpoke\n|poke|p1|Kangaskhan, L50, F|\n|poke|p1|Hippowdon, L50, M|\n|poke|p1|Primarina, L50, F|\n|poke|p1|Archaludon, L50, M|\n|poke|p1|Volcarona, L50, F|\n|poke|p1|Basculegion, L50, M|\n|poke|p2|Ninetales-Alola, L50, F|\n|poke|p2|Kleavor, L50, F|\n|poke|p2|Banette, L50, M|\n|poke|p2|Kommo-o, L50, F|\n|poke|p2|Blastoise, L50, M|\n|poke|p2|Clawitzer, L50, M|\n|teampreview|3\n|\n|t:|1776296729\n|teamsize|p1|3\n|teamsize|p2|3\n|start\n|switch|p1a: Kangaskhan|Kangaskhan, L50, F, shiny|100/100\n|switch|p2a: Clawitzer|Clawitzer, L50, M|100/100\n|turn|1\n|j| p74\n|\n|t:|1776296737\n|switch|p2a: Banette|Banette, L50, M|100/100\n|move|p1a: Kangaskhan|Fake Out|p2a: Banette\n|-damage|p2a: Banette|75/100\n|\n|upkeep\n|turn|2\n|\n|t:|1776296744\n|detailschange|p2a: Banette|Banette-Mega, L50, M\n|-mega|p2a: Banette|Banette|Banettite\n|move|p1a: Kangaskhan|Last Resort|p2a: Banette\n|-damage|p2a: Banette|0 fnt\n|faint|p2a: Banette\n|\n|upkeep\n|\n|t:|1776296750\n|switch|p2a: Ninetales|Ninetales-Alola, L50, F|100/100\n|-weather|Snowscape|[from] ability: Snow Warning|[of] p2a: Ninetales\n|turn|3\n|\n|t:|1776296756\n|move|p2a: Ninetales|Aurora Veil|p2a: Ninetales\n|-sidestart|p2: funmitan|move: Aurora Veil\n|move|p1a: Kangaskhan|Last Resort|p2a: Ninetales\n|-damage|p2a: Ninetales|66/100\n|\n|-weather|Snowscape|[upkeep]\n|upkeep\n|turn|4\n|\n|t:|1776296763\n|move|p2a: Ninetales|Nasty Plot|p2a: Ninetales\n|-boost|p2a: Ninetales|spa|2\n|move|p1a: Kangaskhan|Last Resort|p2a: Ninetales\n|-damage|p2a: Ninetales|34/100\n|\n|-weather|Snowscape|[upkeep]\n|upkeep\n|turn|5\n|\n|t:|1776296771\n|detailschange|p1a: Kangaskhan|Kangaskhan-Mega, L50, F, shiny\n|-mega|p1a: Kangaskhan|Kangaskhan|Kangaskhanite\n|move|p2a: Ninetales|Moonblast|p1a: Kangaskhan\n|-damage|p1a: Kangaskhan|42/100\n|move|p1a: Kangaskhan|Last Resort|p2a: Ninetales\n|-damage|p2a: Ninetales|0 fnt\n|faint|p2a: Ninetales\n|-hitcount|p2: Ninetales|1\n|\n|-weather|Snowscape|[upkeep]\n|upkeep\n|\n|t:|1776296777\n|switch|p2a: Clawitzer|Clawitzer, L50, M|100/100\n|turn|6\n|\n|t:|1776296784\n|move|p1a: Kangaskhan|Last Resort|p2a: Clawitzer\n|-damage|p2a: Clawitzer|67/100\n|-damage|p2a: Clawitzer|58/100\n|-hitcount|p2a: Clawitzer|2\n|move|p2a: Clawitzer|Water Pulse|p1a: Kangaskhan\n|-damage|p1a: Kangaskhan|7/100\n|\n|-weather|Snowscape|[upkeep]\n|upkeep\n|turn|7\n|\n|t:|1776296793\n|move|p2a: Clawitzer|Aqua Jet|p1a: Kangaskhan\n|-damage|p1a: Kangaskhan|0 fnt\n|faint|p1a: Kangaskhan\n|\n|-weather|none\n|-sideend|p2: funmitan|move: Aurora Veil\n|upkeep\n|\n|t:|1776296802\n|switch|p1a: Archaludon|Archaludon, L50, M, shiny|100/100\n|turn|8\n|-message|funmitan forfeited.\n|\n|win|alswnsjsid\n|raw|alswnsjsid's rating: 1120 &rarr; <strong>1147</strong><br />(+27 for winning)\n|raw|funmitan's rating: 1141 &rarr; <strong>1114</strong><br />(-27 for losing)\n|l|\u2606funmitan\n|player|p2|\n|l|\u2606alswnsjsid\n|player|p1|\n",
  "uploadtime": 1776297593,
  "views": 4,
  "formatid": "gen9championsbssregma",
  "rating": 1114,
  "private": 0,
  "password": null
}