{
  "id": "gen9championsbssregma-2585287273",
  "format": "[Gen 9 Champions] BSS Reg M-A",
  "players": [
    "fletchyfletchy",
    "MeicoN"
  ],
  "log": "|j|\u2606fletchyfletchy\n|j|\u2606MeicoN\n|t:|1776334041\n|gametype|singles\n|player|p1|fletchyfletchy|liko|1192\n|player|p2|MeicoN|265|1080\n|gen|9\n|tier|[Gen 9 Champions] BSS Reg M-A\n|rated|\n|rule|Species Clause: Limit one of each Pok\u00e9mon\n|rule|Item Clause: Limit 1 of each item\n|clearpoke\n|poke|p1|Lopunny, L50, F|\n|poke|p1|Rotom-Wash, L50|\n|poke|p1|Meowscarada, L50, F|\n|poke|p1|Aegislash, L50, M|\n|poke|p1|Chandelure, L50, F|\n|poke|p1|Ninetales-Alola, L50, F|\n|poke|p2|Gengar, L50, M|\n|poke|p2|Charizard, L50, F|\n|poke|p2|Hippowdon, L50, M|\n|poke|p2|Primarina, L50, M|\n|poke|p2|Hydreigon, L50, F|\n|poke|p2|Kingambit, L50, F|\n|teampreview|3\n|\n|t:|1776334065\n|teamsize|p1|3\n|teamsize|p2|3\n|start\n|switch|p1a: Lopunny|Lopunny, L50, F|100/100\n|switch|p2a: Gengar|Gengar, L50, M|100/100\n|turn|1\n|inactive|Battle timer is ON: inactive players will automatically lose when time's up. (requested by MeicoN)\n|\n|t:|1776334079\n|detailschange|p2a: Gengar|Gengar-Mega, L50, M\n|-mega|p2a: Gengar|Gengar|Gengarite\n|detailschange|p1a: Lopunny|Lopunny-Mega, L50, F\n|-mega|p1a: Lopunny|Lopunny|Lopunnite\n|move|p2a: Gengar|Protect|p2a: Gengar\n|-singleturn|p2a: Gengar|Protect\n|move|p1a: Lopunny|Fake Out|p2a: Gengar\n|-activate|p2a: Gengar|move: Protect\n|\n|upkeep\n|turn|2\n|\n|t:|1776334099\n|move|p1a: Lopunny|Triple Axel|p2a: Gengar\n|-crit|p2a: Gengar\n|-damage|p2a: Gengar|83/100\n|-damage|p2a: Gengar|60/100\n|-damage|p2a: Gengar|26/100\n|-hitcount|p2a: Gengar|3\n|move|p2a: Gengar|Will-O-Wisp|p1a: Lopunny\n|-status|p1a: Lopunny|brn\n|\n|-damage|p1a: Lopunny|95/100 brn|[from] brn\n|upkeep\n|turn|3\n|\n|t:|1776334113\n|switch|p2a: Charizard|Charizard, L50, F|100/100\n|move|p1a: Lopunny|Triple Axel|p2a: Charizard\n|-damage|p2a: Charizard|95/100\n|-damage|p2a: Charizard|84/100\n|-damage|p2a: Charizard|69/100\n|-hitcount|p2a: Charizard|3\n|\n|-damage|p1a: Lopunny|89/100 brn|[from] brn\n|upkeep\n|turn|4\n|\n|t:|1776334133\n|switch|p1a: Rotom|Rotom-Wash, L50|100/100\n|move|p2a: Charizard|Flame Charge|p1a: Rotom\n|-resisted|p1a: Rotom|1\n|-damage|p1a: Rotom|90/100\n|-boost|p2a: Charizard|spe|1\n|\n|upkeep\n|turn|5\n|\n|t:|1776334143\n|switch|p2a: Hydreigon|Hydreigon, L50, F|100/100\n|move|p1a: Rotom|Hydro Pump|p2a: Hydreigon|[miss]\n|-miss|p1a: Rotom|p2a: Hydreigon\n|\n|upkeep\n|turn|6\n|\n|t:|1776334154\n|move|p2a: Hydreigon|Dark Pulse|p1a: Rotom\n|-damage|p1a: Rotom|26/100\n|-enditem|p1a: Rotom|Sitrus Berry|[eat]\n|-heal|p1a: Rotom|50/100|[from] item: Sitrus Berry\n|move|p1a: Rotom|Volt Switch|p2a: Hydreigon\n|-resisted|p2a: Hydreigon|1\n|-damage|p2a: Hydreigon|82/100\n|\n|t:|1776334160\n|switch|p1a: Ninetales|Ninetales-Alola, L50, F|100/100|[from] Volt Switch\n|-weather|Snowscape|[from] ability: Snow Warning|[of] p1a: Ninetales\n|\n|-weather|Snowscape|[upkeep]\n|upkeep\n|turn|7\n|\n|t:|1776334168\n|switch|p2a: Gengar|Gengar-Mega, L50, M|26/100\n|move|p1a: Ninetales|Aurora Veil|p1a: Ninetales\n|-sidestart|p1: fletchyfletchy|move: Aurora Veil\n|\n|-weather|Snowscape|[upkeep]\n|upkeep\n|turn|8\n|\n|t:|1776334175\n|move|p2a: Gengar|Sludge Wave|p1a: Ninetales\n|-supereffective|p1a: Ninetales|1\n|-damage|p1a: Ninetales|34/100\n|move|p1a: Ninetales|Blizzard|p2a: Gengar\n|-damage|p2a: Gengar|0 fnt\n|faint|p2a: Gengar\n|\n|-weather|Snowscape|[upkeep]\n|-heal|p1a: Ninetales|40/100|[from] item: Leftovers\n|upkeep\n|\n|t:|1776334187\n|switch|p2a: Charizard|Charizard, L50, F|69/100\n|turn|9\n|\n|t:|1776334194\n|move|p1a: Ninetales|Blizzard|p2a: Charizard\n|-damage|p2a: Charizard|17/100\n|move|p2a: Charizard|Flame Charge|p1a: Ninetales\n|-supereffective|p1a: Ninetales|1\n|-crit|p1a: Ninetales\n|-damage|p1a: Ninetales|0 fnt\n|-boost|p2a: Charizard|spe|1\n|faint|p1a: Ninetales\n|\n|-weather|Snowscape|[upkeep]\n|upkeep\n|\n|t:|1776334200\n|switch|p1a: Lopunny|Lopunny-Mega, L50, F|89/100 brn\n|turn|10\n|\n|t:|1776334213\n|move|p2a: Charizard|Weather Ball|p1a: Lopunny\n|-damage|p1a: Lopunny|69/100 brn\n|move|p1a: Lopunny|Triple Axel|p2a: Charizard\n|-damage|p2a: Charizard|11/100\n|-crit|p2a: Charizard\n|-damage|p2a: Charizard|0 fnt\n|faint|p2a: Charizard\n|-hitcount|p2: Charizard|2\n|\n|-weather|none\n|-damage|p1a: Lopunny|63/100 brn|[from] brn\n|upkeep\n|\n|t:|1776334226\n|switch|p2a: Hydreigon|Hydreigon, L50, F|82/100\n|turn|11\n|\n|t:|1776334247\n|move|p2a: Hydreigon|Dark Pulse|p1a: Lopunny\n|-resisted|p1a: Lopunny|1\n|-damage|p1a: Lopunny|48/100 brn\n|move|p1a: Lopunny|Close Combat|p2a: Hydreigon\n|-supereffective|p2a: Hydreigon|1\n|-damage|p2a: Hydreigon|11/100\n|-unboost|p1a: Lopunny|def|1\n|-unboost|p1a: Lopunny|spd|1\n|\n|-damage|p1a: Lopunny|42/100 brn|[from] brn\n|-sideend|p1: fletchyfletchy|move: Aurora Veil\n|upkeep\n|turn|12\n|\n|t:|1776334260\n|move|p2a: Hydreigon|Dark Pulse|p1a: Lopunny\n|-resisted|p1a: Lopunny|1\n|-damage|p1a: Lopunny|0 fnt\n|faint|p1a: Lopunny\n|\n|upkeep\n|\n|t:|1776334262\n|switch|p1a: Rotom|Rotom-Wash, L50|50/100\n|turn|13\n|\n|t:|1776334272\n|move|p2a: Hydreigon|Dark Pulse|p1a: Rotom\n|-damage|p1a: Rotom|0 fnt\n|faint|p1a: Rotom\n|\n|win|MeicoN\n|raw|fletchyfletchy's rating: 1192 &rarr; <strong>1159</strong><br />(-33 for losing)\n|raw|MeicoN's rating: 1080 &rarr; <strong>1117</strong><br />(+37 for winning)\n",
  "uploadtime": 1776334273,
  "views": 7,
  "formatid": "gen9championsbssregma",
  "rating": 1117,
  "private": 0,
  "password": null
}