{
  "id": "gen9championsbssregma-2584307889",
  "format": "[Gen 9 Champions] BSS Reg M-A",
  "players": [
    "Charconite",
    "deepseazapdos"
  ],
  "log": "|j|\u2606Charconite\n|j|\u2606deepseazapdos\n|t:|1776249601\n|gametype|singles\n|player|p1|Charconite|firebreather|1012\n|player|p2|deepseazapdos|nate|1069\n|gen|9\n|tier|[Gen 9 Champions] BSS Reg M-A\n|rated|\n|rule|Species Clause: Limit one of each Pok\u00e9mon\n|rule|Item Clause: Limit 1 of each item\n|clearpoke\n|poke|p1|Charizard, L50, F|\n|poke|p1|Liepard, L50, M|\n|poke|p1|Toxapex, L50, F|\n|poke|p1|Dragapult, L50, M|\n|poke|p1|Bellibolt, L50, M|\n|poke|p1|Garchomp, L50, F|\n|poke|p2|Bellibolt, L50, F|\n|poke|p2|Meowscarada, L50, F|\n|poke|p2|Gyarados, L50, M|\n|poke|p2|Ditto, L50|\n|poke|p2|Primarina, L50, F|\n|poke|p2|Gengar, L50, M|\n|teampreview|3\n|\n|t:|1776249666\n|teamsize|p1|3\n|teamsize|p2|3\n|start\n|switch|p1a: Bellibolt|Bellibolt, L50, M|100/100\n|switch|p2a: Bellibolt|Bellibolt, L50, F|100/100\n|turn|1\n|\n|t:|1776249673\n|switch|p1a: Garchomp|Garchomp, L50, F|100/100\n|move|p2a: Bellibolt|Toxic|p1a: Garchomp\n|-status|p1a: Garchomp|tox\n|\n|-damage|p1a: Garchomp|95/100 tox|[from] psn\n|upkeep\n|turn|2\n|\n|t:|1776249685\n|switch|p2a: Gyarados|Gyarados, L50, M|100/100\n|-ability|p2a: Gyarados|Intimidate|boost\n|-unboost|p1a: Garchomp|atk|1\n|move|p1a: Garchomp|Swords Dance|p1a: Garchomp\n|-boost|p1a: Garchomp|atk|2\n|\n|-heal|p1a: Garchomp|100/100 tox|[from] item: Leftovers\n|-damage|p1a: Garchomp|89/100 tox|[from] psn\n|upkeep\n|turn|3\n|\n|t:|1776249697\n|switch|p1a: Bellibolt|Bellibolt, L50, M|100/100\n|switch|p2a: Primarina|Primarina, L50, F|100/100\n|\n|upkeep\n|turn|4\n|\n|t:|1776249704\n|switch|p2a: Bellibolt|Bellibolt, L50, F|100/100\n|move|p1a: Bellibolt|Volt Switch|p2a: Bellibolt\n|-resisted|p2a: Bellibolt|1\n|-damage|p2a: Bellibolt|88/100\n|-start|p2a: Bellibolt|Charge|Volt Switch|[from] ability: Electromorphosis\n|\n|t:|1776249712\n|switch|p1a: Garchomp|Garchomp, L50, F|89/100 tox|[from] Volt Switch\n|\n|-heal|p1a: Garchomp|95/100 tox|[from] item: Leftovers\n|-heal|p2a: Bellibolt|94/100|[from] item: Leftovers\n|-damage|p1a: Garchomp|89/100 tox|[from] psn\n|upkeep\n|turn|5\n|\n|t:|1776249724\n|switch|p1a: Bellibolt|Bellibolt, L50, M|100/100\n|switch|p2a: Primarina|Primarina, L50, F|100/100\n|\n|upkeep\n|turn|6\n|\n|t:|1776249732\n|switch|p2a: Bellibolt|Bellibolt, L50, F|94/100\n|move|p1a: Bellibolt|Volt Switch|p2a: Bellibolt\n|-resisted|p2a: Bellibolt|1\n|-damage|p2a: Bellibolt|81/100\n|-start|p2a: Bellibolt|Charge|Volt Switch|[from] ability: Electromorphosis\n|\n|t:|1776249740\n|switch|p1a: Garchomp|Garchomp, L50, F|89/100 tox|[from] Volt Switch\n|\n|-heal|p1a: Garchomp|95/100 tox|[from] item: Leftovers\n|-heal|p2a: Bellibolt|87/100|[from] item: Leftovers\n|-damage|p1a: Garchomp|89/100 tox|[from] psn\n|upkeep\n|turn|7\n|\n|t:|1776249751\n|switch|p2a: Gyarados|Gyarados, L50, M|100/100\n|-ability|p2a: Gyarados|Intimidate|boost\n|-unboost|p1a: Garchomp|atk|1\n|move|p1a: Garchomp|Poison Jab|p2a: Gyarados\n|-damage|p2a: Gyarados|77/100\n|-status|p2a: Gyarados|psn\n|\n|-heal|p1a: Garchomp|95/100 tox|[from] item: Leftovers\n|-damage|p1a: Garchomp|83/100 tox|[from] psn\n|-damage|p2a: Gyarados|64/100 psn|[from] psn\n|upkeep\n|turn|8\n|\n|t:|1776249764\n|switch|p1a: Bellibolt|Bellibolt, L50, M|100/100\n|move|p2a: Gyarados|Dragon Dance|p2a: Gyarados\n|-boost|p2a: Gyarados|atk|1\n|-boost|p2a: Gyarados|spe|1\n|\n|-damage|p2a: Gyarados|52/100 psn|[from] psn\n|upkeep\n|turn|9\n|\n|t:|1776249772\n|detailschange|p2a: Gyarados|Gyarados-Mega, L50, M\n|-mega|p2a: Gyarados|Gyarados|Gyaradosite\n|-ability|p2a: Gyarados|Mold Breaker\n|move|p2a: Gyarados|Earthquake|p1a: Bellibolt\n|-supereffective|p1a: Bellibolt|1\n|-damage|p1a: Bellibolt|0 fnt\n|faint|p1a: Bellibolt\n|\n|-damage|p2a: Gyarados|40/100 psn|[from] psn\n|upkeep\n|\n|t:|1776249783\n|switch|p1a: Charizard|Charizard, L50, F|100/100\n|turn|10\n|\n|t:|1776249791\n|detailschange|p1a: Charizard|Charizard-Mega-Y, L50, F\n|-mega|p1a: Charizard|Charizard|Charizardite Y\n|-weather|SunnyDay|[from] ability: Drought|[of] p1a: Charizard\n|move|p2a: Gyarados|Waterfall|p1a: Charizard\n|-supereffective|p1a: Charizard|1\n|-damage|p1a: Charizard|0 fnt\n|faint|p1a: Charizard\n|\n|-weather|SunnyDay|[upkeep]\n|-damage|p2a: Gyarados|27/100 psn|[from] psn\n|upkeep\n|\n|t:|1776249802\n|switch|p1a: Garchomp|Garchomp, L50, F|83/100 tox\n|turn|11\n|\n|t:|1776249806\n|move|p2a: Gyarados|Earthquake|p1a: Garchomp\n|-crit|p1a: Garchomp\n|-damage|p1a: Garchomp|0 fnt\n|faint|p1a: Garchomp\n|\n|win|deepseazapdos\n|raw|Charconite's rating: 1012 &rarr; <strong>1002</strong><br />(-10 for losing)\n|raw|deepseazapdos's rating: 1069 &rarr; <strong>1094</strong><br />(+25 for winning)\n",
  "uploadtime": 1776249809,
  "views": 33,
  "formatid": "gen9championsbssregma",
  "rating": 1002,
  "private": 0,
  "password": null
}