{
  "id": "gen9championsbssregma-2581356755",
  "format": "[Gen 9 Champions] BSS Reg M-A",
  "players": [
    "Z-Star Ultima",
    "hoshigumo1101"
  ],
  "log": "|j|\u2606Z-Star Ultima\n|j|\u2606hoshigumo1101\n|t:|1775991092\n|gametype|singles\n|player|p1|Z-Star Ultima|2|1155\n|player|p2|hoshigumo1101|acetrainerf|1220\n|gen|9\n|tier|[Gen 9 Champions] BSS Reg M-A\n|rated|\n|rule|Species Clause: Limit one of each Pok\u00e9mon\n|rule|Item Clause: Limit 1 of each item\n|clearpoke\n|poke|p1|Charizard, L50, M|\n|poke|p1|Rotom-Wash, L50|\n|poke|p1|Meowscarada, L50, F|\n|poke|p1|Hippowdon, L50, F|\n|poke|p1|Hydreigon, L50, F|\n|poke|p1|Kingambit, L50, M|\n|poke|p2|Lucario, L50, M|\n|poke|p2|Rotom-Wash, L50|\n|poke|p2|Garchomp, L50, F|\n|poke|p2|Charizard, L50, F|\n|poke|p2|Hatterene, L50, F|\n|poke|p2|Archaludon, L50, M|\n|teampreview|3\n|inactive|Battle timer is ON: inactive players will automatically lose when time's up. (requested by Z-Star Ultima)\n|inactive|Z-Star Ultima has 60 seconds left.\n|inactive|hoshigumo1101 has 60 seconds left.\n|\n|t:|1775991157\n|teamsize|p1|3\n|teamsize|p2|3\n|start\n|switch|p1a: Rotom|Rotom-Wash, L50|100/100\n|switch|p2a: Garchomp|Garchomp, L50, F|100/100\n|turn|1\n|\n|t:|1775991163\n|move|p2a: Garchomp|Stealth Rock|p1a: Rotom\n|-sidestart|p1: Z-Star Ultima|move: Stealth Rock\n|move|p1a: Rotom|Will-O-Wisp|p2a: Garchomp|[miss]\n|-miss|p1a: Rotom|p2a: Garchomp\n|\n|upkeep\n|turn|2\n|\n|t:|1775991167\n|switch|p2a: Hatterene|Hatterene, L50, F|100/100\n|move|p1a: Rotom|Will-O-Wisp|p2a: Hatterene\n|move|p2a: Hatterene|Will-O-Wisp|p1a: Rotom|[from] ability: Magic Bounce\n|-status|p1a: Rotom|brn\n|\n|-damage|p1a: Rotom|95/100 brn|[from] brn\n|upkeep\n|turn|3\n|\n|t:|1775991175\n|move|p1a: Rotom|Volt Switch|p2a: Hatterene\n|-damage|p2a: Hatterene|73/100\n|\n|t:|1775991177\n|switch|p1a: Kingambit|Kingambit, L50, M|100/100|[from] Volt Switch\n|-damage|p1a: Kingambit|95/100|[from] Stealth Rock\n|move|p2a: Hatterene|Dazzling Gleam|p1a: Kingambit\n|-damage|p1a: Kingambit|45/100\n|\n|upkeep\n|turn|4\n|\n|t:|1775991192\n|switch|p2a: Charizard|Charizard, L50, F|100/100\n|move|p1a: Kingambit|Kowtow Cleave|p2a: Charizard\n|-damage|p2a: Charizard|10/100\n|\n|upkeep\n|turn|5\n|\n|t:|1775991205\n|switch|p2a: Garchomp|Garchomp, L50, F|100/100\n|move|p1a: Kingambit|Sucker Punch||[still]\n|-fail|p1a: Kingambit\n|\n|upkeep\n|turn|6\n|\n|t:|1775991213\n|switch|p2a: Hatterene|Hatterene, L50, F|73/100\n|-end|p1a: Kingambit|fallenundefined|[silent]\n|switch|p1a: Rotom|Rotom-Wash, L50|95/100 brn\n|-damage|p1a: Rotom|83/100 brn|[from] Stealth Rock\n|\n|-damage|p1a: Rotom|77/100 brn|[from] brn\n|upkeep\n|turn|7\n|\n|t:|1775991222\n|move|p1a: Rotom|Hydro Pump|p2a: Hatterene|[miss]\n|-miss|p1a: Rotom|p2a: Hatterene\n|move|p2a: Hatterene|Healing Wish|p2a: Hatterene\n|faint|p2a: Hatterene\n|\n|-damage|p1a: Rotom|71/100 brn|[from] brn\n|upkeep\n|\n|t:|1775991224\n|switch|p2a: Charizard|Charizard, L50, F|10/100\n|-heal|p2a: Charizard|100/100|[from] move: Healing Wish\n|turn|8\n|\n|t:|1775991228\n|detailschange|p2a: Charizard|Charizard-Mega-Y, L50, F\n|-mega|p2a: Charizard|Charizard|Charizardite Y\n|-weather|SunnyDay|[from] ability: Drought|[of] p2a: Charizard\n|move|p2a: Charizard|Solar Beam||[still]\n|-prepare|p2a: Charizard|Solar Beam\n|-anim|p2a: Charizard|Solar Beam|p1a: Rotom\n|-supereffective|p1a: Rotom|1\n|-damage|p1a: Rotom|0 fnt\n|faint|p1a: Rotom\n|\n|-weather|SunnyDay|[upkeep]\n|upkeep\n|\n|t:|1775991234\n|switch|p1a: Charizard|Charizard, L50, M|100/100\n|-damage|p1a: Charizard|51/100|[from] Stealth Rock\n|turn|9\n|\n|t:|1775991238\n|detailschange|p1a: Charizard|Charizard-Mega-X, L50, M\n|-mega|p1a: Charizard|Charizard|Charizardite X\n|move|p2a: Charizard|Ancient Power|p1a: Charizard\n|-supereffective|p1a: Charizard|1\n|-damage|p1a: Charizard|0 fnt\n|faint|p1a: Charizard\n|\n|-weather|SunnyDay|[upkeep]\n|upkeep\n|\n|t:|1775991243\n|switch|p1a: Kingambit|Kingambit, L50, M|45/100\n|-damage|p1a: Kingambit|40/100|[from] Stealth Rock\n|-activate|p1a: Kingambit|ability: Supreme Overlord\n|-start|p1a: Kingambit|fallen2|[silent]\n|turn|10\n|\n|t:|1775991245\n|move|p1a: Kingambit|Sucker Punch||[still]\n|-fail|p1a: Kingambit\n|move|p2a: Charizard|Substitute|p2a: Charizard\n|-start|p2a: Charizard|Substitute\n|-damage|p2a: Charizard|76/100\n|\n|-weather|SunnyDay|[upkeep]\n|upkeep\n|turn|11\n|\n|t:|1775991250\n|move|p2a: Charizard|Fire Blast|p1a: Kingambit\n|-supereffective|p1a: Kingambit|1\n|-damage|p1a: Kingambit|0 fnt\n|faint|p1a: Kingambit\n|-end|p1a: Kingambit|fallen2|[silent]\n|\n|win|hoshigumo1101\n|raw|Z-Star Ultima's rating: 1155 &rarr; <strong>1135</strong><br />(-20 for losing)\n|raw|hoshigumo1101's rating: 1220 &rarr; <strong>1240</strong><br />(+20 for winning)\n",
  "uploadtime": 1775991254,
  "views": 21,
  "formatid": "gen9championsbssregma",
  "rating": 1135,
  "private": 0,
  "password": null
}