{
  "id": "gen9championsbssregma-2587993890",
  "format": "[Gen 9 Champions] BSS Reg M-A",
  "players": [
    "harap",
    "ninano200"
  ],
  "log": "|j|\u2606harap\n|j|\u2606ninano200\n|t:|1776590127\n|gametype|singles\n|player|p1|harap|101|1373\n|player|p2|ninano200|266|1445\n|gen|9\n|tier|[Gen 9 Champions] BSS Reg M-A\n|rated|\n|rule|Species Clause: Limit one of each Pok\u00e9mon\n|rule|Item Clause: Limit 1 of each item\n|clearpoke\n|poke|p1|Ampharos, L50, F|\n|poke|p1|Scizor, L50, F|\n|poke|p1|Skarmory, L50, M|\n|poke|p1|Feraligatr, L50, M|\n|poke|p1|Slowking-Galar, L50, F|\n|poke|p1|Umbreon, L50, F|\n|poke|p2|Charizard, L50, F|\n|poke|p2|Hippowdon, L50, F|\n|poke|p2|Greninja, L50, F|\n|poke|p2|Mimikyu, L50, M|\n|poke|p2|Corviknight, L50, M|\n|poke|p2|Lopunny, L50, F|\n|teampreview|3\n|inactive|Battle timer is ON: inactive players will automatically lose when time's up. (requested by ninano200)\n|inactive|harap has 60 seconds left.\n|\n|t:|1776590161\n|teamsize|p1|3\n|teamsize|p2|3\n|start\n|switch|p1a: Feraligatr|Feraligatr, L50, M|100/100\n|switch|p2a: Hippowdon|Hippowdon, L50, F|100/100\n|-weather|Sandstorm|[from] ability: Sand Stream|[of] p2a: Hippowdon\n|turn|1\n|\n|t:|1776590171\n|move|p1a: Feraligatr|Liquidation|p2a: Hippowdon\n|-supereffective|p2a: Hippowdon|1\n|-damage|p2a: Hippowdon|39/100\n|-enditem|p2a: Hippowdon|Sitrus Berry|[eat]\n|-heal|p2a: Hippowdon|64/100|[from] item: Sitrus Berry\n|move|p2a: Hippowdon|Yawn|p1a: Feraligatr\n|-start|p1a: Feraligatr|move: Yawn|[of] p2a: Hippowdon\n|\n|-weather|Sandstorm|[upkeep]\n|-damage|p1a: Feraligatr|94/100|[from] Sandstorm\n|upkeep\n|turn|2\n|\n|t:|1776590183\n|switch|p1a: Ampharos|Ampharos, L50, F|100/100\n|move|p2a: Hippowdon|Stealth Rock|p1a: Ampharos\n|-sidestart|p1: harap|move: Stealth Rock\n|\n|-weather|Sandstorm|[upkeep]\n|-damage|p1a: Ampharos|94/100|[from] Sandstorm\n|upkeep\n|turn|3\n|\n|t:|1776590191\n|detailschange|p1a: Ampharos|Ampharos-Mega, L50, F\n|-mega|p1a: Ampharos|Ampharos|Ampharosite\n|-ability|p1a: Ampharos|Mold Breaker\n|move|p1a: Ampharos|Dragon Pulse|p2a: Hippowdon\n|-damage|p2a: Hippowdon|14/100\n|move|p2a: Hippowdon|Earthquake|p1a: Ampharos\n|-supereffective|p1a: Ampharos|1\n|-damage|p1a: Ampharos|23/100\n|\n|-weather|Sandstorm|[upkeep]\n|-damage|p1a: Ampharos|16/100|[from] Sandstorm\n|upkeep\n|turn|4\n|\n|t:|1776590205\n|switch|p2a: Mimikyu|Mimikyu, L50, M|100/100\n|move|p1a: Ampharos|Dragon Pulse|p2a: Mimikyu\n|-immune|p2a: Mimikyu\n|\n|-weather|Sandstorm|[upkeep]\n|-damage|p2a: Mimikyu|95/100|[from] Sandstorm\n|-damage|p1a: Ampharos|10/100|[from] Sandstorm\n|upkeep\n|turn|5\n|\n|t:|1776590217\n|move|p2a: Mimikyu|Drain Punch|p1a: Ampharos\n|-damage|p1a: Ampharos|0 fnt\n|-heal|p2a: Mimikyu|100/100|[from] drain|[of] p1a: Ampharos\n|faint|p1a: Ampharos\n|\n|-weather|none\n|upkeep\n|\n|t:|1776590223\n|switch|p1a: Feraligatr|Feraligatr, L50, M|94/100\n|-damage|p1a: Feraligatr|82/100|[from] Stealth Rock\n|turn|6\n|\n|t:|1776590229\n|move|p1a: Feraligatr|Flip Turn|p2a: Mimikyu\n|-activate|p2a: Mimikyu|ability: Disguise\n|-damage|p2a: Mimikyu|100/100\n|detailschange|p2a: Mimikyu|Mimikyu-Busted, L50, M\n|-damage|p2a: Mimikyu|89/100|[from] pokemon: Mimikyu-Busted\n|\n|t:|1776590236\n|switch|p1a: Slowking|Slowking-Galar, L50, F|100/100|[from] Flip Turn\n|-damage|p1a: Slowking|88/100|[from] Stealth Rock\n|move|p2a: Mimikyu|Swords Dance|p2a: Mimikyu\n|-boost|p2a: Mimikyu|atk|2\n|\n|upkeep\n|turn|7\n|\n|t:|1776590244\n|move|p2a: Mimikyu|Shadow Sneak|p1a: Slowking\n|-supereffective|p1a: Slowking|1\n|-damage|p1a: Slowking|11/100\n|move|p1a: Slowking|Psychic Noise|p2a: Mimikyu\n|-damage|p2a: Mimikyu|48/100\n|-start|p2a: Mimikyu|move: Heal Block\n|\n|upkeep\n|turn|8\n|\n|t:|1776590253\n|move|p2a: Mimikyu|Play Rough|p1a: Slowking\n|-resisted|p1a: Slowking|1\n|-damage|p1a: Slowking|0 fnt\n|faint|p1a: Slowking\n|\n|-end|p2a: Mimikyu|move: Heal Block\n|upkeep\n|\n|t:|1776590260\n|switch|p1a: Feraligatr|Feraligatr, L50, M|82/100\n|-damage|p1a: Feraligatr|69/100|[from] Stealth Rock\n|turn|9\n|\n|t:|1776590265\n|move|p2a: Mimikyu|Shadow Sneak|p1a: Feraligatr\n|-damage|p1a: Feraligatr|30/100\n|move|p1a: Feraligatr|Liquidation|p2a: Mimikyu\n|-damage|p2a: Mimikyu|0 fnt\n|faint|p2a: Mimikyu\n|\n|upkeep\n|\n|t:|1776590269\n|switch|p2a: Charizard|Charizard, L50, F|100/100\n|turn|10\n|\n|t:|1776590274\n|detailschange|p2a: Charizard|Charizard-Mega-X, L50, F\n|-mega|p2a: Charizard|Charizard|Charizardite X\n|move|p1a: Feraligatr|Liquidation|p2a: Charizard\n|-damage|p2a: Charizard|43/100\n|move|p2a: Charizard|Dragon Claw|p1a: Feraligatr\n|-damage|p1a: Feraligatr|0 fnt\n|faint|p1a: Feraligatr\n|\n|win|ninano200\n|raw|harap's rating: 1373 &rarr; <strong>1357</strong><br />(-16 for losing)\n|raw|ninano200's rating: 1445 &rarr; <strong>1461</strong><br />(+16 for winning)\n|l|\u2606harap\n|player|p1|\n|l|\u2606ninano200\n|player|p2|\n",
  "uploadtime": 1776590282,
  "views": 3,
  "formatid": "gen9championsbssregma",
  "rating": 1357,
  "private": 0,
  "password": null
}