{
  "id": "gen9championsbssregma-2586970933",
  "format": "[Gen 9 Champions] BSS Reg M-A",
  "players": [
    "LOL.XD.9",
    "peko877"
  ],
  "log": "|j|\u2606LOL.XD.9\n|j|\u2606peko877\n|t:|1776476902\n|gametype|singles\n|player|p1|LOL.XD.9|red|1162\n|player|p2|peko877|hilda-wonderlauncher|1289\n|gen|9\n|tier|[Gen 9 Champions] BSS Reg M-A\n|rated|\n|rule|Species Clause: Limit one of each Pok\u00e9mon\n|rule|Item Clause: Limit 1 of each item\n|clearpoke\n|poke|p1|Corviknight, L50, M|\n|poke|p1|Feraligatr, L50, M|\n|poke|p1|Hawlucha, L50, M|\n|poke|p1|Sylveon, L50, F|\n|poke|p1|Greninja-*, L50, M|\n|poke|p1|Blastoise, L50, M|\n|poke|p2|Greninja-*, L50, M|\n|poke|p2|Corviknight, L50, M|\n|poke|p2|Garchomp, L50, M|\n|poke|p2|Meganium, L50, F|\n|poke|p2|Aegislash, L50, M|\n|poke|p2|Bellibolt, L50, M|\n|teampreview|3\n|inactive|Battle timer is ON: inactive players will automatically lose when time's up. (requested by peko877)\n|\n|t:|1776476927\n|teamsize|p1|3\n|teamsize|p2|3\n|start\n|switch|p1a: Sylveon|Sylveon, L50, F|100/100\n|switch|p2a: Meganium|Meganium, L50, F, shiny|100/100\n|turn|1\n|\n|t:|1776476933\n|detailschange|p2a: Meganium|Meganium-Mega, L50, F, shiny\n|-mega|p2a: Meganium|Meganium|Meganiumite\n|move|p2a: Meganium|Solar Beam||[still]\n|-prepare|p2a: Meganium|Solar Beam\n|-activate|p2a: Meganium|ability: Mega Sol\n|-anim|p2a: Meganium|Solar Beam|p1a: Sylveon\n|-damage|p1a: Sylveon|57/100\n|move|p1a: Sylveon|Mystical Fire|p2a: Meganium\n|-supereffective|p2a: Meganium|1\n|-damage|p2a: Meganium|67/100\n|-unboost|p2a: Meganium|spa|1\n|\n|upkeep\n|turn|2\n|\n|t:|1776476943\n|switch|p2a: Bellibolt|Bellibolt, L50, M, shiny|100/100\n|move|p1a: Sylveon|Hyper Voice|p2a: Bellibolt\n|-damage|p2a: Bellibolt|50/100\n|-start|p2a: Bellibolt|Charge|Hyper Voice|[from] ability: Electromorphosis\n|-enditem|p2a: Bellibolt|Sitrus Berry|[eat]\n|-heal|p2a: Bellibolt|74/100|[from] item: Sitrus Berry\n|\n|upkeep\n|turn|3\n|\n|t:|1776476952\n|move|p1a: Sylveon|Hyper Voice|p2a: Bellibolt\n|-damage|p2a: Bellibolt|21/100\n|-start|p2a: Bellibolt|Charge|Hyper Voice|[from] ability: Electromorphosis\n|move|p2a: Bellibolt|Soak|p1a: Sylveon\n|-start|p1a: Sylveon|typechange|Water\n|\n|upkeep\n|turn|4\n|\n|t:|1776476959\n|move|p1a: Sylveon|Hyper Voice|p2a: Bellibolt\n|-damage|p2a: Bellibolt|0 fnt\n|faint|p2a: Bellibolt\n|\n|upkeep\n|\n|t:|1776476962\n|switch|p2a: Meganium|Meganium-Mega, L50, F, shiny|67/100\n|turn|5\n|\n|t:|1776476966\n|move|p2a: Meganium|Solar Beam||[still]\n|-prepare|p2a: Meganium|Solar Beam\n|-activate|p2a: Meganium|ability: Mega Sol\n|-anim|p2a: Meganium|Solar Beam|p1a: Sylveon\n|-supereffective|p1a: Sylveon|1\n|-damage|p1a: Sylveon|0 fnt\n|faint|p1a: Sylveon\n|\n|upkeep\n|\n|t:|1776476973\n|switch|p1a: Hawlucha|Hawlucha, L50, M|100/100\n|turn|6\n|\n|t:|1776476979\n|switch|p2a: Corviknight|Corviknight, L50, M, shiny|100/100\n|-ability|p2a: Corviknight|Pressure\n|detailschange|p1a: Hawlucha|Hawlucha-Mega, L50, M\n|-mega|p1a: Hawlucha|Hawlucha|Hawluchanite\n|move|p1a: Hawlucha|Dual Wingbeat|p2a: Corviknight\n|-resisted|p2a: Corviknight|1\n|-damage|p2a: Corviknight|93/100\n|-resisted|p2a: Corviknight|1\n|-damage|p2a: Corviknight|85/100\n|-hitcount|p2a: Corviknight|2\n|\n|-heal|p2a: Corviknight|91/100|[from] item: Leftovers\n|upkeep\n|turn|7\n|\n|t:|1776476990\n|move|p1a: Hawlucha|Cross Chop|p2a: Corviknight\n|-crit|p2a: Corviknight\n|-damage|p2a: Corviknight|40/100\n|move|p2a: Corviknight|Iron Defense|p2a: Corviknight\n|-boost|p2a: Corviknight|def|2\n|\n|-heal|p2a: Corviknight|45/100|[from] item: Leftovers\n|upkeep\n|turn|8\n|\n|t:|1776476997\n|move|p1a: Hawlucha|Cross Chop|p2a: Corviknight\n|-damage|p2a: Corviknight|28/100\n|move|p2a: Corviknight|Roost|p2a: Corviknight\n|-heal|p2a: Corviknight|78/100\n|-singleturn|p2a: Corviknight|move: Roost\n|\n|-heal|p2a: Corviknight|84/100|[from] item: Leftovers\n|upkeep\n|turn|9\n|\n|t:|1776477006\n|move|p1a: Hawlucha|Cross Chop|p2a: Corviknight\n|-crit|p2a: Corviknight\n|-damage|p2a: Corviknight|31/100\n|move|p2a: Corviknight|Iron Defense|p2a: Corviknight\n|-boost|p2a: Corviknight|def|2\n|\n|-heal|p2a: Corviknight|37/100|[from] item: Leftovers\n|upkeep\n|turn|10\n|\n|t:|1776477014\n|move|p1a: Hawlucha|Cross Chop|p2a: Corviknight\n|-crit|p2a: Corviknight\n|-damage|p2a: Corviknight|0 fnt\n|faint|p2a: Corviknight\n|\n|upkeep\n|\n|t:|1776477017\n|switch|p2a: Meganium|Meganium-Mega, L50, F, shiny|67/100\n|turn|11\n|\n|t:|1776477022\n|move|p1a: Hawlucha|Dual Wingbeat|p2a: Meganium\n|-supereffective|p2a: Meganium|1\n|-damage|p2a: Meganium|28/100\n|-supereffective|p2a: Meganium|1\n|-damage|p2a: Meganium|0 fnt\n|faint|p2a: Meganium\n|-hitcount|p2: Meganium|2\n|\n|win|LOL.XD.9\n|raw|LOL.XD.9's rating: 1162 &rarr; <strong>1195</strong><br />(+33 for winning)\n|raw|peko877's rating: 1272 &rarr; <strong>1239</strong><br />(-33 for losing)\n|l|\u2606peko877\n|player|p2|\n",
  "uploadtime": 1776477031,
  "views": 4,
  "formatid": "gen9championsbssregma",
  "rating": 1195,
  "private": 0,
  "password": null
}