{
  "id": "gen9championsbssregma-2582191202",
  "format": "[Gen 9 Champions] BSS Reg M-A",
  "players": [
    "OOSIKO",
    "Henzrey Nugget"
  ],
  "log": "|j|\u2606OOSIKO\n|j|\u2606Henzrey Nugget\n|t:|1776069448\n|gametype|singles\n|player|p1|OOSIKO|elesa|1178\n|player|p2|Henzrey Nugget|266|1274\n|gen|9\n|tier|[Gen 9 Champions] BSS Reg M-A\n|rated|\n|rule|Species Clause: Limit one of each Pok\u00e9mon\n|rule|Item Clause: Limit 1 of each item\n|clearpoke\n|poke|p1|Tyranitar, L50, F|\n|poke|p1|Corviknight, L50, M|\n|poke|p1|Emboar, L50, M|\n|poke|p1|Rotom-Wash, L50|\n|poke|p1|Sinistcha-Masterpiece, L50|\n|poke|p1|Garchomp, L50, F|\n|poke|p2|Pelipper, L50, M|\n|poke|p2|Aegislash, L50, M|\n|poke|p2|Meowscarada, L50, F|\n|poke|p2|Aerodactyl, L50, F|\n|poke|p2|Ampharos, L50, F|\n|poke|p2|Mudsdale, L50, M|\n|teampreview|3\n|\n|t:|1776069479\n|teamsize|p1|3\n|teamsize|p2|3\n|start\n|switch|p1a: Rotom|Rotom-Wash, L50|100/100\n|switch|p2a: Meowscarada|Meowscarada, L50, F, shiny|100/100\n|turn|1\n|\n|t:|1776069483\n|switch|p1a: Emboar|Emboar, L50, M|100/100\n|move|p2a: Meowscarada|Flower Trick|p1a: Emboar\n|-start|p2a: Meowscarada|typechange|Grass|[from] ability: Protean\n|-resisted|p1a: Emboar|1\n|-crit|p1a: Emboar\n|-damage|p1a: Emboar|72/100\n|\n|upkeep\n|turn|2\n|\n|t:|1776069487\n|switch|p2a: Pelipper|Pelipper, L50, M|100/100\n|-weather|RainDance|[from] ability: Drizzle|[of] p2a: Pelipper\n|detailschange|p1a: Emboar|Emboar-Mega, L50, M\n|-mega|p1a: Emboar|Emboar|Emboarite\n|-ability|p1a: Emboar|Mold Breaker\n|move|p1a: Emboar|Flare Blitz|p2a: Pelipper\n|-resisted|p2a: Pelipper|1\n|-damage|p2a: Pelipper|86/100\n|-damage|p1a: Emboar|68/100|[from] Recoil\n|\n|-weather|RainDance|[upkeep]\n|upkeep\n|turn|3\n|\n|t:|1776069495\n|move|p1a: Emboar|Wild Charge|p2a: Pelipper\n|-supereffective|p2a: Pelipper|2\n|-damage|p2a: Pelipper|0 fnt\n|faint|p2a: Pelipper\n|-damage|p1a: Emboar|51/100|[from] Recoil\n|\n|-weather|RainDance|[upkeep]\n|upkeep\n|\n|t:|1776069497\n|switch|p2a: Ampharos|Ampharos, L50, F|100/100\n|turn|4\n|j| p74\n|\n|t:|1776069502\n|detailschange|p2a: Ampharos|Ampharos-Mega, L50, F\n|-mega|p2a: Ampharos|Ampharos|Ampharosite\n|-ability|p2a: Ampharos|Mold Breaker\n|move|p1a: Emboar|Close Combat|p2a: Ampharos\n|-damage|p2a: Ampharos|32/100\n|-unboost|p1a: Emboar|def|1\n|-unboost|p1a: Emboar|spd|1\n|move|p2a: Ampharos|Dragon Pulse|p1a: Emboar\n|-damage|p1a: Emboar|0 fnt\n|faint|p1a: Emboar\n|\n|-weather|RainDance|[upkeep]\n|upkeep\n|\n|t:|1776069517\n|switch|p1a: Garchomp|Garchomp, L50, F|100/100\n|turn|5\n|\n|t:|1776069519\n|switch|p2a: Meowscarada|Meowscarada, L50, F, shiny|100/100\n|move|p1a: Garchomp|Scale Shot|p2a: Meowscarada\n|-damage|p2a: Meowscarada|78/100\n|-damage|p2a: Meowscarada|56/100\n|-damage|p2a: Meowscarada|34/100\n|-damage|p2a: Meowscarada|14/100\n|-hitcount|p2a: Meowscarada|4\n|-unboost|p1a: Garchomp|def|1\n|-boost|p1a: Garchomp|spe|1\n|\n|-weather|RainDance|[upkeep]\n|upkeep\n|turn|6\n|\n|t:|1776069525\n|move|p2a: Meowscarada|Triple Axel|p1a: Garchomp\n|-start|p2a: Meowscarada|typechange|Ice|[from] ability: Protean\n|-supereffective|p1a: Garchomp|2\n|-crit|p1a: Garchomp\n|-damage|p1a: Garchomp|13/100\n|-supereffective|p1a: Garchomp|2\n|-crit|p1a: Garchomp\n|-damage|p1a: Garchomp|0 fnt\n|faint|p1a: Garchomp\n|-hitcount|p1: Garchomp|2\n|\n|-weather|none\n|upkeep\n|\n|t:|1776069528\n|switch|p1a: Rotom|Rotom-Wash, L50|100/100\n|turn|7\n|\n|t:|1776069533\n|move|p2a: Meowscarada|Triple Axel|p1a: Rotom\n|-resisted|p1a: Rotom|1\n|-damage|p1a: Rotom|94/100\n|-resisted|p1a: Rotom|1\n|-damage|p1a: Rotom|82/100\n|-resisted|p1a: Rotom|1\n|-damage|p1a: Rotom|66/100\n|-hitcount|p1a: Rotom|3\n|move|p1a: Rotom|Hydro Pump|p2a: Meowscarada\n|-damage|p2a: Meowscarada|0 fnt\n|faint|p2a: Meowscarada\n|\n|upkeep\n|\n|t:|1776069535\n|switch|p2a: Ampharos|Ampharos-Mega, L50, F|32/100\n|-ability|p2a: Ampharos|Mold Breaker\n|turn|8\n|\n|t:|1776069540\n|move|p1a: Rotom|Hydro Pump|p2a: Ampharos\n|-resisted|p2a: Ampharos|1\n|-crit|p2a: Ampharos\n|-damage|p2a: Ampharos|0 fnt\n|faint|p2a: Ampharos\n|\n|win|OOSIKO\n|raw|OOSIKO's rating: 1178 &rarr; <strong>1210</strong><br />(+32 for winning)\n|raw|Henzrey Nugget's rating: 1274 &rarr; <strong>1242</strong><br />(-32 for losing)\n|l|\u2606Henzrey Nugget\n|player|p2|\n|l|\u2606OOSIKO\n|player|p1|\n",
  "uploadtime": 1776069571,
  "views": 7,
  "formatid": "gen9championsbssregma",
  "rating": 1210,
  "private": 0,
  "password": null
}