{
  "id": "gen9championsbssregma-2586233623",
  "format": "[Gen 9 Champions] BSS Reg M-A",
  "players": [
    "hoerutono",
    "joguri"
  ],
  "log": "|j|\u2606hoerutono\n|j|\u2606joguri\n|t:|1776415464\n|gametype|singles\n|player|p1|hoerutono|whitney|1109\n|player|p2|joguri|dawn|1240\n|gen|9\n|tier|[Gen 9 Champions] BSS Reg M-A\n|rated|\n|rule|Species Clause: Limit one of each Pok\u00e9mon\n|rule|Item Clause: Limit 1 of each item\n|clearpoke\n|poke|p1|Lycanroc-Midnight, L50, M|\n|poke|p1|Luxray, L50, M|\n|poke|p1|Tyrantrum, L50, M|\n|poke|p1|Decidueye, L50, M|\n|poke|p1|Excadrill, L50, F|\n|poke|p1|Beartic, L50, M|\n|poke|p2|Clefable, L50, M|\n|poke|p2|Espathra, L50, F|\n|poke|p2|Charizard, L50, F|\n|poke|p2|Hippowdon, L50, M|\n|poke|p2|Rotom-Wash, L50|\n|poke|p2|Garchomp, L50, M|\n|teampreview|3\n|\n|t:|1776415527\n|teamsize|p1|3\n|teamsize|p2|3\n|start\n|switch|p1a: \u308a\u3085\u3046\u3066\u3083|Tyrantrum, L50, M|100/100\n|switch|p2a: Hippowdon|Hippowdon, L50, M|100/100\n|-weather|Sandstorm|[from] ability: Sand Stream|[of] p2a: Hippowdon\n|turn|1\n|inactive|Battle timer is ON: inactive players will automatically lose when time's up. (requested by joguri)\n|\n|t:|1776415536\n|move|p1a: \u308a\u3085\u3046\u3066\u3083|Dragon Dance|p1a: \u308a\u3085\u3046\u3066\u3083\n|-boost|p1a: \u308a\u3085\u3046\u3066\u3083|atk|1\n|-boost|p1a: \u308a\u3085\u3046\u3066\u3083|spe|1\n|move|p2a: Hippowdon|Stealth Rock|p1a: \u308a\u3085\u3046\u3066\u3083\n|-sidestart|p1: hoerutono|move: Stealth Rock\n|\n|-weather|Sandstorm|[upkeep]\n|upkeep\n|turn|2\n|\n|t:|1776415545\n|move|p1a: \u308a\u3085\u3046\u3066\u3083|Dragon Dance|p1a: \u308a\u3085\u3046\u3066\u3083\n|-boost|p1a: \u308a\u3085\u3046\u3066\u3083|atk|1\n|-boost|p1a: \u308a\u3085\u3046\u3066\u3083|spe|1\n|move|p2a: Hippowdon|Roar|p1a: \u308a\u3085\u3046\u3066\u3083\n|drag|p1a: \u307b\u3048\u308b\u3063\u3061|Lycanroc-Midnight, L50, M|100/100\n|-damage|p1a: \u307b\u3048\u308b\u3063\u3061|88/100|[from] Stealth Rock\n|\n|-weather|Sandstorm|[upkeep]\n|upkeep\n|turn|3\n|\n|t:|1776415560\n|move|p1a: \u307b\u3048\u308b\u3063\u3061|Stealth Rock|p2a: Hippowdon\n|-sidestart|p2: joguri|move: Stealth Rock\n|move|p2a: Hippowdon|Yawn|p1a: \u307b\u3048\u308b\u3063\u3061\n|-start|p1a: \u307b\u3048\u308b\u3063\u3061|move: Yawn|[of] p2a: Hippowdon\n|\n|-weather|Sandstorm|[upkeep]\n|upkeep\n|turn|4\n|\n|t:|1776415569\n|move|p1a: \u307b\u3048\u308b\u3063\u3061|Stone Edge|p2a: Hippowdon\n|-resisted|p2a: Hippowdon|1\n|-damage|p2a: Hippowdon|87/100\n|move|p2a: Hippowdon|Yawn||[still]\n|-fail|p2a: Hippowdon\n|\n|-weather|Sandstorm|[upkeep]\n|-end|p1a: \u307b\u3048\u308b\u3063\u3061|move: Yawn|[silent]\n|-status|p1a: \u307b\u3048\u308b\u3063\u3061|slp\n|upkeep\n|turn|5\n|\n|t:|1776415582\n|cant|p1a: \u307b\u3048\u308b\u3063\u3061|slp\n|move|p2a: Hippowdon|Earthquake|p1a: \u307b\u3048\u308b\u3063\u3061\n|-supereffective|p1a: \u307b\u3048\u308b\u3063\u3061|1\n|-damage|p1a: \u307b\u3048\u308b\u3063\u3061|0 fnt\n|faint|p1a: \u307b\u3048\u308b\u3063\u3061\n|\n|-weather|none\n|upkeep\n|\n|t:|1776415590\n|switch|p1a: \u3059\u307f\u307d\u3088|Excadrill, L50, F|100/100\n|-damage|p1a: \u3059\u307f\u307d\u3088|98/100|[from] Stealth Rock\n|-ability|p1a: \u3059\u307f\u307d\u3088|Mold Breaker\n|turn|6\n|\n|t:|1776415597\n|move|p1a: \u3059\u307f\u307d\u3088|Horn Drill|p2a: Hippowdon|[miss]\n|-miss|p1a: \u3059\u307f\u307d\u3088|p2a: Hippowdon\n|move|p2a: Hippowdon|Yawn|p1a: \u3059\u307f\u307d\u3088\n|-start|p1a: \u3059\u307f\u307d\u3088|move: Yawn|[of] p2a: Hippowdon\n|\n|upkeep\n|turn|7\n|\n|t:|1776415604\n|switch|p1a: \u308a\u3085\u3046\u3066\u3083|Tyrantrum, L50, M|100/100\n|-damage|p1a: \u308a\u3085\u3046\u3066\u3083|89/100|[from] Stealth Rock\n|move|p2a: Hippowdon|Yawn|p1a: \u308a\u3085\u3046\u3066\u3083\n|-start|p1a: \u308a\u3085\u3046\u3066\u3083|move: Yawn|[of] p2a: Hippowdon\n|\n|upkeep\n|turn|8\n|\n|t:|1776415614\n|move|p1a: \u308a\u3085\u3046\u3066\u3083|Dragon Dance|p1a: \u308a\u3085\u3046\u3066\u3083\n|-boost|p1a: \u308a\u3085\u3046\u3066\u3083|atk|1\n|-boost|p1a: \u308a\u3085\u3046\u3066\u3083|spe|1\n|move|p2a: Hippowdon|Yawn||[still]\n|-fail|p2a: Hippowdon\n|\n|-end|p1a: \u308a\u3085\u3046\u3066\u3083|move: Yawn|[silent]\n|-status|p1a: \u308a\u3085\u3046\u3066\u3083|slp\n|-enditem|p1a: \u308a\u3085\u3046\u3066\u3083|Lum Berry|[eat]\n|-curestatus|p1a: \u308a\u3085\u3046\u3066\u3083|slp|[msg]\n|upkeep\n|turn|9\n|\n|t:|1776415625\n|move|p1a: \u308a\u3085\u3046\u3066\u3083|Ice Fang|p2a: Hippowdon\n|-supereffective|p2a: Hippowdon|1\n|-damage|p2a: Hippowdon|51/100\n|cant|p2a: Hippowdon|flinch\n|\n|upkeep\n|turn|10\n|\n|t:|1776415637\n|move|p1a: \u308a\u3085\u3046\u3066\u3083|Head Smash|p2a: Hippowdon|[miss]\n|-miss|p1a: \u308a\u3085\u3046\u3066\u3083|p2a: Hippowdon\n|move|p2a: Hippowdon|Roar|p1a: \u308a\u3085\u3046\u3066\u3083\n|drag|p1a: \u3059\u307f\u307d\u3088|Excadrill, L50, F|98/100\n|-damage|p1a: \u3059\u307f\u307d\u3088|95/100|[from] Stealth Rock\n|-ability|p1a: \u3059\u307f\u307d\u3088|Mold Breaker\n|\n|upkeep\n|turn|11\n|\n|t:|1776415648\n|move|p1a: \u3059\u307f\u307d\u3088|Horn Drill|p2a: Hippowdon|[miss]\n|-miss|p1a: \u3059\u307f\u307d\u3088|p2a: Hippowdon\n|move|p2a: Hippowdon|Yawn|p1a: \u3059\u307f\u307d\u3088\n|-start|p1a: \u3059\u307f\u307d\u3088|move: Yawn|[of] p2a: Hippowdon\n|\n|upkeep\n|turn|12\n|\n|t:|1776415658\n|switch|p1a: \u308a\u3085\u3046\u3066\u3083|Tyrantrum, L50, M|89/100\n|-damage|p1a: \u308a\u3085\u3046\u3066\u3083|77/100|[from] Stealth Rock\n|move|p2a: Hippowdon|Yawn|p1a: \u308a\u3085\u3046\u3066\u3083\n|-start|p1a: \u308a\u3085\u3046\u3066\u3083|move: Yawn|[of] p2a: Hippowdon\n|\n|upkeep\n|turn|13\n|\n|t:|1776415667\n|move|p1a: \u308a\u3085\u3046\u3066\u3083|Ice Fang|p2a: Hippowdon\n|-supereffective|p2a: Hippowdon|1\n|-damage|p2a: Hippowdon|25/100\n|-enditem|p2a: Hippowdon|Sitrus Berry|[eat]\n|-heal|p2a: Hippowdon|49/100|[from] item: Sitrus Berry\n|move|p2a: Hippowdon|Yawn||[still]\n|-fail|p2a: Hippowdon\n|\n|-end|p1a: \u308a\u3085\u3046\u3066\u3083|move: Yawn|[silent]\n|-status|p1a: \u308a\u3085\u3046\u3066\u3083|slp\n|upkeep\n|turn|14\n|\n|t:|1776415677\n|cant|p1a: \u308a\u3085\u3046\u3066\u3083|slp\n|move|p2a: Hippowdon|Earthquake|p1a: \u308a\u3085\u3046\u3066\u3083\n|-supereffective|p1a: \u308a\u3085\u3046\u3066\u3083|1\n|-damage|p1a: \u308a\u3085\u3046\u3066\u3083|0 fnt\n|faint|p1a: \u308a\u3085\u3046\u3066\u3083\n|\n|upkeep\n|\n|t:|1776415684\n|switch|p1a: \u3059\u307f\u307d\u3088|Excadrill, L50, F|95/100\n|-damage|p1a: \u3059\u307f\u307d\u3088|92/100|[from] Stealth Rock\n|-ability|p1a: \u3059\u307f\u307d\u3088|Mold Breaker\n|turn|15\n|\n|t:|1776415698\n|move|p1a: \u3059\u307f\u307d\u3088|Horn Drill|p2a: Hippowdon|[miss]\n|-miss|p1a: \u3059\u307f\u307d\u3088|p2a: Hippowdon\n|move|p2a: Hippowdon|Yawn|p1a: \u3059\u307f\u307d\u3088\n|-start|p1a: \u3059\u307f\u307d\u3088|move: Yawn|[of] p2a: Hippowdon\n|\n|upkeep\n|turn|16\n|\n|t:|1776415705\n|move|p1a: \u3059\u307f\u307d\u3088|Horn Drill|p2a: Hippowdon|[miss]\n|-miss|p1a: \u3059\u307f\u307d\u3088|p2a: Hippowdon\n|move|p2a: Hippowdon|Earthquake|p1a: \u3059\u307f\u307d\u3088\n|-supereffective|p1a: \u3059\u307f\u307d\u3088|1\n|-damage|p1a: \u3059\u307f\u307d\u3088|0 fnt\n|faint|p1a: \u3059\u307f\u307d\u3088\n|\n|win|joguri\n|raw|hoerutono's rating: 1109 &rarr; <strong>1093</strong><br />(-16 for losing)\n|raw|joguri's rating: 1240 &rarr; <strong>1256</strong><br />(+16 for winning)\n",
  "uploadtime": 1776415712,
  "views": 2,
  "formatid": "gen9championsbssregma",
  "rating": 1093,
  "private": 0,
  "password": null
}