{
  "id": "gen9championsbssregma-2585174069",
  "format": "[Gen 9 Champions] BSS Reg M-A",
  "players": [
    "4jyoudebu",
    "KevMev"
  ],
  "log": "|j|\u26064jyoudebu\n|j|\u2606KevMev\n|t:|1776321011\n|gametype|singles\n|player|p1|4jyoudebu|crasherwake|1466\n|player|p2|KevMev|170|1425\n|gen|9\n|tier|[Gen 9 Champions] BSS Reg M-A\n|rated|\n|rule|Species Clause: Limit one of each Pok\u00e9mon\n|rule|Item Clause: Limit 1 of each item\n|clearpoke\n|poke|p1|Garchomp, L50, M|\n|poke|p1|Basculegion, L50, M|\n|poke|p1|Mimikyu, L50, F|\n|poke|p1|Dragonite, L50, M|\n|poke|p1|Meganium, L50, F|\n|poke|p1|Archaludon, L50, M|\n|poke|p2|Sneasler, L50, F|\n|poke|p2|Archaludon, L50, F|\n|poke|p2|Gyarados, L50, F|\n|poke|p2|Meowscarada, L50, F|\n|poke|p2|Skarmory, L50, M|\n|poke|p2|Mimikyu, L50, M|\n|teampreview|3\n|inactive|Battle timer is ON: inactive players will automatically lose when time's up. (requested by 4jyoudebu)\n|\n|t:|1776321037\n|teamsize|p1|3\n|teamsize|p2|3\n|start\n|switch|p1a: Garchomp|Garchomp, L50, M, shiny|100/100\n|switch|p2a: Archaludon|Archaludon, L50, F, shiny|100/100\n|turn|1\n|\n|t:|1776321043\n|move|p1a: Garchomp|Stealth Rock|p2a: Archaludon\n|-sidestart|p2: KevMev|move: Stealth Rock\n|move|p2a: Archaludon|Draco Meteor|p1a: Garchomp\n|-supereffective|p1a: Garchomp|1\n|-damage|p1a: Garchomp|0 fnt\n|-unboost|p2a: Archaludon|spa|2\n|faint|p1a: Garchomp\n|\n|upkeep\n|\n|t:|1776321049\n|switch|p1a: Dragonite|Dragonite, L50, M, shiny|100/100\n|turn|2\n|\n|t:|1776321053\n|detailschange|p1a: Dragonite|Dragonite-Mega, L50, M, shiny\n|-mega|p1a: Dragonite|Dragonite|Dragoninite\n|move|p2a: Archaludon|Draco Meteor|p1a: Dragonite\n|-supereffective|p1a: Dragonite|1\n|-damage|p1a: Dragonite|72/100\n|-unboost|p2a: Archaludon|spa|2\n|move|p1a: Dragonite|Flamethrower|p2a: Archaludon\n|-damage|p2a: Archaludon|42/100\n|\n|-heal|p2a: Archaludon|48/100|[from] item: Leftovers\n|upkeep\n|turn|3\n|\n|t:|1776321058\n|move|p2a: Archaludon|Draco Meteor|p1a: Dragonite\n|-supereffective|p1a: Dragonite|1\n|-damage|p1a: Dragonite|34/100\n|-unboost|p2a: Archaludon|spa|2\n|move|p1a: Dragonite|Flamethrower|p2a: Archaludon\n|-damage|p2a: Archaludon|0 fnt\n|faint|p2a: Archaludon\n|\n|upkeep\n|\n|t:|1776321078\n|switch|p2a: Gyarados|Gyarados, L50, F, shiny|100/100\n|-damage|p2a: Gyarados|76/100|[from] Stealth Rock\n|-ability|p2a: Gyarados|Intimidate|boost\n|-unboost|p1a: Dragonite|atk|1\n|turn|4\n|\n|t:|1776321081\n|detailschange|p2a: Gyarados|Gyarados-Mega, L50, F, shiny\n|-mega|p2a: Gyarados|Gyarados|Gyaradosite\n|-ability|p2a: Gyarados|Mold Breaker\n|move|p2a: Gyarados|Dragon Dance|p2a: Gyarados\n|-boost|p2a: Gyarados|atk|1\n|-boost|p2a: Gyarados|spe|1\n|move|p1a: Dragonite|Draco Meteor|p2a: Gyarados\n|-damage|p2a: Gyarados|12/100\n|-unboost|p1a: Dragonite|spa|2\n|\n|upkeep\n|turn|5\n|\n|t:|1776321087\n|move|p1a: Dragonite|Extreme Speed|p2a: Gyarados\n|-damage|p2a: Gyarados|0 fnt\n|faint|p2a: Gyarados\n|\n|upkeep\n|\n|t:|1776321088\n|switch|p2a: Skarmory|Skarmory, L50, M|100/100\n|-damage|p2a: Skarmory|88/100|[from] Stealth Rock\n|turn|6\n|\n|t:|1776321097\n|move|p1a: Dragonite|Flamethrower|p2a: Skarmory\n|-supereffective|p2a: Skarmory|1\n|-damage|p2a: Skarmory|23/100\n|-status|p2a: Skarmory|brn\n|move|p2a: Skarmory|Swords Dance|p2a: Skarmory\n|-boost|p2a: Skarmory|atk|2\n|\n|-damage|p2a: Skarmory|18/100 brn|[from] brn\n|upkeep\n|turn|7\n|-message|KevMev forfeited.\n|\n|win|4jyoudebu\n|raw|4jyoudebu's rating: 1466 &rarr; <strong>1484</strong><br />(+18 for winning)\n|raw|KevMev's rating: 1425 &rarr; <strong>1407</strong><br />(-18 for losing)\n|l|\u2606KevMev\n|player|p2|\n|l|\u26064jyoudebu\n|player|p1|\n",
  "uploadtime": 1776321147,
  "views": 26,
  "formatid": "gen9championsbssregma",
  "rating": 1407,
  "private": 0,
  "password": null
}