{
  "id": "gen9championsbssregma-2586108760",
  "format": "[Gen 9 Champions] BSS Reg M-A",
  "players": [
    "hrztkb",
    "4jyoudebu"
  ],
  "log": "|j|\u2606hrztkb\n|j|\u26064jyoudebu\n|t:|1776400014\n|gametype|singles\n|player|p1|hrztkb|101|1451\n|player|p2|4jyoudebu|crasherwake|1513\n|gen|9\n|tier|[Gen 9 Champions] BSS Reg M-A\n|rated|\n|rule|Species Clause: Limit one of each Pok\u00e9mon\n|rule|Item Clause: Limit 1 of each item\n|clearpoke\n|poke|p1|Hydreigon, L50, M|\n|poke|p1|Kangaskhan, L50, F|\n|poke|p1|Garchomp, L50, F|\n|poke|p1|Charizard, L50, M|\n|poke|p1|Aegislash, L50, F|\n|poke|p1|Hatterene, L50, F|\n|poke|p2|Garchomp, L50, M|\n|poke|p2|Basculegion, L50, M|\n|poke|p2|Delphox, L50, F|\n|poke|p2|Hippowdon, L50, M|\n|poke|p2|Kangaskhan, L50, F|\n|poke|p2|Primarina, L50, F|\n|teampreview|3\n|inactive|Battle timer is ON: inactive players will automatically lose when time's up. (requested by 4jyoudebu)\n|j| p74\n|inactive|hrztkb has 60 seconds left.\n|\n|t:|1776400063\n|teamsize|p1|3\n|teamsize|p2|3\n|start\n|switch|p1a: Aegislash|Aegislash, L50, F|100/100\n|switch|p2a: Kangaskhan|Kangaskhan, L50, F, shiny|100/100\n|turn|1\n|\n|t:|1776400073\n|detailschange|p2a: Kangaskhan|Kangaskhan-Mega, L50, F, shiny\n|-mega|p2a: Kangaskhan|Kangaskhan|Kangaskhanite\n|move|p2a: Kangaskhan|Earthquake|p1a: Aegislash\n|-supereffective|p1a: Aegislash|1\n|-damage|p1a: Aegislash|41/100\n|-supereffective|p1a: Aegislash|1\n|-damage|p1a: Aegislash|25/100\n|-hitcount|p1a: Aegislash|2\n|move|p1a: Aegislash|Swords Dance|p1a: Aegislash\n|-boost|p1a: Aegislash|atk|2\n|\n|upkeep\n|turn|2\n|\n|t:|1776400089\n|switch|p1a: Hydreigon|Hydreigon, L50, M|100/100\n|move|p2a: Kangaskhan|Sucker Punch||[still]\n|-fail|p2a: Kangaskhan\n|\n|upkeep\n|turn|3\n|\n|t:|1776400095\n|move|p1a: Hydreigon|U-turn|p2a: Kangaskhan\n|-damage|p2a: Kangaskhan|88/100\n|\n|t:|1776400102\n|switch|p1a: Aegislash|Aegislash, L50, F|25/100|[from] U-turn\n|move|p2a: Kangaskhan|Ice Punch|p1a: Aegislash\n|-resisted|p1a: Aegislash|1\n|-damage|p1a: Aegislash|14/100\n|-resisted|p1a: Aegislash|1\n|-damage|p1a: Aegislash|11/100\n|-hitcount|p1a: Aegislash|2\n|\n|upkeep\n|turn|4\n|\n|t:|1776400113\n|move|p2a: Kangaskhan|Ice Punch|p1a: Aegislash\n|-resisted|p1a: Aegislash|1\n|-damage|p1a: Aegislash|0 fnt\n|faint|p1a: Aegislash\n|-hitcount|p1: Aegislash|1\n|\n|upkeep\n|\n|t:|1776400118\n|switch|p1a: Charizard|Charizard, L50, M|100/100\n|turn|5\n|\n|t:|1776400124\n|detailschange|p1a: Charizard|Charizard-Mega-Y, L50, M\n|-mega|p1a: Charizard|Charizard|Charizardite Y\n|-weather|SunnyDay|[from] ability: Drought|[of] p1a: Charizard\n|move|p1a: Charizard|Weather Ball|p2a: Kangaskhan\n|-damage|p2a: Kangaskhan|20/100\n|move|p2a: Kangaskhan|Body Slam|p1a: Charizard\n|-damage|p1a: Charizard|37/100\n|-damage|p1a: Charizard|22/100\n|-hitcount|p1a: Charizard|2\n|\n|-weather|SunnyDay|[upkeep]\n|upkeep\n|turn|6\n|\n|t:|1776400135\n|switch|p1a: Hydreigon|Hydreigon, L50, M|100/100\n|move|p2a: Kangaskhan|Sucker Punch||[still]\n|-fail|p2a: Kangaskhan\n|\n|-weather|SunnyDay|[upkeep]\n|upkeep\n|turn|7\n|\n|t:|1776400150\n|move|p2a: Kangaskhan|Sucker Punch|p1a: Hydreigon\n|-resisted|p1a: Hydreigon|1\n|-damage|p1a: Hydreigon|84/100\n|-resisted|p1a: Hydreigon|1\n|-damage|p1a: Hydreigon|81/100\n|-hitcount|p1a: Hydreigon|2\n|move|p1a: Hydreigon|Dark Pulse|p2a: Kangaskhan\n|-damage|p2a: Kangaskhan|0 fnt\n|faint|p2a: Kangaskhan\n|\n|-weather|SunnyDay|[upkeep]\n|upkeep\n|\n|t:|1776400158\n|switch|p2a: Hippowdon|Hippowdon, L50, M, shiny|100/100\n|-weather|Sandstorm|[from] ability: Sand Stream|[of] p2a: Hippowdon\n|turn|8\n|\n|t:|1776400162\n|switch|p1a: Charizard|Charizard-Mega-Y, L50, M|22/100\n|-weather|SunnyDay|[from] ability: Drought|[of] p1a: Charizard\n|move|p2a: Hippowdon|Stealth Rock|p1a: Charizard\n|-sidestart|p1: hrztkb|move: Stealth Rock\n|\n|-weather|SunnyDay|[upkeep]\n|upkeep\n|turn|9\n|\n|t:|1776400170\n|move|p1a: Charizard|Solar Beam||[still]\n|-prepare|p1a: Charizard|Solar Beam\n|-anim|p1a: Charizard|Solar Beam|p2a: Hippowdon\n|-supereffective|p2a: Hippowdon|1\n|-damage|p2a: Hippowdon|32/100\n|-enditem|p2a: Hippowdon|Sitrus Berry|[eat]\n|-heal|p2a: Hippowdon|57/100|[from] item: Sitrus Berry\n|move|p2a: Hippowdon|Yawn|p1a: Charizard\n|-start|p1a: Charizard|move: Yawn|[of] p2a: Hippowdon\n|\n|-weather|SunnyDay|[upkeep]\n|upkeep\n|turn|10\n|\n|t:|1776400180\n|move|p1a: Charizard|Solar Beam||[still]\n|-prepare|p1a: Charizard|Solar Beam\n|-anim|p1a: Charizard|Solar Beam|p2a: Hippowdon\n|-supereffective|p2a: Hippowdon|1\n|-damage|p2a: Hippowdon|0 fnt\n|faint|p2a: Hippowdon\n|\n|-weather|SunnyDay|[upkeep]\n|-end|p1a: Charizard|move: Yawn|[silent]\n|-status|p1a: Charizard|slp\n|upkeep\n|\n|t:|1776400184\n|switch|p2a: Basculegion|Basculegion, L50, M, shiny|100/100\n|turn|11\n|\n|t:|1776400189\n|move|p2a: Basculegion|Last Respects|p1a: Charizard\n|-damage|p1a: Charizard|0 fnt\n|faint|p1a: Charizard\n|\n|-weather|SunnyDay|[upkeep]\n|upkeep\n|\n|t:|1776400195\n|switch|p1a: Hydreigon|Hydreigon, L50, M|81/100\n|-damage|p1a: Hydreigon|69/100|[from] Stealth Rock\n|turn|12\n|\n|t:|1776400199\n|move|p1a: Hydreigon|Dark Pulse|p2a: Basculegion\n|-supereffective|p2a: Basculegion|1\n|-damage|p2a: Basculegion|6/100\n|move|p2a: Basculegion|Last Respects|p1a: Hydreigon\n|-resisted|p1a: Hydreigon|1\n|-damage|p1a: Hydreigon|17/100\n|\n|-weather|none\n|upkeep\n|turn|13\n|\n|t:|1776400206\n|move|p1a: Hydreigon|Dark Pulse|p2a: Basculegion\n|-supereffective|p2a: Basculegion|1\n|-damage|p2a: Basculegion|0 fnt\n|faint|p2a: Basculegion\n|\n|win|hrztkb\n|raw|hrztkb's rating: 1451 &rarr; <strong>1475</strong><br />(+24 for winning)\n|raw|4jyoudebu's rating: 1513 &rarr; <strong>1489</strong><br />(-24 for losing)\n|l|\u2606hrztkb\n|player|p1|\n|l|\u26064jyoudebu\n|player|p2|\n",
  "uploadtime": 1776400250,
  "views": 66,
  "formatid": "gen9championsbssregma",
  "rating": 1475,
  "private": 0,
  "password": null
}