{
  "id": "gen9championsbssregma-2584162022",
  "format": "[Gen 9 Champions] BSS Reg M-A",
  "players": [
    "fjkgher",
    "TrainerXay"
  ],
  "log": "|j|\u2606fjkgher\n|j|\u2606TrainerXay\n|t:|1776232633\n|gametype|singles\n|player|p1|fjkgher|1|1006\n|player|p2|TrainerXay|hilbert-wonderlauncher|1088\n|gen|9\n|tier|[Gen 9 Champions] BSS Reg M-A\n|rated|\n|rule|Species Clause: Limit one of each Pok\u00e9mon\n|rule|Item Clause: Limit 1 of each item\n|clearpoke\n|poke|p1|Banette, L50, M|\n|poke|p1|Mamoswine, L50, M|\n|poke|p1|Victreebel, L50, F|\n|poke|p1|Primarina, L50, M|\n|poke|p1|Hydreigon, L50, F|\n|poke|p1|Arcanine-Hisui, L50, M|\n|poke|p2|Gyarados, L50, F|\n|poke|p2|Lopunny, L50, F|\n|poke|p2|Slowking-Galar, L50, F|\n|poke|p2|Aegislash, L50, M|\n|poke|p2|Volcarona, L50, F|\n|poke|p2|Meowscarada, L50, F|\n|teampreview|3\n|inactive|Battle timer is ON: inactive players will automatically lose when time's up. (requested by TrainerXay)\n|inactive|fjkgher has 60 seconds left.\n|inactive|TrainerXay has 60 seconds left.\n|inactive|TrainerXay has 30 seconds left.\n|inactive|TrainerXay has 20 seconds left.\n|inactive|TrainerXay has 15 seconds left.\n|\n|t:|1776232713\n|teamsize|p1|3\n|teamsize|p2|3\n|start\n|switch|p1a: Primarina|Primarina, L50, M|100/100\n|switch|p2a: Slowking|Slowking-Galar, L50, F|100/100\n|turn|1\n|\n|t:|1776232723\n|move|p1a: Primarina|Flip Turn|p2a: Slowking\n|-damage|p2a: Slowking|89/100\n|\n|t:|1776232727\n|switch|p1a: Banette|Banette, L50, M|100/100|[from] Flip Turn\n|-item|p2a: Slowking|Sitrus Berry|[from] ability: Frisk|[of] p1a: Banette\n|move|p2a: Slowking|Sludge Bomb|p1a: Banette\n|-resisted|p1a: Banette|1\n|-damage|p1a: Banette|76/100\n|\n|upkeep\n|turn|2\n|\n|t:|1776232744\n|switch|p2a: Gyarados|Gyarados, L50, F|100/100\n|-ability|p2a: Gyarados|Intimidate|boost\n|-unboost|p1a: Banette|atk|1\n|detailschange|p1a: Banette|Banette-Mega, L50, M\n|-mega|p1a: Banette|Banette|Banettite\n|move|p1a: Banette|Poltergeist|p2a: Gyarados\n|-activate|p2a: Gyarados|move: Poltergeist|Gyaradosite\n|-damage|p2a: Gyarados|42/100\n|\n|upkeep\n|turn|3\n|\n|t:|1776232763\n|switch|p1a: Primarina|Primarina, L50, M|100/100\n|move|p2a: Gyarados|Crunch|p1a: Primarina\n|-resisted|p1a: Primarina|1\n|-damage|p1a: Primarina|86/100\n|\n|-heal|p1a: Primarina|91/100|[from] item: Leftovers\n|upkeep\n|turn|4\n|\n|t:|1776232772\n|switch|p2a: Slowking|Slowking-Galar, L50, F|100/100\n|move|p1a: Primarina|Flip Turn|p2a: Slowking\n|-damage|p2a: Slowking|90/100\n|\n|t:|1776232776\n|switch|p1a: Banette|Banette-Mega, L50, M|76/100|[from] Flip Turn\n|\n|upkeep\n|turn|5\n|\n|t:|1776232785\n|switch|p2a: Gyarados|Gyarados, L50, F|42/100\n|-ability|p2a: Gyarados|Intimidate|boost\n|-unboost|p1a: Banette|atk|1\n|move|p1a: Banette|Poltergeist|p2a: Gyarados\n|-activate|p2a: Gyarados|move: Poltergeist|Gyaradosite\n|-damage|p2a: Gyarados|0 fnt\n|faint|p2a: Gyarados\n|\n|upkeep\n|\n|t:|1776232791\n|switch|p2a: Lopunny|Lopunny, L50, F|100/100\n|turn|6\n|\n|t:|1776232797\n|detailschange|p2a: Lopunny|Lopunny-Mega, L50, F\n|-mega|p2a: Lopunny|Lopunny|Lopunnite\n|move|p1a: Banette|Destiny Bond|p1a: Banette\n|-singlemove|p1a: Banette|Destiny Bond\n|move|p2a: Lopunny|Close Combat|p1a: Banette\n|-damage|p1a: Banette|0 fnt\n|-unboost|p2a: Lopunny|def|1\n|-unboost|p2a: Lopunny|spd|1\n|faint|p1a: Banette\n|-activate|p1a: Banette|move: Destiny Bond\n|faint|p2a: Lopunny\n|\n|upkeep\n|-message|TrainerXay forfeited.\n|\n|win|fjkgher\n|raw|fjkgher's rating: 1006 &rarr; <strong>1054</strong><br />(+48 for winning)\n|raw|TrainerXay's rating: 1088 &rarr; <strong>1059</strong><br />(-29 for losing)\n|l|\u2606TrainerXay\n|player|p2|\n",
  "uploadtime": 1776232809,
  "views": 13,
  "formatid": "gen9championsbssregma",
  "rating": 1054,
  "private": 0,
  "password": null
}