{
  "id": "gen9championsbssregma-2583121377",
  "format": "[Gen 9 Champions] BSS Reg M-A",
  "players": [
    "karbain",
    "mathismathin"
  ],
  "log": "|j|\u2606karbain\n|j|\u2606mathismathin\n|t:|1776144541\n|gametype|singles\n|player|p1|karbain|2|1342\n|player|p2|mathismathin|bugsy-masters|1375\n|gen|9\n|tier|[Gen 9 Champions] BSS Reg M-A\n|rated|\n|rule|Species Clause: Limit one of each Pok\u00e9mon\n|rule|Item Clause: Limit 1 of each item\n|clearpoke\n|poke|p1|Charizard, L50, F|\n|poke|p1|Greninja-*, L50, F|\n|poke|p1|Kingambit, L50, F|\n|poke|p1|Mimikyu, L50, F|\n|poke|p1|Gengar, L50, F|\n|poke|p1|Hydreigon, L50, M|\n|poke|p2|Aegislash, L50, M|\n|poke|p2|Meganium, L50, F|\n|poke|p2|Sneasler, L50, F|\n|poke|p2|Dragapult, L50, M|\n|poke|p2|Lycanroc-Dusk, L50, F|\n|poke|p2|Tyranitar, L50, M|\n|teampreview|3\n|\n|t:|1776144603\n|teamsize|p1|3\n|teamsize|p2|3\n|start\n|switch|p1a: Greninja|Greninja, L50, F|100/100\n|switch|p2a: Sneasler|Sneasler, L50, F|100/100\n|turn|1\n|inactive|Battle timer is ON: inactive players will automatically lose when time's up. (requested by karbain)\n|\n|t:|1776144609\n|move|p2a: Sneasler|U-turn|p1a: Greninja\n|-supereffective|p1a: Greninja|1\n|-crit|p1a: Greninja\n|-enditem|p1a: Greninja|Focus Sash\n|-damage|p1a: Greninja|1/100\n|-status|p1a: Greninja|psn|[from] ability: Poison Touch|[of] p2a: Sneasler\n|\n|t:|1776144612\n|switch|p2a: Dragapult|Dragapult, L50, M|100/100|[from] U-turn\n|move|p1a: Greninja|Surf|p2a: Dragapult\n|-resisted|p2a: Dragapult|1\n|-damage|p2a: Dragapult|61/100\n|\n|-damage|p1a: Greninja|0 fnt|[from] psn\n|faint|p1a: Greninja\n|upkeep\n|\n|t:|1776144626\n|switch|p1a: Mimikyu|Mimikyu, L50, F|100/100\n|turn|2\n|\n|t:|1776144630\n|move|p2a: Dragapult|Will-O-Wisp|p1a: Mimikyu\n|-status|p1a: Mimikyu|brn\n|-enditem|p1a: Mimikyu|Lum Berry|[eat]\n|-curestatus|p1a: Mimikyu|brn|[msg]\n|move|p1a: Mimikyu|Swords Dance|p1a: Mimikyu\n|-boost|p1a: Mimikyu|atk|2\n|\n|upkeep\n|turn|3\n|\n|t:|1776144638\n|move|p1a: Mimikyu|Shadow Sneak|p2a: Dragapult\n|-supereffective|p2a: Dragapult|1\n|-damage|p2a: Dragapult|0 fnt\n|faint|p2a: Dragapult\n|\n|upkeep\n|\n|t:|1776144639\n|switch|p2a: Sneasler|Sneasler, L50, F|100/100\n|turn|4\n|\n|t:|1776144646\n|move|p2a: Sneasler|Dire Claw|p1a: Mimikyu\n|-activate|p1a: Mimikyu|ability: Disguise\n|-damage|p1a: Mimikyu|100/100\n|detailschange|p1a: Mimikyu|Mimikyu-Busted, L50, F\n|-damage|p1a: Mimikyu|89/100|[from] pokemon: Mimikyu-Busted\n|move|p1a: Mimikyu|Shadow Claw|p2a: Sneasler\n|-damage|p2a: Sneasler|3/100\n|\n|upkeep\n|turn|5\n|\n|t:|1776144662\n|move|p1a: Mimikyu|Shadow Sneak|p2a: Sneasler\n|-damage|p2a: Sneasler|0 fnt\n|faint|p2a: Sneasler\n|\n|upkeep\n|\n|t:|1776144664\n|switch|p2a: Lycanroc|Lycanroc-Dusk, L50, F|100/100\n|turn|6\n|\n|t:|1776144668\n|move|p2a: Lycanroc|Swords Dance|p2a: Lycanroc\n|-boost|p2a: Lycanroc|atk|2\n|move|p1a: Mimikyu|Play Rough|p2a: Lycanroc\n|-damage|p2a: Lycanroc|0 fnt\n|faint|p2a: Lycanroc\n|\n|win|karbain\n|raw|karbain's rating: 1342 &rarr; <strong>1364</strong><br />(+22 for winning)\n|raw|mathismathin's rating: 1375 &rarr; <strong>1353</strong><br />(-22 for losing)\n",
  "uploadtime": 1776144673,
  "views": 6,
  "formatid": "gen9championsbssregma",
  "rating": 1353,
  "private": 0,
  "password": null
}