{
  "id": "gen9championsbssregma-2582998838",
  "format": "[Gen 9 Champions] BSS Reg M-A",
  "players": [
    "ZephyrCatt",
    "Diego 210452"
  ],
  "log": "|j|\u2606ZephyrCatt\n|j|\u2606Diego 210452\n|t:|1776132048\n|gametype|singles\n|player|p1|ZephyrCatt|2|1111\n|player|p2|Diego 210452|hilda|1154\n|gen|9\n|tier|[Gen 9 Champions] BSS Reg M-A\n|rated|\n|rule|Species Clause: Limit one of each Pok\u00e9mon\n|rule|Item Clause: Limit 1 of each item\n|clearpoke\n|poke|p1|Clefable, L50, M|\n|poke|p1|Froslass, L50, F|\n|poke|p1|Arcanine-Hisui, L50, F|\n|poke|p1|Rotom-Wash, L50|\n|poke|p1|Excadrill, L50, F|\n|poke|p1|Maushold-Four, L50|\n|poke|p2|Archaludon, L50, M|\n|poke|p2|Clefable, L50, M|\n|poke|p2|Volcarona, L50, F|\n|poke|p2|Palafin, L50, M|\n|poke|p2|Espathra, L50, F|\n|poke|p2|Scizor, L50, M|\n|teampreview|3\n|\n|t:|1776132104\n|teamsize|p1|3\n|teamsize|p2|3\n|start\n|switch|p1a: Excadrill|Excadrill, L50, F|100/100\n|switch|p2a: Palafin|Palafin, L50, M|100/100\n|-ability|p1a: Excadrill|Mold Breaker\n|turn|1\n|\n|t:|1776132124\n|switch|p1a: Rotom|Rotom-Wash, L50|100/100\n|move|p2a: Palafin|Flip Turn|p1a: Rotom\n|-resisted|p1a: Rotom|1\n|-damage|p1a: Rotom|88/100\n|\n|t:|1776132132\n|detailschange|p2a: Palafin|Palafin-Hero, L50, M\n|switch|p2a: Scizor|Scizor, L50, M|100/100|[from] Flip Turn\n|\n|-heal|p1a: Rotom|94/100|[from] item: Leftovers\n|upkeep\n|turn|2\n|\n|t:|1776132139\n|detailschange|p2a: Scizor|Scizor-Mega, L50, M\n|-mega|p2a: Scizor|Scizor|Scizorite\n|move|p1a: Rotom|Will-O-Wisp|p2a: Scizor\n|-status|p2a: Scizor|brn\n|move|p2a: Scizor|Swords Dance|p2a: Scizor\n|-boost|p2a: Scizor|atk|2\n|\n|-heal|p1a: Rotom|99/100|[from] item: Leftovers\n|-damage|p2a: Scizor|95/100 brn|[from] brn\n|upkeep\n|turn|3\n|\n|t:|1776132152\n|move|p1a: Rotom|Hydro Pump|p2a: Scizor\n|-damage|p2a: Scizor|57/100 brn\n|move|p2a: Scizor|Swords Dance|p2a: Scizor\n|-boost|p2a: Scizor|atk|2\n|\n|-heal|p1a: Rotom|100/100|[from] item: Leftovers\n|-damage|p2a: Scizor|51/100 brn|[from] brn\n|upkeep\n|turn|4\n|\n|t:|1776132162\n|move|p1a: Rotom|Hydro Pump|p2a: Scizor\n|-damage|p2a: Scizor|16/100 brn\n|move|p2a: Scizor|Dual Wingbeat|p1a: Rotom\n|-resisted|p1a: Rotom|1\n|-damage|p1a: Rotom|82/100\n|-resisted|p1a: Rotom|1\n|-damage|p1a: Rotom|65/100\n|-hitcount|p1a: Rotom|2\n|\n|-heal|p1a: Rotom|71/100|[from] item: Leftovers\n|-damage|p2a: Scizor|10/100 brn|[from] brn\n|upkeep\n|turn|5\n|\n|t:|1776132174\n|move|p1a: Rotom|Discharge|p2a: Scizor\n|-damage|p2a: Scizor|0 fnt\n|faint|p2a: Scizor\n|\n|-heal|p1a: Rotom|76/100|[from] item: Leftovers\n|upkeep\n|\n|t:|1776132181\n|switch|p2a: Palafin|Palafin-Hero, L50, M|100/100\n|-activate|p2a: Palafin|ability: Zero to Hero\n|turn|6\n|\n|t:|1776132186\n|move|p2a: Palafin|Drain Punch|p1a: Rotom\n|-damage|p1a: Rotom|47/100\n|move|p1a: Rotom|Will-O-Wisp|p2a: Palafin\n|-status|p2a: Palafin|brn\n|\n|-heal|p1a: Rotom|53/100|[from] item: Leftovers\n|-damage|p2a: Palafin|95/100 brn|[from] brn\n|upkeep\n|turn|7\n|\n|t:|1776132196\n|move|p1a: Rotom|Protect|p1a: Rotom\n|-singleturn|p1a: Rotom|Protect\n|move|p2a: Palafin|Drain Punch|p1a: Rotom\n|-activate|p1a: Rotom|move: Protect\n|\n|-heal|p1a: Rotom|58/100|[from] item: Leftovers\n|-damage|p2a: Palafin|89/100 brn|[from] brn\n|upkeep\n|turn|8\n|-message|Diego 210452 forfeited.\n|\n|win|ZephyrCatt\n|raw|ZephyrCatt's rating: 1111 &rarr; <strong>1139</strong><br />(+28 for winning)\n|raw|Diego 210452's rating: 1154 &rarr; <strong>1126</strong><br />(-28 for losing)\n|l|\u2606Diego 210452\n|player|p2|\n",
  "uploadtime": 1776132209,
  "views": 17,
  "formatid": "gen9championsbssregma",
  "rating": 1126,
  "private": 0,
  "password": null
}