{
  "id": "gen9championsbssregma-2583188737",
  "format": "[Gen 9 Champions] BSS Reg M-A",
  "players": [
    "kerom.pk",
    "3gege"
  ],
  "log": "|j|\u203dkerom.pk\n|j|\u26063gege\n|t:|1776152677\n|gametype|singles\n|player|p1|kerom.pk|170|1347\n|player|p2|3gege|169|1361\n|gen|9\n|tier|[Gen 9 Champions] BSS Reg M-A\n|rated|\n|rule|Species Clause: Limit one of each Pok\u00e9mon\n|rule|Item Clause: Limit 1 of each item\n|clearpoke\n|poke|p1|Garchomp, L50, F|\n|poke|p1|Gengar, L50, F|\n|poke|p1|Umbreon, L50, F|\n|poke|p1|Clefable, L50, M|\n|poke|p1|Venusaur, L50, M|\n|poke|p1|Tauros-Paldea-Blaze, L50, M|\n|poke|p2|Gyarados, L50, M|\n|poke|p2|Gengar, L50, M|\n|poke|p2|Primarina, L50, F|\n|poke|p2|Glimmora, L50, F|\n|poke|p2|Kingambit, L50, F|\n|poke|p2|Arcanine, L50, F|\n|teampreview|3\n|inactive|Battle timer is ON: inactive players will automatically lose when time's up. (requested by kerom.pk)\n|j| atsu201\n|inactive|kerom.pk has 60 seconds left.\n|\n|t:|1776152725\n|teamsize|p1|3\n|teamsize|p2|3\n|start\n|switch|p1a: Venusaur|Venusaur, L50, M|100/100\n|switch|p2a: Glimmora|Glimmora, L50, F|100/100\n|turn|1\n|inactive|3gege has 30 seconds left.\n|\n|t:|1776152753\n|detailschange|p1a: Venusaur|Venusaur-Mega, L50, M\n|-mega|p1a: Venusaur|Venusaur|Venusaurite\n|move|p2a: Glimmora|Stealth Rock|p1a: Venusaur\n|-sidestart|p1: kerom.pk|move: Stealth Rock\n|move|p1a: Venusaur|Earth Power|p2a: Glimmora\n|-supereffective|p2a: Glimmora|2\n|-crit|p2a: Glimmora\n|-enditem|p2a: Glimmora|Focus Sash\n|-damage|p2a: Glimmora|1/100\n|\n|upkeep\n|turn|2\n|inactive|3gege has 30 seconds left.\n|\n|t:|1776152780\n|move|p2a: Glimmora|Sludge Wave|p1a: Venusaur\n|-damage|p1a: Venusaur|68/100\n|move|p1a: Venusaur|Earth Power|p2a: Glimmora\n|-supereffective|p2a: Glimmora|2\n|-damage|p2a: Glimmora|0 fnt\n|faint|p2a: Glimmora\n|\n|upkeep\n|\n|t:|1776152783\n|switch|p2a: Kingambit|Kingambit, L50, F|100/100\n|-activate|p2a: Kingambit|ability: Supreme Overlord\n|-start|p2a: Kingambit|fallen1|[silent]\n|turn|3\n|j| p74\n|\n|t:|1776152793\n|move|p1a: Venusaur|Earth Power|p2a: Kingambit\n|-supereffective|p2a: Kingambit|1\n|-damage|p2a: Kingambit|55/100\n|move|p2a: Kingambit|Swords Dance|p2a: Kingambit\n|-boost|p2a: Kingambit|atk|2\n|\n|upkeep\n|turn|4\n|\n|t:|1776152808\n|switch|p1a: Umbreon|Umbreon, L50, F|100/100\n|-damage|p1a: Umbreon|88/100|[from] Stealth Rock\n|move|p2a: Kingambit|Kowtow Cleave|p1a: Umbreon\n|-resisted|p1a: Umbreon|1\n|-damage|p1a: Umbreon|47/100\n|\n|-heal|p1a: Umbreon|52/100|[from] item: Leftovers\n|upkeep\n|turn|5\n|\n|t:|1776152823\n|move|p1a: Umbreon|Yawn|p2a: Kingambit\n|-start|p2a: Kingambit|move: Yawn|[of] p1a: Umbreon\n|move|p2a: Kingambit|Iron Head|p1a: Umbreon\n|-damage|p1a: Umbreon|0 fnt\n|faint|p1a: Umbreon\n|\n|upkeep\n|\n|t:|1776152836\n|switch|p1a: Venusaur|Venusaur-Mega, L50, M|68/100\n|-damage|p1a: Venusaur|56/100|[from] Stealth Rock\n|turn|6\n|inactive|3gege has 30 seconds left.\n|\n|t:|1776152867\n|move|p1a: Venusaur|Synthesis|p1a: Venusaur\n|-heal|p1a: Venusaur|100/100\n|move|p2a: Kingambit|Kowtow Cleave|p1a: Venusaur\n|-damage|p1a: Venusaur|9/100\n|\n|-end|p2a: Kingambit|move: Yawn|[silent]\n|-status|p2a: Kingambit|slp\n|upkeep\n|turn|7\n|\n|t:|1776152875\n|move|p1a: Venusaur|Earth Power|p2a: Kingambit\n|-supereffective|p2a: Kingambit|1\n|-crit|p2a: Kingambit\n|-damage|p2a: Kingambit|0 fnt\n|faint|p2a: Kingambit\n|-end|p2a: Kingambit|fallen1|[silent]\n|\n|upkeep\n|\n|t:|1776152876\n|switch|p2a: Gyarados|Gyarados, L50, M|100/100\n|-ability|p2a: Gyarados|Intimidate|boost\n|-unboost|p1a: Venusaur|atk|1\n|turn|8\n|\n|t:|1776152886\n|detailschange|p2a: Gyarados|Gyarados-Mega, L50, M\n|-mega|p2a: Gyarados|Gyarados|Gyaradosite\n|-ability|p2a: Gyarados|Mold Breaker\n|move|p2a: Gyarados|Dragon Dance|p2a: Gyarados\n|-boost|p2a: Gyarados|atk|1\n|-boost|p2a: Gyarados|spe|1\n|move|p1a: Venusaur|Sludge Bomb|p2a: Gyarados\n|-damage|p2a: Gyarados|71/100\n|\n|upkeep\n|turn|9\n|\n|t:|1776152892\n|move|p2a: Gyarados|Earthquake|p1a: Venusaur\n|-damage|p1a: Venusaur|0 fnt\n|faint|p1a: Venusaur\n|\n|upkeep\n|\n|t:|1776152893\n|switch|p1a: Garchomp|Garchomp, L50, F|100/100\n|-damage|p1a: Garchomp|95/100|[from] Stealth Rock\n|turn|10\n|\n|t:|1776152903\n|move|p2a: Gyarados|Ice Fang|p1a: Garchomp\n|-supereffective|p1a: Garchomp|2\n|-damage|p1a: Garchomp|0 fnt\n|-damage|p2a: Gyarados|59/100|[from] ability: Rough Skin|[of] p1a: Garchomp\n|faint|p1a: Garchomp\n|\n|win|3gege\n|raw|kerom.pk's rating: 1347 &rarr; <strong>1328</strong><br />(-19 for losing)\n|raw|3gege's rating: 1361 &rarr; <strong>1380</strong><br />(+19 for winning)\n|l|\u203dkerom.pk\n|player|p1|\n|l| atsu201\n",
  "uploadtime": 1776152978,
  "views": 8,
  "formatid": "gen9championsbssregma",
  "rating": 1328,
  "private": 0,
  "password": null
}