{
  "id": "gen9championsbssregma-2585611538",
  "format": "[Gen 9 Champions] BSS Reg M-A",
  "players": [
    "wcqscqscq",
    "BBBKTY"
  ],
  "log": "|j|\u2606wcqscqscq\n|j|\u2606BBBKTY\n|t:|1776358807\n|gametype|singles\n|player|p1|wcqscqscq|169|1034\n|player|p2|BBBKTY|265|1121\n|gen|9\n|tier|[Gen 9 Champions] BSS Reg M-A\n|rated|\n|rule|Species Clause: Limit one of each Pok\u00e9mon\n|rule|Item Clause: Limit 1 of each item\n|clearpoke\n|poke|p1|Orthworm, L50, M|\n|poke|p1|Delphox, L50, M|\n|poke|p1|Azumarill, L50, F|\n|poke|p1|Sneasler, L50, M|\n|poke|p1|Hydreigon, L50, F|\n|poke|p1|Mimikyu, L50, F|\n|poke|p2|Dragapult, L50, F|\n|poke|p2|Alakazam, L50, M|\n|poke|p2|Azumarill, L50, F|\n|poke|p2|Clefable, L50, F|\n|poke|p2|Espathra, L50, F|\n|poke|p2|Glimmora, L50, F|\n|teampreview|3\n|\n|t:|1776358830\n|teamsize|p1|3\n|teamsize|p2|3\n|start\n|switch|p1a: Orthworm|Orthworm, L50, M|100/100\n|switch|p2a: Glimmora|Glimmora, L50, F|100/100\n|turn|1\n|inactive|Battle timer is ON: inactive players will automatically lose when time's up. (requested by wcqscqscq)\n|\n|t:|1776358845\n|move|p2a: Glimmora|Stealth Rock|p1a: Orthworm\n|-sidestart|p1: wcqscqscq|move: Stealth Rock\n|move|p1a: Orthworm|Stealth Rock|p2a: Glimmora\n|-sidestart|p2: BBBKTY|move: Stealth Rock\n|\n|upkeep\n|turn|2\n|\n|t:|1776358848\n|move|p2a: Glimmora|Power Gem|p1a: Orthworm\n|-resisted|p1a: Orthworm|1\n|-damage|p1a: Orthworm|71/100\n|move|p1a: Orthworm|Iron Head|p2a: Glimmora\n|-supereffective|p2a: Glimmora|1\n|-damage|p2a: Glimmora|55/100\n|-activate|p2a: Glimmora|ability: Toxic Debris\n|-sidestart|p1: wcqscqscq|move: Toxic Spikes\n|\n|-heal|p1a: Orthworm|77/100|[from] item: Leftovers\n|upkeep\n|turn|3\n|\n|t:|1776358855\n|move|p2a: Glimmora|Power Gem|p1a: Orthworm\n|-resisted|p1a: Orthworm|1\n|-damage|p1a: Orthworm|52/100\n|move|p1a: Orthworm|Shed Tail|p1a: Orthworm\n|-start|p1a: Orthworm|Substitute|[from] move: Shed Tail\n|-damage|p1a: Orthworm|2/100\n|\n|t:|1776358859\n|switch|p1a: Azumarill|Azumarill, L50, F|100/100|[from] Shed Tail\n|-damage|p1a: Azumarill|88/100|[from] Stealth Rock\n|-status|p1a: Azumarill|psn\n|\n|-damage|p1a: Azumarill|76/100 psn|[from] psn\n|upkeep\n|turn|4\n|\n|t:|1776358878\n|move|p2a: Glimmora|Power Gem|p1a: Azumarill\n|-end|p1a: Azumarill|Substitute\n|move|p1a: Azumarill|Belly Drum|p1a: Azumarill\n|-damage|p1a: Azumarill|26/100 psn\n|-setboost|p1a: Azumarill|atk|6|[from] move: Belly Drum\n|-enditem|p1a: Azumarill|Sitrus Berry|[eat]\n|-heal|p1a: Azumarill|51/100 psn|[from] item: Sitrus Berry\n|\n|-damage|p1a: Azumarill|39/100 psn|[from] psn\n|upkeep\n|turn|5\n|\n|t:|1776358883\n|move|p1a: Azumarill|Aqua Jet|p2a: Glimmora\n|-supereffective|p2a: Glimmora|1\n|-damage|p2a: Glimmora|0 fnt\n|-activate|p2a: Glimmora|ability: Toxic Debris\n|-sidestart|p1: wcqscqscq|move: Toxic Spikes\n|faint|p2a: Glimmora\n|\n|-damage|p1a: Azumarill|27/100 psn|[from] psn\n|upkeep\n|\n|t:|1776358886\n|switch|p2a: Espathra|Espathra, L50, F, shiny|100/100\n|-damage|p2a: Espathra|88/100|[from] Stealth Rock\n|turn|6\n|\n|t:|1776358890\n|move|p2a: Espathra|Protect|p2a: Espathra\n|-singleturn|p2a: Espathra|Protect\n|move|p1a: Azumarill|Aqua Jet|p2a: Espathra\n|-activate|p2a: Espathra|move: Protect\n|\n|-damage|p1a: Azumarill|15/100 psn|[from] psn\n|-ability|p2a: Espathra|Speed Boost|boost\n|-boost|p2a: Espathra|spe|1\n|upkeep\n|turn|7\n|\n|t:|1776358898\n|move|p1a: Azumarill|Aqua Jet|p2a: Espathra\n|-damage|p2a: Espathra|0 fnt\n|faint|p2a: Espathra\n|\n|-damage|p1a: Azumarill|3/100 psn|[from] psn\n|upkeep\n|\n|t:|1776358901\n|switch|p2a: Clefable|Clefable, L50, F, shiny|100/100\n|-damage|p2a: Clefable|88/100|[from] Stealth Rock\n|turn|8\n|\n|t:|1776358905\n|detailschange|p2a: Clefable|Clefable-Mega, L50, F, shiny\n|-mega|p2a: Clefable|Clefable|Clefablite\n|move|p1a: Azumarill|Aqua Jet|p2a: Clefable\n|-damage|p2a: Clefable|19/100\n|move|p2a: Clefable|Cosmic Power|p2a: Clefable\n|-boost|p2a: Clefable|def|1\n|-boost|p2a: Clefable|spd|1\n|\n|-damage|p1a: Azumarill|0 fnt|[from] psn\n|faint|p1a: Azumarill\n|upkeep\n|\n|t:|1776358911\n|switch|p1a: Orthworm|Orthworm, L50, M|2/100\n|-damage|p1a: Orthworm|0 fnt|[from] Stealth Rock\n|faint|p1a: Orthworm\n|\n|t:|1776358915\n|switch|p1a: Delphox|Delphox, L50, M|100/100\n|-damage|p1a: Delphox|76/100|[from] Stealth Rock\n|-status|p1a: Delphox|tox\n|turn|9\n|\n|t:|1776358920\n|detailschange|p1a: Delphox|Delphox-Mega, L50, M\n|-mega|p1a: Delphox|Delphox|Delphoxite\n|move|p1a: Delphox|Psychic|p2a: Clefable\n|-damage|p2a: Clefable|0 fnt\n|faint|p2a: Clefable\n|\n|win|wcqscqscq\n|raw|wcqscqscq's rating: 1034 &rarr; <strong>1077</strong><br />(+43 for winning)\n|raw|BBBKTY's rating: 1121 &rarr; <strong>1090</strong><br />(-31 for losing)\n",
  "uploadtime": 1776358924,
  "views": 8,
  "formatid": "gen9championsbssregma",
  "rating": 1077,
  "private": 0,
  "password": null
}