{
  "id": "gen9championsbssregma-2584298346",
  "format": "[Gen 9 Champions] BSS Reg M-A",
  "players": [
    "karbain",
    "nuko1234"
  ],
  "log": "|j|\u2606karbain\n|j|\u2606nuko1234\n|t:|1776248556\n|gametype|singles\n|player|p1|karbain|2|1437\n|player|p2|nuko1234|guitarist|1424\n|gen|9\n|tier|[Gen 9 Champions] BSS Reg M-A\n|rated|\n|rule|Species Clause: Limit one of each Pok\u00e9mon\n|rule|Item Clause: Limit 1 of each item\n|clearpoke\n|poke|p1|Charizard, L50, M|\n|poke|p1|Greninja-*, L50, M|\n|poke|p1|Gengar, L50, M|\n|poke|p1|Mimikyu, L50, M|\n|poke|p1|Meowscarada, L50, M|\n|poke|p1|Empoleon, L50, F|\n|poke|p2|Gyarados, L50, M|\n|poke|p2|Charizard, L50, M|\n|poke|p2|Greninja-*, L50, M|\n|poke|p2|Mimikyu, L50, F|\n|poke|p2|Hatterene, L50, F|\n|poke|p2|Kingambit, L50, M|\n|teampreview|3\n|inactive|Battle timer is ON: inactive players will automatically lose when time's up. (requested by nuko1234)\n|j| p74\n|inactive|karbain has 60 seconds left.\n|\n|t:|1776248612\n|teamsize|p1|3\n|teamsize|p2|3\n|start\n|switch|p1a: Meowscarada|Meowscarada, L50, M|100/100\n|switch|p2a: Hatterene|Hatterene, L50, F|100/100\n|turn|1\n|\n|t:|1776248623\n|move|p1a: Meowscarada|Flower Trick|p2a: Hatterene\n|-start|p1a: Meowscarada|typechange|Grass|[from] ability: Protean\n|-crit|p2a: Hatterene\n|-damage|p2a: Hatterene|54/100\n|move|p2a: Hatterene|Trick Room|p2a: Hatterene\n|-fieldstart|move: Trick Room|[of] p2a: Hatterene\n|\n|upkeep\n|turn|2\n|\n|t:|1776248634\n|move|p2a: Hatterene|Misty Explosion|p1a: Meowscarada\n|-damage|p1a: Meowscarada|24/100\n|faint|p2a: Hatterene\n|move|p1a: Meowscarada|Flower Trick|p2: Hatterene|[notarget]\n|-fail|p1a: Meowscarada\n|\n|upkeep\n|\n|t:|1776248639\n|switch|p2a: Kingambit|Kingambit, L50, M|100/100\n|turn|3\n|\n|t:|1776248642\n|switch|p1a: Mimikyu|Mimikyu, L50, M|100/100\n|move|p2a: Kingambit|Swords Dance|p2a: Kingambit\n|-boost|p2a: Kingambit|atk|2\n|\n|upkeep\n|turn|4\n|\n|t:|1776248650\n|move|p2a: Kingambit|Kowtow Cleave|p1a: Mimikyu\n|-activate|p1a: Mimikyu|ability: Disguise\n|-damage|p1a: Mimikyu|100/100\n|detailschange|p1a: Mimikyu|Mimikyu-Busted, L50, M\n|-damage|p1a: Mimikyu|89/100|[from] pokemon: Mimikyu-Busted\n|move|p1a: Mimikyu|Play Rough|p2a: Kingambit\n|-damage|p2a: Kingambit|75/100\n|\n|upkeep\n|turn|5\n|\n|t:|1776248660\n|move|p2a: Kingambit|Kowtow Cleave|p1a: Mimikyu\n|-damage|p1a: Mimikyu|0 fnt\n|faint|p1a: Mimikyu\n|\n|-fieldend|move: Trick Room\n|upkeep\n|\n|t:|1776248665\n|switch|p1a: Charizard|Charizard, L50, M|100/100\n|turn|6\n|\n|t:|1776248670\n|move|p2a: Kingambit|Sucker Punch||[still]\n|-fail|p2a: Kingambit\n|move|p1a: Charizard|Swords Dance|p1a: Charizard\n|-boost|p1a: Charizard|atk|2\n|\n|upkeep\n|turn|7\n|\n|t:|1776248677\n|detailschange|p1a: Charizard|Charizard-Mega-X, L50, M\n|-mega|p1a: Charizard|Charizard|Charizardite X\n|move|p2a: Kingambit|Sucker Punch||[still]\n|-fail|p2a: Kingambit\n|move|p1a: Charizard|Swords Dance|p1a: Charizard\n|-boost|p1a: Charizard|atk|2\n|\n|upkeep\n|turn|8\n|\n|t:|1776248683\n|move|p2a: Kingambit|Sucker Punch||[still]\n|-fail|p2a: Kingambit\n|move|p1a: Charizard|Swords Dance|p1a: Charizard\n|-boost|p1a: Charizard|atk|2\n|\n|upkeep\n|turn|9\n|\n|t:|1776248688\n|move|p2a: Kingambit|Sucker Punch||[still]\n|-fail|p2a: Kingambit\n|move|p1a: Charizard|Swords Dance|p1a: Charizard\n|-boost|p1a: Charizard|atk|0\n|\n|upkeep\n|turn|10\n|\n|t:|1776248693\n|move|p1a: Charizard|Flame Charge|p2a: Kingambit\n|-supereffective|p2a: Kingambit|1\n|-damage|p2a: Kingambit|0 fnt\n|-boost|p1a: Charizard|spe|1\n|faint|p2a: Kingambit\n|\n|upkeep\n|-message|nuko1234 forfeited.\n|\n|win|karbain\n|raw|karbain's rating: 1437 &rarr; <strong>1456</strong><br />(+19 for winning)\n|raw|nuko1234's rating: 1424 &rarr; <strong>1405</strong><br />(-19 for losing)\n|l|\u2606nuko1234\n|player|p2|\n|l|\u2606karbain\n|player|p1|\n",
  "uploadtime": 1776248719,
  "views": 24,
  "formatid": "gen9championsbssregma",
  "rating": 1405,
  "private": 0,
  "password": null
}