{
  "id": "gen9championsbssregma-2589235197",
  "format": "[Gen 9 Champions] BSS Reg M-A",
  "players": [
    "carpetmuncher45",
    "Aguwar"
  ],
  "log": "|j|\u2606carpetmuncher45\n|j|\u2606Aguwar\n|t:|1776708385\n|gametype|singles\n|player|p1|carpetmuncher45|battlegirl-gen4|1307\n|player|p2|Aguwar|chili|1358\n|gen|9\n|tier|[Gen 9 Champions] BSS Reg M-A\n|rated|\n|rule|Species Clause: Limit one of each Pok\u00e9mon\n|rule|Item Clause: Limit 1 of each item\n|clearpoke\n|poke|p1|Garchomp, L50, F|\n|poke|p1|Alakazam, L50, M|\n|poke|p1|Ceruledge, L50, F|\n|poke|p1|Kangaskhan, L50, F|\n|poke|p1|Samurott-Hisui, L50, F|\n|poke|p1|Corviknight, L50, M|\n|poke|p2|Charizard, L50, M|\n|poke|p2|Meowscarada, L50, F|\n|poke|p2|Archaludon, L50, M|\n|poke|p2|Corviknight, L50, M, shiny|\n|poke|p2|Dragapult, L50, M|\n|poke|p2|Rotom-Wash, L50|\n|teampreview|3\n|inactive|Battle timer is ON: inactive players will automatically lose when time's up. (requested by Aguwar)\n|\n|t:|1776708411\n|teamsize|p1|3\n|teamsize|p2|3\n|start\n|switch|p1a: Samurott|Samurott-Hisui, L50, F|100/100\n|switch|p2a: Macarena|Meowscarada, L50, F|100/100\n|turn|1\n|\n|t:|1776708426\n|switch|p1a: Garchomp|Garchomp, L50, F|100/100\n|move|p2a: Macarena|Flower Trick|p1a: Garchomp\n|-start|p2a: Macarena|typechange|Grass|[from] ability: Protean\n|-crit|p1a: Garchomp\n|-damage|p1a: Garchomp|68/100\n|\n|upkeep\n|turn|2\n|\n|t:|1776708430\n|move|p2a: Macarena|Flower Trick|p1a: Garchomp\n|-crit|p1a: Garchomp\n|-damage|p1a: Garchomp|37/100\n|-enditem|p1a: Garchomp|Sitrus Berry|[eat]\n|-heal|p1a: Garchomp|61/100|[from] item: Sitrus Berry\n|move|p1a: Garchomp|Stealth Rock|p2a: Macarena\n|-sidestart|p2: Aguwar|move: Stealth Rock\n|\n|upkeep\n|turn|3\n|\n|t:|1776708436\n|move|p2a: Macarena|Flower Trick|p1a: Garchomp\n|-crit|p1a: Garchomp\n|-damage|p1a: Garchomp|32/100\n|move|p1a: Garchomp|Rock Tomb|p2a: Macarena\n|-damage|p2a: Macarena|75/100\n|-unboost|p2a: Macarena|spe|1\n|\n|upkeep\n|turn|4\n|\n|t:|1776708439\n|move|p2a: Macarena|Flower Trick|p1a: Garchomp\n|-crit|p1a: Garchomp\n|-damage|p1a: Garchomp|0 fnt\n|faint|p1a: Garchomp\n|\n|upkeep\n|\n|t:|1776708441\n|switch|p1a: Kangaskhan|Kangaskhan, L50, F|100/100\n|turn|5\n|\n|t:|1776708449\n|switch|p2a: F16|Dragapult, L50, M|100/100\n|-damage|p2a: F16|88/100|[from] Stealth Rock\n|detailschange|p1a: Kangaskhan|Kangaskhan-Mega, L50, F\n|-mega|p1a: Kangaskhan|Kangaskhan|Kangaskhanite\n|move|p1a: Kangaskhan|Double-Edge|p2a: F16\n|-immune|p2a: F16\n|\n|upkeep\n|turn|6\n|\n|t:|1776708454\n|switch|p1a: Samurott|Samurott-Hisui, L50, F|100/100\n|move|p2a: F16|Dragon Darts|p1a: Samurott\n|-damage|p1a: Samurott|66/100\n|-anim|p2a: F16|Dragon Darts|p1a: Samurott\n|-damage|p1a: Samurott|36/100\n|\n|upkeep\n|turn|7\n|\n|t:|1776708459\n|move|p1a: Samurott|Ceaseless Edge|p2a: F16\n|-supereffective|p2a: F16|1\n|-damage|p2a: F16|0 fnt\n|-sidestart|p2: Aguwar|Spikes\n|faint|p2a: F16\n|\n|upkeep\n|\n|t:|1776708471\n|switch|p2a: Macarena|Meowscarada, L50, F|75/100\n|-damage|p2a: Macarena|63/100|[from] Stealth Rock\n|-damage|p2a: Macarena|51/100|[from] Spikes\n|turn|8\n|\n|t:|1776708473\n|move|p2a: Macarena|Flower Trick|p1a: Samurott\n|-start|p2a: Macarena|typechange|Grass|[from] ability: Protean\n|-supereffective|p1a: Samurott|1\n|-crit|p1a: Samurott\n|-damage|p1a: Samurott|0 fnt\n|faint|p1a: Samurott\n|\n|upkeep\n|\n|t:|1776708475\n|switch|p1a: Kangaskhan|Kangaskhan-Mega, L50, F|100/100\n|turn|9\n|\n|t:|1776708477\n|move|p1a: Kangaskhan|Fake Out|p2a: Macarena\n|-damage|p2a: Macarena|15/100\n|-damage|p2a: Macarena|8/100\n|-hitcount|p2a: Macarena|2\n|cant|p2a: Macarena|flinch\n|\n|upkeep\n|turn|10\n|\n|t:|1776708481\n|move|p1a: Kangaskhan|Sucker Punch|p2a: Macarena\n|-damage|p2a: Macarena|0 fnt\n|faint|p2a: Macarena\n|-hitcount|p2: Macarena|1\n|\n|upkeep\n|\n|t:|1776708483\n|switch|p2a: Zard|Charizard, L50, M|100/100\n|-damage|p2a: Zard|51/100|[from] Stealth Rock\n|turn|11\n|\n|t:|1776708485\n|detailschange|p2a: Zard|Charizard-Mega-Y, L50, M\n|-mega|p2a: Zard|Charizard|Charizardite Y\n|-weather|SunnyDay|[from] ability: Drought|[of] p2a: Zard\n|move|p1a: Kangaskhan|Double-Edge|p2a: Zard\n|-damage|p2a: Zard|0 fnt\n|faint|p2a: Zard\n|-hitcount|p2: Zard|1\n|-damage|p1a: Kangaskhan|87/100|[from] Recoil\n|\n|win|carpetmuncher45\n|raw|carpetmuncher45's rating: 1307 &rarr; <strong>1330</strong><br />(+23 for winning)\n|raw|Aguwar's rating: 1358 &rarr; <strong>1335</strong><br />(-23 for losing)\n|l|\u2606carpetmuncher45\n|player|p1|\n|l|\u2606Aguwar\n|player|p2|\n",
  "uploadtime": 1776708534,
  "views": 1,
  "formatid": "gen9championsbssregma",
  "rating": 1330,
  "private": 0,
  "password": null
}