{
  "id": "gen9championsbssregma-2582152007",
  "format": "[Gen 9 Champions] BSS Reg M-A",
  "players": [
    "elwito",
    "zyrek911"
  ],
  "log": "|j|\u2606elwito\n|j|\u2606zyrek911\n|t:|1776064689\n|gametype|singles\n|player|p1|elwito|266|1089\n|player|p2|zyrek911|hilbert|1000\n|gen|9\n|tier|[Gen 9 Champions] BSS Reg M-A\n|rated|\n|rule|Species Clause: Limit one of each Pok\u00e9mon\n|rule|Item Clause: Limit 1 of each item\n|clearpoke\n|poke|p1|Lycanroc-Dusk, L50, M|\n|poke|p1|Skeledirge, L50, M|\n|poke|p1|Lucario, L50, M|\n|poke|p1|Mimikyu, L50, M|\n|poke|p1|Corviknight, L50, M|\n|poke|p1|Hydreigon, L50, F|\n|poke|p2|Aggron, L50, F|\n|poke|p2|Glimmora, L50, F|\n|poke|p2|Garchomp, L50, F|\n|poke|p2|Corviknight, L50, M|\n|poke|p2|Basculegion, L50, M|\n|poke|p2|Ceruledge, L50, F|\n|teampreview|3\n|inactive|Battle timer is ON: inactive players will automatically lose when time's up. (requested by zyrek911)\n|inactive|elwito has 60 seconds left.\n|inactive|zyrek911 has 60 seconds left.\n|\n|t:|1776064729\n|teamsize|p1|3\n|teamsize|p2|3\n|start\n|switch|p1a: Kaiser|Lycanroc-Dusk, L50, M|100/100\n|switch|p2a: Garchomp|Garchomp, L50, F|100/100\n|turn|1\n|\n|t:|1776064736\n|move|p1a: Kaiser|Stealth Rock|p2a: Garchomp\n|-sidestart|p2: zyrek911|move: Stealth Rock\n|move|p2a: Garchomp|Stealth Rock|p1a: Kaiser\n|-sidestart|p1: elwito|move: Stealth Rock\n|\n|upkeep\n|turn|2\n|\n|t:|1776064748\n|move|p1a: Kaiser|Stealth Rock||[still]\n|-fail|p1a: Kaiser\n|move|p2a: Garchomp|Earthquake|p1a: Kaiser\n|-supereffective|p1a: Kaiser|1\n|-enditem|p1a: Kaiser|Focus Sash\n|-damage|p1a: Kaiser|1/100\n|\n|upkeep\n|turn|3\n|\n|t:|1776064756\n|move|p1a: Kaiser|Endeavor|p2a: Garchomp\n|-damage|p2a: Garchomp|1/100\n|-damage|p1a: Kaiser|0 fnt|[from] ability: Rough Skin|[of] p2a: Garchomp\n|faint|p1a: Kaiser\n|move|p2a: Garchomp|Stone Edge|p1: Kaiser|[notarget]\n|-fail|p2a: Garchomp\n|\n|-heal|p2a: Garchomp|7/100|[from] item: Leftovers\n|upkeep\n|\n|t:|1776064766\n|switch|p1a: Mimikyu|Mimikyu, L50, M, shiny|100/100\n|-damage|p1a: Mimikyu|88/100|[from] Stealth Rock\n|turn|4\n|\n|t:|1776064772\n|move|p1a: Mimikyu|Shadow Sneak|p2a: Garchomp\n|-damage|p2a: Garchomp|0 fnt\n|-damage|p1a: Mimikyu|76/100|[from] ability: Rough Skin|[of] p2a: Garchomp\n|faint|p2a: Garchomp\n|\n|upkeep\n|\n|t:|1776064783\n|switch|p2a: Aggron|Aggron, L50, F|100/100\n|-damage|p2a: Aggron|94/100|[from] Stealth Rock\n|turn|5\n|\n|t:|1776064796\n|switch|p1a: Skeledirge|Skeledirge, L50, M|100/100\n|-damage|p1a: Skeledirge|76/100|[from] Stealth Rock\n|detailschange|p2a: Aggron|Aggron-Mega, L50, F\n|-mega|p2a: Aggron|Aggron|Aggronite\n|move|p2a: Aggron|Roar|p1a: Skeledirge\n|drag|p1a: Mimikyu|Mimikyu, L50, M, shiny|76/100\n|-damage|p1a: Mimikyu|64/100|[from] Stealth Rock\n|\n|upkeep\n|turn|6\n|\n|t:|1776064811\n|move|p1a: Mimikyu|Shadow Claw|p2a: Aggron\n|-crit|p2a: Aggron\n|-damage|p2a: Aggron|71/100\n|move|p2a: Aggron|Heavy Slam|p1a: Mimikyu\n|-activate|p1a: Mimikyu|ability: Disguise\n|-damage|p1a: Mimikyu|64/100\n|detailschange|p1a: Mimikyu|Mimikyu-Busted, L50, M, shiny\n|-damage|p1a: Mimikyu|52/100|[from] pokemon: Mimikyu-Busted\n|\n|upkeep\n|turn|7\n|\n|t:|1776064821\n|switch|p1a: Skeledirge|Skeledirge, L50, M|76/100\n|-damage|p1a: Skeledirge|51/100|[from] Stealth Rock\n|move|p2a: Aggron|Heavy Slam|p1a: Skeledirge\n|-resisted|p1a: Skeledirge|1\n|-damage|p1a: Skeledirge|44/100\n|\n|-heal|p1a: Skeledirge|50/100|[from] item: Leftovers\n|upkeep\n|turn|8\n|\n|t:|1776064831\n|move|p1a: Skeledirge|Torch Song|p2a: Aggron\n|-supereffective|p2a: Aggron|1\n|-damage|p2a: Aggron|34/100\n|-boost|p1a: Skeledirge|spa|1\n|move|p2a: Aggron|Roar|p1a: Skeledirge\n|drag|p1a: Mimikyu|Mimikyu-Busted, L50, M, shiny|52/100\n|-damage|p1a: Mimikyu|40/100|[from] Stealth Rock\n|\n|upkeep\n|turn|9\n|\n|t:|1776064839\n|switch|p1a: Skeledirge|Skeledirge, L50, M|50/100\n|-damage|p1a: Skeledirge|26/100|[from] Stealth Rock\n|move|p2a: Aggron|Heavy Slam|p1a: Skeledirge\n|-resisted|p1a: Skeledirge|1\n|-damage|p1a: Skeledirge|19/100\n|\n|-heal|p1a: Skeledirge|25/100|[from] item: Leftovers\n|upkeep\n|turn|10\n|\n|t:|1776064847\n|move|p1a: Skeledirge|Slack Off|p1a: Skeledirge\n|-heal|p1a: Skeledirge|75/100\n|move|p2a: Aggron|Roar|p1a: Skeledirge\n|drag|p1a: Mimikyu|Mimikyu-Busted, L50, M, shiny|40/100\n|-damage|p1a: Mimikyu|28/100|[from] Stealth Rock\n|\n|upkeep\n|turn|11\n|\n|t:|1776064852\n|switch|p1a: Skeledirge|Skeledirge, L50, M|75/100\n|-damage|p1a: Skeledirge|50/100|[from] Stealth Rock\n|move|p2a: Aggron|Roar|p1a: Skeledirge\n|drag|p1a: Mimikyu|Mimikyu-Busted, L50, M, shiny|28/100\n|-damage|p1a: Mimikyu|16/100|[from] Stealth Rock\n|\n|upkeep\n|turn|12\n|\n|t:|1776064859\n|move|p1a: Mimikyu|Shadow Claw|p2a: Aggron\n|-damage|p2a: Aggron|17/100\n|move|p2a: Aggron|Roar|p1a: Mimikyu\n|drag|p1a: Skeledirge|Skeledirge, L50, M|50/100\n|-damage|p1a: Skeledirge|26/100|[from] Stealth Rock\n|\n|-heal|p1a: Skeledirge|32/100|[from] item: Leftovers\n|upkeep\n|turn|13\n|\n|t:|1776064869\n|move|p1a: Skeledirge|Slack Off|p1a: Skeledirge\n|-heal|p1a: Skeledirge|82/100\n|move|p2a: Aggron|Roar|p1a: Skeledirge\n|drag|p1a: Mimikyu|Mimikyu-Busted, L50, M, shiny|16/100\n|-damage|p1a: Mimikyu|4/100|[from] Stealth Rock\n|\n|upkeep\n|turn|14\n|\n|t:|1776064879\n|move|p1a: Mimikyu|Shadow Claw|p2a: Aggron\n|-crit|p2a: Aggron\n|-damage|p2a: Aggron|0 fnt\n|faint|p2a: Aggron\n|\n|upkeep\n|\n|t:|1776064882\n|switch|p2a: Ceruledge|Ceruledge, L50, F|100/100\n|-damage|p2a: Ceruledge|76/100|[from] Stealth Rock\n|turn|15\n|\n|t:|1776064890\n|move|p1a: Mimikyu|Shadow Sneak|p2a: Ceruledge\n|-supereffective|p2a: Ceruledge|1\n|-damage|p2a: Ceruledge|24/100\n|-ability|p2a: Ceruledge|Weak Armor|boost\n|-unboost|p2a: Ceruledge|def|1\n|-boost|p2a: Ceruledge|spe|2\n|move|p2a: Ceruledge|Shadow Sneak|p1a: Mimikyu\n|-supereffective|p1a: Mimikyu|1\n|-damage|p1a: Mimikyu|0 fnt\n|faint|p1a: Mimikyu\n|\n|upkeep\n|\n|t:|1776064897\n|switch|p1a: Skeledirge|Skeledirge, L50, M|82/100\n|-damage|p1a: Skeledirge|57/100|[from] Stealth Rock\n|turn|16\n|\n|t:|1776064904\n|move|p2a: Ceruledge|Poltergeist|p1a: Skeledirge\n|-activate|p1a: Skeledirge|move: Poltergeist|Leftovers\n|-supereffective|p1a: Skeledirge|1\n|-damage|p1a: Skeledirge|0 fnt\n|faint|p1a: Skeledirge\n|\n|win|zyrek911\n|raw|elwito's rating: 1089 &rarr; <strong>1060</strong><br />(-29 for losing)\n|raw|zyrek911's rating: 1000 &rarr; <strong>1050</strong><br />(+50 for winning)\n",
  "uploadtime": 1776064916,
  "views": 13,
  "formatid": "gen9championsbssregma",
  "rating": 1050,
  "private": 0,
  "password": null
}