{
  "id": "gen9championsbssregma-2583926781",
  "format": "[Gen 9 Champions] BSS Reg M-A",
  "players": [
    "drakthosdk7",
    "berutene"
  ],
  "log": "|j|\u2606drakthosdk7\n|j|\u2606berutene\n|t:|1776208969\n|gametype|singles\n|player|p1|drakthosdk7|red|1263\n|player|p2|berutene|1|1241\n|gen|9\n|tier|[Gen 9 Champions] BSS Reg M-A\n|rated|\n|rule|Species Clause: Limit one of each Pok\u00e9mon\n|rule|Item Clause: Limit 1 of each item\n|clearpoke\n|poke|p1|Mamoswine, L50, F|\n|poke|p1|Dragonite, L50, M|\n|poke|p1|Aegislash, L50, F|\n|poke|p1|Primarina, L50, F|\n|poke|p1|Charizard, L50, F|\n|poke|p1|Venusaur, L50, M|\n|poke|p2|Charizard, L50, M|\n|poke|p2|Conkeldurr, L50, F|\n|poke|p2|Hydreigon, L50, M|\n|poke|p2|Mamoswine, L50, M|\n|poke|p2|Meganium, L50, F|\n|poke|p2|Aegislash, L50, F|\n|teampreview|3\n|inactive|Battle timer is ON: inactive players will automatically lose when time's up. (requested by berutene)\n|inactive|berutene has 60 seconds left.\n|\n|t:|1776209007\n|teamsize|p1|3\n|teamsize|p2|3\n|start\n|switch|p1a: Primarina|Primarina, L50, F|100/100\n|switch|p2a: Mamoswine|Mamoswine, L50, M|100/100\n|turn|1\n|\n|t:|1776209020\n|move|p2a: Mamoswine|Earthquake|p1a: Primarina\n|-damage|p1a: Primarina|36/100\n|-enditem|p1a: Primarina|Sitrus Berry|[eat]\n|-heal|p1a: Primarina|61/100|[from] item: Sitrus Berry\n|move|p1a: Primarina|Flip Turn|p2a: Mamoswine\n|-supereffective|p2a: Mamoswine|1\n|-damage|p2a: Mamoswine|68/100\n|\n|t:|1776209028\n|switch|p1a: Charizard|Charizard, L50, F, shiny|100/100|[from] Flip Turn\n|\n|upkeep\n|turn|2\n|\n|t:|1776209039\n|switch|p2a: Hydreigon|Hydreigon, L50, M|100/100\n|detailschange|p1a: Charizard|Charizard-Mega-Y, L50, F, shiny\n|-mega|p1a: Charizard|Charizard|Charizardite Y\n|-weather|SunnyDay|[from] ability: Drought|[of] p1a: Charizard\n|move|p1a: Charizard|Flamethrower|p2a: Hydreigon\n|-resisted|p2a: Hydreigon|1\n|-damage|p2a: Hydreigon|50/100\n|\n|-weather|SunnyDay|[upkeep]\n|upkeep\n|turn|3\n|\n|t:|1776209048\n|move|p2a: Hydreigon|Draco Meteor|p1a: Charizard\n|-damage|p1a: Charizard|27/100\n|-unboost|p2a: Hydreigon|spa|2\n|move|p1a: Charizard|Overheat|p2a: Hydreigon\n|-resisted|p2a: Hydreigon|1\n|-damage|p2a: Hydreigon|0 fnt\n|-unboost|p1a: Charizard|spa|2\n|faint|p2a: Hydreigon\n|\n|-weather|SunnyDay|[upkeep]\n|upkeep\n|\n|t:|1776209061\n|switch|p2a: Mamoswine|Mamoswine, L50, M|68/100\n|turn|4\n|\n|t:|1776209068\n|move|p2a: Mamoswine|Ice Shard|p1a: Charizard\n|-damage|p1a: Charizard|0 fnt\n|faint|p1a: Charizard\n|\n|-weather|SunnyDay|[upkeep]\n|upkeep\n|\n|t:|1776209074\n|switch|p1a: Venusaur|Venusaur, L50, M|100/100\n|turn|5\n|j| p74\n|\n|t:|1776209077\n|move|p1a: Venusaur|Giga Drain|p2a: Mamoswine\n|-supereffective|p2a: Mamoswine|1\n|-damage|p2a: Mamoswine|0 fnt\n|faint|p2a: Mamoswine\n|\n|-weather|SunnyDay|[upkeep]\n|upkeep\n|\n|t:|1776209081\n|switch|p2a: Aegislash|Aegislash, L50, F|100/100\n|turn|6\n|\n|t:|1776209090\n|move|p1a: Venusaur|Earth Power|p2a: Aegislash\n|-supereffective|p2a: Aegislash|1\n|-damage|p2a: Aegislash|53/100\n|-formechange|p2a: Aegislash|Aegislash-Blade|\n|move|p2a: Aegislash|Shadow Ball|p1a: Venusaur\n|-damage|p1a: Venusaur|50/100\n|\n|-weather|none\n|-heal|p1a: Venusaur|56/100|[from] item: Leftovers\n|-heal|p2a: Aegislash|59/100|[from] item: Leftovers\n|upkeep\n|turn|7\n|\n|t:|1776209100\n|-formechange|p2a: Aegislash|Aegislash|\n|move|p2a: Aegislash|King's Shield|p2a: Aegislash\n|-singleturn|p2a: Aegislash|Protect\n|move|p1a: Venusaur|Sleep Powder|p2a: Aegislash\n|-status|p2a: Aegislash|slp|[from] move: Sleep Powder\n|\n|-heal|p1a: Venusaur|62/100|[from] item: Leftovers\n|-heal|p2a: Aegislash|65/100 slp|[from] item: Leftovers\n|upkeep\n|turn|8\n|\n|t:|1776209108\n|move|p1a: Venusaur|Sleep Powder|p2a: Aegislash\n|-fail|p2a: Aegislash|slp\n|cant|p2a: Aegislash|slp\n|\n|-heal|p1a: Venusaur|67/100|[from] item: Leftovers\n|-heal|p2a: Aegislash|71/100 slp|[from] item: Leftovers\n|upkeep\n|turn|9\n|\n|t:|1776209116\n|move|p1a: Venusaur|Earth Power|p2a: Aegislash\n|-supereffective|p2a: Aegislash|1\n|-damage|p2a: Aegislash|24/100 slp\n|-curestatus|p2a: Aegislash|slp|[msg]\n|-formechange|p2a: Aegislash|Aegislash-Blade|\n|move|p2a: Aegislash|Shadow Ball|p1a: Venusaur\n|-damage|p1a: Venusaur|11/100\n|-unboost|p1a: Venusaur|spd|1\n|\n|-heal|p1a: Venusaur|17/100|[from] item: Leftovers\n|-heal|p2a: Aegislash|30/100|[from] item: Leftovers\n|upkeep\n|turn|10\n|\n|t:|1776209129\n|move|p2a: Aegislash|Shadow Sneak|p1a: Venusaur\n|-damage|p1a: Venusaur|0 fnt\n|faint|p1a: Venusaur\n|\n|-heal|p2a: Aegislash|36/100|[from] item: Leftovers\n|upkeep\n|\n|t:|1776209134\n|switch|p1a: Primarina|Primarina, L50, F|61/100\n|turn|11\n|\n|t:|1776209138\n|-formechange|p2a: Aegislash|Aegislash|\n|move|p2a: Aegislash|King's Shield|p2a: Aegislash\n|-singleturn|p2a: Aegislash|Protect\n|move|p1a: Primarina|Surf|p2a: Aegislash\n|-activate|p2a: Aegislash|move: Protect\n|\n|-heal|p2a: Aegislash|42/100|[from] item: Leftovers\n|upkeep\n|turn|12\n|\n|t:|1776209149\n|move|p1a: Primarina|Surf|p2a: Aegislash\n|-damage|p2a: Aegislash|4/100\n|-formechange|p2a: Aegislash|Aegislash-Blade|\n|move|p2a: Aegislash|Shadow Ball|p1a: Primarina\n|-damage|p1a: Primarina|19/100\n|\n|-heal|p2a: Aegislash|10/100|[from] item: Leftovers\n|upkeep\n|turn|13\n|\n|t:|1776209160\n|-formechange|p2a: Aegislash|Aegislash|\n|move|p2a: Aegislash|King's Shield|p2a: Aegislash\n|-singleturn|p2a: Aegislash|Protect\n|move|p1a: Primarina|Surf|p2a: Aegislash\n|-activate|p2a: Aegislash|move: Protect\n|\n|-heal|p2a: Aegislash|16/100|[from] item: Leftovers\n|upkeep\n|turn|14\n|\n|t:|1776209167\n|-formechange|p2a: Aegislash|Aegislash-Blade|\n|move|p2a: Aegislash|Shadow Sneak|p1a: Primarina\n|-damage|p1a: Primarina|0 fnt\n|faint|p1a: Primarina\n|\n|win|berutene\n|raw|drakthosdk7's rating: 1263 &rarr; <strong>1236</strong><br />(-27 for losing)\n|raw|berutene's rating: 1241 &rarr; <strong>1268</strong><br />(+27 for winning)\n|l|\u2606berutene\n|player|p2|\n|l|\u2606drakthosdk7\n|player|p1|\n",
  "uploadtime": 1776209410,
  "views": 1,
  "formatid": "gen9championsbssregma",
  "rating": 1236,
  "private": 0,
  "password": null
}