{
  "id": "gen9championsbssregma-2584282037",
  "format": "[Gen 9 Champions] BSS Reg M-A",
  "players": [
    "nuko1234",
    "karbain"
  ],
  "log": "|j|\u2606nuko1234\n|j|\u2606karbain\n|t:|1776246767\n|gametype|singles\n|player|p1|nuko1234|guitarist|1393\n|player|p2|karbain|2|1509\n|gen|9\n|tier|[Gen 9 Champions] BSS Reg M-A\n|rated|\n|rule|Species Clause: Limit one of each Pok\u00e9mon\n|rule|Item Clause: Limit 1 of each item\n|clearpoke\n|poke|p1|Kingambit, L50, F|\n|poke|p1|Garchomp, L50, F|\n|poke|p1|Corviknight, L50, M|\n|poke|p1|Gardevoir, L50, M|\n|poke|p1|Primarina, L50, F|\n|poke|p1|Dragonite, L50, M|\n|poke|p2|Charizard, L50, F|\n|poke|p2|Greninja-*, L50, F|\n|poke|p2|Gengar, L50, F|\n|poke|p2|Mimikyu, L50, F|\n|poke|p2|Meowscarada, L50, F|\n|poke|p2|Empoleon, L50, M|\n|teampreview|3\n|inactive|Battle timer is ON: inactive players will automatically lose when time's up. (requested by nuko1234)\n|inactive|karbain has 60 seconds left.\n|\n|t:|1776246833\n|teamsize|p1|3\n|teamsize|p2|3\n|start\n|switch|p1a: Primarina|Primarina, L50, F|100/100\n|switch|p2a: Greninja|Greninja, L50, F|100/100\n|turn|1\n|\n|t:|1776246842\n|switch|p2a: Gengar|Gengar, L50, F|100/100\n|move|p1a: Primarina|Moonblast|p2a: Gengar\n|-resisted|p2a: Gengar|1\n|-damage|p2a: Gengar|62/100\n|\n|upkeep\n|turn|2\n|\n|t:|1776246850\n|detailschange|p2a: Gengar|Gengar-Mega, L50, F\n|-mega|p2a: Gengar|Gengar|Gengarite\n|move|p2a: Gengar|Sludge Wave|p1a: Primarina\n|-supereffective|p1a: Primarina|1\n|-damage|p1a: Primarina|11/100\n|-enditem|p1a: Primarina|Sitrus Berry|[eat]\n|-heal|p1a: Primarina|35/100|[from] item: Sitrus Berry\n|move|p1a: Primarina|Sparkling Aria|p2a: Gengar\n|-damage|p2a: Gengar|5/100\n|\n|upkeep\n|turn|3\n|\n|t:|1776246874\n|switch|p2a: Greninja|Greninja, L50, F|100/100\n|move|p1a: Primarina|Moonblast|p2a: Greninja\n|-supereffective|p2a: Greninja|1\n|-enditem|p2a: Greninja|Focus Sash\n|-damage|p2a: Greninja|1/100\n|\n|upkeep\n|turn|4\n|\n|t:|1776246883\n|move|p2a: Greninja|Dark Pulse|p1a: Primarina\n|-resisted|p1a: Primarina|1\n|-damage|p1a: Primarina|21/100\n|move|p1a: Primarina|Moonblast|p2a: Greninja\n|-supereffective|p2a: Greninja|1\n|-crit|p2a: Greninja\n|-damage|p2a: Greninja|0 fnt\n|faint|p2a: Greninja\n|\n|upkeep\n|j| p74\n|\n|t:|1776246890\n|switch|p2a: Gengar|Gengar-Mega, L50, F|5/100\n|turn|5\n|\n|t:|1776246893\n|move|p2a: Gengar|Sludge Wave|p1a: Primarina\n|-supereffective|p1a: Primarina|1\n|-damage|p1a: Primarina|0 fnt\n|faint|p1a: Primarina\n|\n|upkeep\n|\n|t:|1776246895\n|switch|p1a: Kingambit|Kingambit, L50, F|100/100\n|turn|6\n|\n|t:|1776246906\n|move|p2a: Gengar|Substitute|p2a: Gengar\n|-fail|p2a: Gengar|move: Substitute|[weak]\n|move|p1a: Kingambit|Kowtow Cleave|p2a: Gengar\n|-supereffective|p2a: Gengar|1\n|-damage|p2a: Gengar|0 fnt\n|faint|p2a: Gengar\n|\n|upkeep\n|-message|karbain forfeited.\n|\n|win|nuko1234\n|raw|nuko1234's rating: 1393 &rarr; <strong>1419</strong><br />(+26 for winning)\n|raw|karbain's rating: 1509 &rarr; <strong>1483</strong><br />(-26 for losing)\n|l|\u2606karbain\n|player|p2|\n|l|\u2606nuko1234\n|player|p1|\n",
  "uploadtime": 1776247082,
  "views": 55,
  "formatid": "gen9championsbssregma",
  "rating": 1419,
  "private": 0,
  "password": null
}