{
  "id": "gen9championsbssregma-2583230507",
  "format": "[Gen 9 Champions] BSS Reg M-A",
  "players": [
    "lovrillo",
    "karbain"
  ],
  "log": "|j|\u2606lovrillo\n|j|\u2606karbain\n|t:|1776157344\n|gametype|singles\n|player|p1|lovrillo|265|1312\n|player|p2|karbain|2|1334\n|gen|9\n|tier|[Gen 9 Champions] BSS Reg M-A\n|rated|\n|rule|Species Clause: Limit one of each Pok\u00e9mon\n|rule|Item Clause: Limit 1 of each item\n|clearpoke\n|poke|p1|Umbreon, L50, F|\n|poke|p1|Glimmora, L50, M|\n|poke|p1|Primarina, L50, M|\n|poke|p1|Delphox, L50, M|\n|poke|p1|Ampharos, L50, F|\n|poke|p1|Toxapex, L50, M|\n|poke|p2|Charizard, L50, F|\n|poke|p2|Greninja-*, L50, F|\n|poke|p2|Mimikyu, L50, M|\n|poke|p2|Gengar, L50, F|\n|poke|p2|Meowscarada, L50, F|\n|poke|p2|Bellibolt, L50, F|\n|teampreview|3\n|\n|t:|1776157370\n|teamsize|p1|3\n|teamsize|p2|3\n|start\n|switch|p1a: Glimmora|Glimmora, L50, M, shiny|100/100\n|switch|p2a: Greninja|Greninja, L50, F|100/100\n|turn|1\n|\n|t:|1776157380\n|move|p2a: Greninja|Surf|p1a: Glimmora\n|-supereffective|p1a: Glimmora|1\n|-enditem|p1a: Glimmora|Focus Sash\n|-damage|p1a: Glimmora|1/100\n|move|p1a: Glimmora|Stealth Rock|p2a: Greninja\n|-sidestart|p2: karbain|move: Stealth Rock\n|\n|upkeep\n|turn|2\n|\n|t:|1776157391\n|switch|p1a: Toxapex|Toxapex, L50, M, shiny|100/100\n|move|p2a: Greninja|Surf|p1a: Toxapex\n|-resisted|p1a: Toxapex|1\n|-damage|p1a: Toxapex|87/100\n|\n|upkeep\n|turn|3\n|\n|t:|1776157397\n|move|p2a: Greninja|Dark Pulse|p1a: Toxapex\n|-damage|p1a: Toxapex|65/100\n|move|p1a: Toxapex|Toxic Spikes|p2a: Greninja\n|-sidestart|p2: karbain|move: Toxic Spikes\n|\n|upkeep\n|turn|4\n|\n|t:|1776157405\n|switch|p2a: Bellibolt|Bellibolt, L50, F|100/100\n|-damage|p2a: Bellibolt|88/100|[from] Stealth Rock\n|-status|p2a: Bellibolt|psn\n|move|p1a: Toxapex|Recover|p1a: Toxapex\n|-heal|p1a: Toxapex|100/100\n|\n|-heal|p2a: Bellibolt|94/100 psn|[from] item: Leftovers\n|-damage|p2a: Bellibolt|82/100 psn|[from] psn\n|upkeep\n|turn|5\n|\n|t:|1776157416\n|switch|p1a: Umbreon|Umbreon, L50, F, shiny|100/100\n|move|p2a: Bellibolt|Parabolic Charge|p1a: Umbreon\n|-damage|p1a: Umbreon|78/100\n|-heal|p2a: Bellibolt|93/100 psn|[from] drain|[of] p1a: Umbreon\n|\n|-heal|p1a: Umbreon|84/100|[from] item: Leftovers\n|-heal|p2a: Bellibolt|99/100 psn|[from] item: Leftovers\n|-damage|p2a: Bellibolt|87/100 psn|[from] psn\n|upkeep\n|turn|6\n|\n|t:|1776157425\n|move|p1a: Umbreon|Wish|p1a: Umbreon\n|move|p2a: Bellibolt|Toxic|p1a: Umbreon\n|-status|p1a: Umbreon|tox\n|\n|-heal|p1a: Umbreon|90/100 tox|[from] item: Leftovers\n|-heal|p2a: Bellibolt|93/100 psn|[from] item: Leftovers\n|-damage|p1a: Umbreon|84/100 tox|[from] psn\n|-damage|p2a: Bellibolt|80/100 psn|[from] psn\n|upkeep\n|turn|7\n|\n|t:|1776157434\n|move|p1a: Umbreon|Foul Play|p2a: Bellibolt\n|-damage|p2a: Bellibolt|62/100 psn\n|-start|p2a: Bellibolt|Charge|Foul Play|[from] ability: Electromorphosis\n|move|p2a: Bellibolt|Soak|p1a: Umbreon\n|-start|p1a: Umbreon|typechange|Water\n|\n|-heal|p1a: Umbreon|100/100 tox|[from] move: Wish|[wisher] Umbreon\n|-heal|p2a: Bellibolt|68/100 psn|[from] item: Leftovers\n|-damage|p1a: Umbreon|89/100 tox|[from] psn\n|-damage|p2a: Bellibolt|56/100 psn|[from] psn\n|upkeep\n|turn|8\n|j| p74\n|\n|t:|1776157445\n|switch|p1a: Glimmora|Glimmora, L50, M, shiny|1/100\n|move|p2a: Bellibolt|Parabolic Charge|p1a: Glimmora\n|-damage|p1a: Glimmora|0 fnt\n|-heal|p2a: Bellibolt|56/100 psn|[from] drain|[of] p1a: Glimmora\n|faint|p1a: Glimmora\n|-end|p2a: Bellibolt|Charge|[silent]\n|\n|-heal|p2a: Bellibolt|62/100 psn|[from] item: Leftovers\n|-damage|p2a: Bellibolt|50/100 psn|[from] psn\n|upkeep\n|\n|t:|1776157464\n|switch|p1a: Umbreon|Umbreon, L50, F, shiny|89/100 tox\n|turn|9\n|\n|t:|1776157479\n|move|p1a: Umbreon|Wish|p1a: Umbreon\n|move|p2a: Bellibolt|Parabolic Charge|p1a: Umbreon\n|-damage|p1a: Umbreon|67/100 tox\n|-heal|p2a: Bellibolt|60/100 psn|[from] drain|[of] p1a: Umbreon\n|\n|-heal|p1a: Umbreon|73/100 tox|[from] item: Leftovers\n|-heal|p2a: Bellibolt|67/100 psn|[from] item: Leftovers\n|-damage|p1a: Umbreon|67/100 tox|[from] psn\n|-damage|p2a: Bellibolt|54/100 psn|[from] psn\n|upkeep\n|turn|10\n|\n|t:|1776157488\n|move|p1a: Umbreon|Foul Play|p2a: Bellibolt\n|-damage|p2a: Bellibolt|34/100 psn\n|-start|p2a: Bellibolt|Charge|Foul Play|[from] ability: Electromorphosis\n|move|p2a: Bellibolt|Toxic|p1a: Umbreon\n|-fail|p1a: Umbreon|tox\n|\n|-heal|p1a: Umbreon|100/100 tox|[from] move: Wish|[wisher] Umbreon\n|-heal|p2a: Bellibolt|40/100 psn|[from] item: Leftovers\n|-damage|p1a: Umbreon|89/100 tox|[from] psn\n|-damage|p2a: Bellibolt|28/100 psn|[from] psn\n|upkeep\n|turn|11\n|\n|t:|1776157500\n|move|p1a: Umbreon|Protect|p1a: Umbreon\n|-singleturn|p1a: Umbreon|Protect\n|move|p2a: Bellibolt|Parabolic Charge|p1a: Umbreon\n|-activate|p1a: Umbreon|move: Protect\n|-end|p2a: Bellibolt|Charge|[silent]\n|\n|-heal|p1a: Umbreon|95/100 tox|[from] item: Leftovers\n|-heal|p2a: Bellibolt|34/100 psn|[from] item: Leftovers\n|-damage|p1a: Umbreon|77/100 tox|[from] psn\n|-damage|p2a: Bellibolt|22/100 psn|[from] psn\n|upkeep\n|turn|12\n|\n|t:|1776157509\n|move|p1a: Umbreon|Foul Play|p2a: Bellibolt\n|-damage|p2a: Bellibolt|2/100 psn\n|-start|p2a: Bellibolt|Charge|Foul Play|[from] ability: Electromorphosis\n|move|p2a: Bellibolt|Parabolic Charge|p1a: Umbreon\n|-damage|p1a: Umbreon|30/100 tox\n|-heal|p2a: Bellibolt|25/100 psn|[from] drain|[of] p1a: Umbreon\n|-end|p2a: Bellibolt|Charge|[silent]\n|\n|-heal|p1a: Umbreon|36/100 tox|[from] item: Leftovers\n|-heal|p2a: Bellibolt|31/100 psn|[from] item: Leftovers\n|-damage|p1a: Umbreon|12/100 tox|[from] psn\n|-damage|p2a: Bellibolt|19/100 psn|[from] psn\n|upkeep\n|turn|13\n|-message|lovrillo forfeited.\n|\n|win|karbain\n|raw|lovrillo's rating: 1312 &rarr; <strong>1293</strong><br />(-19 for losing)\n|raw|karbain's rating: 1334 &rarr; <strong>1353</strong><br />(+19 for winning)\n|l|\u2606karbain\n|player|p2|\n",
  "uploadtime": 1776157523,
  "views": 3,
  "formatid": "gen9championsbssregma",
  "rating": 1293,
  "private": 0,
  "password": null
}