{
  "id": "gen9championsbssregma-2582733691",
  "format": "[Gen 9 Champions] BSS Reg M-A",
  "players": [
    "magikarpwithlegs",
    "1916 ca"
  ],
  "log": "|j|\u2606magikarpwithlegs\n|j|\u26061916 ca\n|t:|1776110375\n|gametype|singles\n|player|p1|magikarpwithlegs|olympia|1000\n|player|p2|1916 ca|265|1000\n|gen|9\n|tier|[Gen 9 Champions] BSS Reg M-A\n|rated|\n|rule|Species Clause: Limit one of each Pok\u00e9mon\n|rule|Item Clause: Limit 1 of each item\n|clearpoke\n|poke|p1|Bastiodon, L50, F|\n|poke|p1|Sneasler, L50, M|\n|poke|p1|Arcanine-Hisui, L50, M|\n|poke|p1|Clawitzer, L50, F|\n|poke|p1|Maushold-Four, L50|\n|poke|p1|Decidueye-Hisui, L50, M|\n|poke|p2|Gengar, L50, M|\n|poke|p2|Garchomp, L50, M|\n|poke|p2|Kangaskhan, L50, F|\n|poke|p2|Klefki, L50, F|\n|poke|p2|Hippowdon, L50, M|\n|poke|p2|Tyranitar, L50, F|\n|teampreview|3\n|\n|t:|1776110393\n|teamsize|p1|3\n|teamsize|p2|3\n|start\n|switch|p1a: Sneasler|Sneasler, L50, M|100/100\n|switch|p2a: Hippowdon|Hippowdon, L50, M|100/100\n|-weather|Sandstorm|[from] ability: Sand Stream|[of] p2a: Hippowdon\n|turn|1\n|\n|t:|1776110399\n|move|p1a: Sneasler|Close Combat|p2a: Hippowdon\n|-damage|p2a: Hippowdon|67/100\n|-unboost|p1a: Sneasler|def|1\n|-unboost|p1a: Sneasler|spd|1\n|-enditem|p1a: Sneasler|White Herb\n|-clearnegativeboost|p1a: Sneasler|[silent]\n|move|p2a: Hippowdon|Stealth Rock|p1a: Sneasler\n|-sidestart|p1: magikarpwithlegs|move: Stealth Rock\n|\n|-weather|Sandstorm|[upkeep]\n|-damage|p1a: Sneasler|95/100|[from] Sandstorm\n|-heal|p2a: Hippowdon|73/100|[from] item: Leftovers\n|upkeep\n|turn|2\n|\n|t:|1776110411\n|move|p1a: Sneasler|Dire Claw|p2a: Hippowdon\n|-resisted|p2a: Hippowdon|1\n|-damage|p2a: Hippowdon|60/100\n|-status|p2a: Hippowdon|par\n|move|p2a: Hippowdon|Earthquake|p1a: Sneasler\n|-supereffective|p1a: Sneasler|1\n|-damage|p1a: Sneasler|0 fnt\n|faint|p1a: Sneasler\n|\n|-weather|Sandstorm|[upkeep]\n|-heal|p2a: Hippowdon|66/100 par|[from] item: Leftovers\n|upkeep\n|\n|t:|1776110422\n|switch|p1a: Arcanine|Arcanine-Hisui, L50, M|100/100\n|-damage|p1a: Arcanine|75/100|[from] Stealth Rock\n|turn|3\n|\n|t:|1776110429\n|move|p1a: Arcanine|Flare Blitz|p2a: Hippowdon\n|-damage|p2a: Hippowdon|33/100 par\n|move|p2a: Hippowdon|Earthquake|p1a: Arcanine\n|-supereffective|p1a: Arcanine|2\n|-damage|p1a: Arcanine|0 fnt\n|faint|p1a: Arcanine\n|\n|-weather|Sandstorm|[upkeep]\n|-heal|p2a: Hippowdon|39/100 par|[from] item: Leftovers\n|upkeep\n|\n|t:|1776110433\n|switch|p1a: Bastiodon|Bastiodon, L50, F|100/100\n|-damage|p1a: Bastiodon|95/100|[from] Stealth Rock\n|turn|4\n|\n|t:|1776110437\n|move|p1a: Bastiodon|Body Press|p2a: Hippowdon\n|-crit|p2a: Hippowdon\n|-damage|p2a: Hippowdon|8/100 par\n|move|p2a: Hippowdon|Yawn|p1a: Bastiodon\n|-start|p1a: Bastiodon|move: Yawn|[of] p2a: Hippowdon\n|\n|-weather|Sandstorm|[upkeep]\n|-heal|p2a: Hippowdon|14/100 par|[from] item: Leftovers\n|upkeep\n|turn|5\n|\n|t:|1776110445\n|move|p1a: Bastiodon|Foul Play|p2a: Hippowdon\n|-damage|p2a: Hippowdon|2/100 par\n|cant|p2a: Hippowdon|par\n|\n|-weather|none\n|-heal|p2a: Hippowdon|8/100 par|[from] item: Leftovers\n|-end|p1a: Bastiodon|move: Yawn|[silent]\n|-status|p1a: Bastiodon|slp\n|upkeep\n|turn|6\n|\n|t:|1776110451\n|cant|p1a: Bastiodon|slp\n|move|p2a: Hippowdon|Slack Off|p2a: Hippowdon\n|-heal|p2a: Hippowdon|59/100 par\n|\n|-heal|p2a: Hippowdon|65/100 par|[from] item: Leftovers\n|upkeep\n|turn|7\n|\n|t:|1776110453\n|cant|p1a: Bastiodon|slp\n|move|p2a: Hippowdon|Slack Off|p2a: Hippowdon\n|-heal|p2a: Hippowdon|100/100 par\n|\n|upkeep\n|turn|8\n|-message|magikarpwithlegs forfeited.\n|\n|win|1916 ca\n|raw|magikarpwithlegs's rating: 1000 &rarr; <strong>1000</strong><br />(+0 for losing)\n|raw|1916 ca's rating: 1000 &rarr; <strong>1040</strong><br />(+40 for winning)\n|l|\u2606magikarpwithlegs\n|player|p1|\n",
  "uploadtime": 1776110461,
  "views": 7,
  "formatid": "gen9championsbssregma",
  "rating": 1000,
  "private": 0,
  "password": null
}