{
  "id": "gen9championsbssregma-2587575461",
  "format": "[Gen 9 Champions] BSS Reg M-A",
  "players": [
    "UtopicTurtle",
    "joguri"
  ],
  "log": "|j|\u2606UtopicTurtle\n|j|\u2606joguri\n|t:|1776543633\n|gametype|singles\n|player|p1|UtopicTurtle|drayden|1174\n|player|p2|joguri|dawn|1300\n|gen|9\n|tier|[Gen 9 Champions] BSS Reg M-A\n|rated|\n|rule|Species Clause: Limit one of each Pok\u00e9mon\n|rule|Item Clause: Limit 1 of each item\n|clearpoke\n|poke|p1|Meowscarada, L50, M|\n|poke|p1|Kingambit, L50, F|\n|poke|p1|Sneasler, L50, M|\n|poke|p1|Dragonite, L50, F|\n|poke|p1|Basculegion, L50, M|\n|poke|p1|Gallade, L50, M|\n|poke|p2|Clefable, L50, F|\n|poke|p2|Garchomp, L50, F|\n|poke|p2|Glimmora, L50, M|\n|poke|p2|Lopunny, L50, F|\n|poke|p2|Primarina, L50, M|\n|poke|p2|Corviknight, L50, M|\n|teampreview|3\n|inactive|Battle timer is ON: inactive players will automatically lose when time's up. (requested by joguri)\n|\n|t:|1776543661\n|teamsize|p1|3\n|teamsize|p2|3\n|start\n|switch|p1a: Meowscarada|Meowscarada, L50, M|100/100\n|switch|p2a: Lopunny|Lopunny, L50, F|100/100\n|turn|1\n|\n|t:|1776543677\n|switch|p1a: Gallade|Gallade, L50, M|100/100\n|move|p2a: Lopunny|Cotton Guard|p2a: Lopunny\n|-boost|p2a: Lopunny|def|3\n|\n|upkeep\n|turn|2\n|\n|t:|1776543689\n|detailschange|p1a: Gallade|Gallade-Mega, L50, M\n|-mega|p1a: Gallade|Gallade|Galladite\n|move|p1a: Gallade|Close Combat|p2a: Lopunny\n|-supereffective|p2a: Lopunny|1\n|-damage|p2a: Lopunny|44/100\n|-unboost|p1a: Gallade|def|1\n|-unboost|p1a: Gallade|spd|1\n|move|p2a: Lopunny|Agility|p2a: Lopunny\n|-boost|p2a: Lopunny|spe|2\n|\n|upkeep\n|turn|3\n|\n|t:|1776543700\n|move|p2a: Lopunny|Baton Pass|p2a: Lopunny\n|\n|t:|1776543702\n|switch|p2a: Clefable|Clefable, L50, F|100/100|[from] Baton Pass\n|move|p1a: Gallade|Close Combat|p2a: Clefable\n|-resisted|p2a: Clefable|1\n|-crit|p2a: Clefable\n|-damage|p2a: Clefable|57/100\n|-unboost|p1a: Gallade|def|1\n|-unboost|p1a: Gallade|spd|1\n|\n|upkeep\n|turn|4\n|\n|t:|1776543716\n|move|p1a: Gallade|Swords Dance|p1a: Gallade\n|-boost|p1a: Gallade|atk|2\n|move|p2a: Clefable|Calm Mind|p2a: Clefable\n|-boost|p2a: Clefable|spa|1\n|-boost|p2a: Clefable|spd|1\n|\n|upkeep\n|turn|5\n|\n|t:|1776543727\n|move|p1a: Gallade|Psycho Cut|p2a: Clefable\n|-damage|p2a: Clefable|42/100\n|move|p2a: Clefable|Calm Mind|p2a: Clefable\n|-boost|p2a: Clefable|spa|1\n|-boost|p2a: Clefable|spd|1\n|\n|upkeep\n|turn|6\n|\n|t:|1776543738\n|move|p1a: Gallade|Psycho Cut|p2a: Clefable\n|-damage|p2a: Clefable|27/100\n|move|p2a: Clefable|Moonlight|p2a: Clefable\n|-heal|p2a: Clefable|77/100\n|\n|upkeep\n|turn|7\n|\n|t:|1776543744\n|move|p1a: Gallade|Psycho Cut|p2a: Clefable\n|-damage|p2a: Clefable|60/100\n|move|p2a: Clefable|Calm Mind|p2a: Clefable\n|-boost|p2a: Clefable|spa|1\n|-boost|p2a: Clefable|spd|1\n|\n|upkeep\n|turn|8\n|\n|t:|1776543751\n|move|p1a: Gallade|Psycho Cut|p2a: Clefable\n|-damage|p2a: Clefable|46/100\n|move|p2a: Clefable|Calm Mind|p2a: Clefable\n|-boost|p2a: Clefable|spa|1\n|-boost|p2a: Clefable|spd|1\n|\n|upkeep\n|turn|9\n|\n|t:|1776543756\n|move|p1a: Gallade|Psycho Cut|p2a: Clefable\n|-damage|p2a: Clefable|29/100\n|move|p2a: Clefable|Moonlight|p2a: Clefable\n|-heal|p2a: Clefable|79/100\n|\n|upkeep\n|turn|10\n|\n|t:|1776543763\n|move|p1a: Gallade|Psycho Cut|p2a: Clefable\n|-damage|p2a: Clefable|62/100\n|move|p2a: Clefable|Calm Mind|p2a: Clefable\n|-boost|p2a: Clefable|spa|1\n|-boost|p2a: Clefable|spd|1\n|\n|upkeep\n|turn|11\n|\n|t:|1776543770\n|move|p1a: Gallade|Psycho Cut|p2a: Clefable\n|-damage|p2a: Clefable|48/100\n|move|p2a: Clefable|Moonlight|p2a: Clefable\n|-heal|p2a: Clefable|98/100\n|\n|upkeep\n|turn|12\n|\n|t:|1776543777\n|move|p1a: Gallade|Psycho Cut|p2a: Clefable\n|-damage|p2a: Clefable|81/100\n|move|p2a: Clefable|Stored Power|p1a: Gallade\n|-damage|p1a: Gallade|0 fnt\n|faint|p1a: Gallade\n|\n|upkeep\n|\n|t:|1776543789\n|switch|p1a: Meowscarada|Meowscarada, L50, M|100/100\n|turn|13\n|\n|t:|1776543794\n|move|p1a: Meowscarada|Flower Trick|p2a: Clefable\n|-start|p1a: Meowscarada|typechange|Grass|[from] ability: Protean\n|-crit|p2a: Clefable\n|-damage|p2a: Clefable|45/100\n|move|p2a: Clefable|Moonblast|p1a: Meowscarada\n|-damage|p1a: Meowscarada|0 fnt\n|faint|p1a: Meowscarada\n|\n|upkeep\n|\n|t:|1776543802\n|switch|p1a: Dragonite|Dragonite, L50, F|100/100\n|turn|14\n|\n|t:|1776543809\n|detailschange|p2a: Clefable|Clefable-Mega, L50, F\n|-mega|p2a: Clefable|Clefable|Clefablite\n|move|p2a: Clefable|Moonblast|p1a: Dragonite\n|-supereffective|p1a: Dragonite|1\n|-damage|p1a: Dragonite|0 fnt\n|faint|p1a: Dragonite\n|\n|win|joguri\n|raw|UtopicTurtle's rating: 1174 &rarr; <strong>1158</strong><br />(-16 for losing)\n|raw|joguri's rating: 1300 &rarr; <strong>1316</strong><br />(+16 for winning)\n|l|\u2606UtopicTurtle\n|player|p1|\n",
  "uploadtime": 1776543815,
  "views": 1,
  "formatid": "gen9championsbssregma",
  "rating": 1158,
  "private": 0,
  "password": null
}