{
  "id": "gen9championsbssregma-2588520005",
  "format": "[Gen 9 Champions] BSS Reg M-A",
  "players": [
    "luckyrakyu",
    "New in the streets"
  ],
  "log": "|j|\u2606luckyrakyu\n|j|\u2606New in the streets\n|t:|1776641096\n|gametype|singles\n|player|p1|luckyrakyu|sabrina|1074\n|player|p2|New in the streets|1|1000\n|gen|9\n|tier|[Gen 9 Champions] BSS Reg M-A\n|rated|\n|rule|Species Clause: Limit one of each Pok\u00e9mon\n|rule|Item Clause: Limit 1 of each item\n|clearpoke\n|poke|p1|Sharpedo, L50, M|\n|poke|p1|Garchomp, L50, F|\n|poke|p1|Chimecho, L50, M|\n|poke|p1|Primarina, L50, F|\n|poke|p1|Hippowdon, L50, M|\n|poke|p1|Dragapult, L50, M|\n|poke|p2|Typhlosion, L50, M|\n|poke|p2|Whimsicott, L50, M|\n|poke|p2|Aerodactyl, L50, M|\n|poke|p2|Delphox, L50, F|\n|poke|p2|Maushold, L50|\n|poke|p2|Tsareena, L50, F|\n|teampreview|3\n|\n|t:|1776641125\n|teamsize|p1|3\n|teamsize|p2|3\n|start\n|switch|p1a: Hippowdon|Hippowdon, L50, M|100/100\n|switch|p2a: Whimsicott|Whimsicott, L50, M|100/100\n|-weather|Sandstorm|[from] ability: Sand Stream|[of] p1a: Hippowdon\n|turn|1\n|\n|t:|1776641136\n|move|p2a: Whimsicott|Tailwind|p2a: Whimsicott\n|-sidestart|p2: New in the streets|move: Tailwind\n|move|p1a: Hippowdon|Yawn|p2a: Whimsicott\n|-start|p2a: Whimsicott|move: Yawn|[of] p1a: Hippowdon\n|\n|-weather|Sandstorm|[upkeep]\n|-damage|p2a: Whimsicott|95/100|[from] Sandstorm\n|upkeep\n|turn|2\n|inactive|Battle timer is ON: inactive players will automatically lose when time's up. (requested by luckyrakyu)\n|\n|t:|1776641158\n|switch|p2a: Aerodactyl|Aerodactyl, L50, M|100/100\n|move|p1a: Hippowdon|Stealth Rock|p2a: Aerodactyl\n|-sidestart|p2: New in the streets|move: Stealth Rock\n|\n|-weather|Sandstorm|[upkeep]\n|upkeep\n|turn|3\n|\n|t:|1776641170\n|detailschange|p2a: Aerodactyl|Aerodactyl-Mega, L50, M\n|-mega|p2a: Aerodactyl|Aerodactyl|Aerodactylite\n|move|p2a: Aerodactyl|Iron Head|p1a: Hippowdon\n|-damage|p1a: Hippowdon|78/100\n|move|p1a: Hippowdon|Yawn|p2a: Aerodactyl\n|-start|p2a: Aerodactyl|move: Yawn|[of] p1a: Hippowdon\n|\n|-weather|Sandstorm|[upkeep]\n|upkeep\n|turn|4\n|\n|t:|1776641181\n|move|p2a: Aerodactyl|Rock Slide|p1a: Hippowdon\n|-resisted|p1a: Hippowdon|1\n|-damage|p1a: Hippowdon|66/100\n|move|p1a: Hippowdon|Yawn||[still]\n|-fail|p1a: Hippowdon\n|\n|-weather|Sandstorm|[upkeep]\n|-end|p2a: Aerodactyl|move: Yawn|[silent]\n|-status|p2a: Aerodactyl|slp\n|-sideend|p2: New in the streets|move: Tailwind\n|upkeep\n|turn|5\n|\n|t:|1776641189\n|switch|p1a: Chimecho|Chimecho, L50, M|100/100\n|cant|p2a: Aerodactyl|slp\n|\n|-weather|none\n|upkeep\n|turn|6\n|\n|t:|1776641196\n|detailschange|p1a: Chimecho|Chimecho-Mega, L50, M\n|-mega|p1a: Chimecho|Chimecho|Chimechite\n|cant|p2a: Aerodactyl|slp\n|move|p1a: Chimecho|Cosmic Power|p1a: Chimecho\n|-boost|p1a: Chimecho|def|1\n|-boost|p1a: Chimecho|spd|1\n|\n|upkeep\n|turn|7\n|\n|t:|1776641203\n|-curestatus|p2a: Aerodactyl|slp|[msg]\n|move|p2a: Aerodactyl|Iron Head|p1a: Chimecho\n|-resisted|p1a: Chimecho|1\n|-crit|p1a: Chimecho\n|-damage|p1a: Chimecho|72/100\n|move|p1a: Chimecho|Cosmic Power|p1a: Chimecho\n|-boost|p1a: Chimecho|def|1\n|-boost|p1a: Chimecho|spd|1\n|\n|upkeep\n|turn|8\n|\n|t:|1776641214\n|move|p2a: Aerodactyl|Fire Fang|p1a: Chimecho\n|-supereffective|p1a: Chimecho|1\n|-damage|p1a: Chimecho|39/100\n|move|p1a: Chimecho|Recover|p1a: Chimecho\n|-heal|p1a: Chimecho|89/100\n|\n|upkeep\n|turn|9\n|\n|t:|1776641220\n|move|p2a: Aerodactyl|Fire Fang|p1a: Chimecho\n|-supereffective|p1a: Chimecho|1\n|-damage|p1a: Chimecho|56/100\n|move|p1a: Chimecho|Cosmic Power|p1a: Chimecho\n|-boost|p1a: Chimecho|def|1\n|-boost|p1a: Chimecho|spd|1\n|\n|upkeep\n|turn|10\n|\n|t:|1776641227\n|move|p2a: Aerodactyl|Fire Fang|p1a: Chimecho\n|-supereffective|p1a: Chimecho|1\n|-damage|p1a: Chimecho|31/100\n|move|p1a: Chimecho|Recover|p1a: Chimecho\n|-heal|p1a: Chimecho|81/100\n|\n|upkeep\n|turn|11\n|\n|t:|1776641234\n|move|p2a: Aerodactyl|Fire Fang|p1a: Chimecho\n|-supereffective|p1a: Chimecho|1\n|-crit|p1a: Chimecho\n|-damage|p1a: Chimecho|0 fnt\n|faint|p1a: Chimecho\n|\n|upkeep\n|-message|luckyrakyu forfeited.\n|\n|win|New in the streets\n|raw|luckyrakyu's rating: 1074 &rarr; <strong>1048</strong><br />(-26 for losing)\n|raw|New in the streets's rating: 1000 &rarr; <strong>1048</strong><br />(+48 for winning)\n|l|\u2606luckyrakyu\n|player|p1|\n",
  "uploadtime": 1776641712,
  "views": 23,
  "formatid": "gen9championsbssregma",
  "rating": 1048,
  "private": 0,
  "password": null
}