{
  "id": "gen9championsbssregma-2583932612",
  "format": "[Gen 9 Champions] BSS Reg M-A",
  "players": [
    "Gshs5",
    "ketchuphi"
  ],
  "log": "|j|\u2606Gshs5\n|j|\u2606ketchuphi\n|t:|1776209480\n|gametype|singles\n|player|p1|Gshs5|102|1221\n|player|p2|ketchuphi|1|1117\n|gen|9\n|tier|[Gen 9 Champions] BSS Reg M-A\n|rated|\n|rule|Species Clause: Limit one of each Pok\u00e9mon\n|rule|Item Clause: Limit 1 of each item\n|clearpoke\n|poke|p1|Absol, L50, M|\n|poke|p1|Diggersby, L50, M|\n|poke|p1|Gyarados, L50, M|\n|poke|p1|Venusaur, L50, F|\n|poke|p1|Archaludon, L50, F|\n|poke|p1|Volcarona, L50, M|\n|poke|p2|Garchomp, L50, F|\n|poke|p2|Primarina, L50, F|\n|poke|p2|Corviknight, L50, M|\n|poke|p2|Meowscarada, L50, F|\n|poke|p2|Froslass, L50, F|\n|poke|p2|Incineroar, L50, M|\n|teampreview|3\n|\n|t:|1776209519\n|teamsize|p1|3\n|teamsize|p2|3\n|start\n|switch|p1a: Absol|Absol, L50, M|100/100\n|switch|p2a: Primarina|Primarina, L50, F|100/100\n|-ability|p1a: Absol|Pressure\n|turn|1\n|inactive|Battle timer is ON: inactive players will automatically lose when time's up. (requested by Gshs5)\n|\n|t:|1776209526\n|switch|p1a: Archaludon|Archaludon, L50, F|100/100\n|move|p2a: Primarina|Calm Mind|p2a: Primarina\n|-boost|p2a: Primarina|spa|1\n|-boost|p2a: Primarina|spd|1\n|\n|upkeep\n|turn|2\n|\n|t:|1776209537\n|move|p1a: Archaludon|Thunderbolt|p2a: Primarina\n|-supereffective|p2a: Primarina|1\n|-damage|p2a: Primarina|70/100\n|move|p2a: Primarina|Moonblast|p1a: Archaludon\n|-damage|p1a: Archaludon|0 fnt\n|faint|p1a: Archaludon\n|\n|-heal|p2a: Primarina|75/100|[from] item: Leftovers\n|upkeep\n|\n|t:|1776209543\n|switch|p1a: Volcarona|Volcarona, L50, M|100/100\n|turn|3\n|\n|t:|1776209547\n|move|p1a: Volcarona|Quiver Dance|p1a: Volcarona\n|-boost|p1a: Volcarona|spa|1\n|-boost|p1a: Volcarona|spd|1\n|-boost|p1a: Volcarona|spe|1\n|move|p2a: Primarina|Sparkling Aria|p1a: Volcarona\n|-supereffective|p1a: Volcarona|1\n|-enditem|p1a: Volcarona|Focus Sash\n|-damage|p1a: Volcarona|1/100\n|\n|-heal|p2a: Primarina|81/100|[from] item: Leftovers\n|upkeep\n|turn|4\n|\n|t:|1776209558\n|move|p1a: Volcarona|Giga Drain|p2a: Primarina\n|-supereffective|p2a: Primarina|1\n|-crit|p2a: Primarina\n|-damage|p2a: Primarina|0 fnt\n|-heal|p1a: Volcarona|40/100|[from] drain|[of] p2a: Primarina\n|faint|p2a: Primarina\n|\n|upkeep\n|\n|t:|1776209569\n|switch|p2a: Corviknight|Corviknight, L50, M|100/100\n|turn|5\n|\n|t:|1776209585\n|move|p1a: Volcarona|Fiery Dance|p2a: Corviknight\n|-supereffective|p2a: Corviknight|1\n|-damage|p2a: Corviknight|0 fnt\n|faint|p2a: Corviknight\n|\n|upkeep\n|\n|t:|1776209587\n|switch|p2a: Garchomp|Garchomp, L50, F|100/100\n|turn|6\n|\n|t:|1776209596\n|move|p2a: Garchomp|Earthquake|p1a: Volcarona\n|-damage|p1a: Volcarona|0 fnt\n|faint|p1a: Volcarona\n|\n|upkeep\n|\n|t:|1776209598\n|switch|p1a: Absol|Absol, L50, M|100/100\n|-ability|p1a: Absol|Pressure\n|turn|7\n|\n|t:|1776209602\n|detailschange|p1a: Absol|Absol-Mega, L50, M\n|-mega|p1a: Absol|Absol|Absolite\n|move|p2a: Garchomp|Earthquake|p1a: Absol\n|-damage|p1a: Absol|3/100\n|move|p1a: Absol|Knock Off|p2a: Garchomp\n|-damage|p2a: Garchomp|42/100\n|-damage|p1a: Absol|0 fnt|[from] ability: Rough Skin|[of] p2a: Garchomp\n|-enditem|p2a: Garchomp|Choice Scarf|[from] move: Knock Off|[of] p1a: Absol\n|faint|p1a: Absol\n|\n|win|ketchuphi\n|raw|Gshs5's rating: 1221 &rarr; <strong>1189</strong><br />(-32 for losing)\n|raw|ketchuphi's rating: 1117 &rarr; <strong>1149</strong><br />(+32 for winning)\n|l|\u2606ketchuphi\n|player|p2|\n",
  "uploadtime": 1776209605,
  "views": 3,
  "formatid": "gen9championsbssregma",
  "rating": 1149,
  "private": 0,
  "password": null
}