{
  "id": "gen9championsbssregma-2583184836",
  "format": "[Gen 9 Champions] BSS Reg M-A",
  "players": [
    "PlatinumPassport",
    "jjoony"
  ],
  "log": "|j|\u2606PlatinumPassport\n|j|\u2606jjoony\n|t:|1776152242\n|gametype|singles\n|player|p1|PlatinumPassport|102|1380\n|player|p2|jjoony|169|1319\n|gen|9\n|tier|[Gen 9 Champions] BSS Reg M-A\n|rated|\n|rule|Species Clause: Limit one of each Pok\u00e9mon\n|rule|Item Clause: Limit 1 of each item\n|clearpoke\n|poke|p1|Hippowdon, L50, F|\n|poke|p1|Dragonite, L50, F|\n|poke|p1|Aegislash, L50, F|\n|poke|p1|Gengar, L50, F|\n|poke|p1|Azumarill, L50, M|\n|poke|p1|Volcarona, L50, M|\n|poke|p2|Incineroar, L50, F|\n|poke|p2|Charizard, L50, M|\n|poke|p2|Hippowdon, L50, F|\n|poke|p2|Primarina, L50, F|\n|poke|p2|Ceruledge, L50, M|\n|poke|p2|Hydreigon, L50, M|\n|teampreview|3\n|inactive|Battle timer is ON: inactive players will automatically lose when time's up. (requested by jjoony)\n|inactive|jjoony has 60 seconds left.\n|l|\u2606PlatinumPassport\n|inactive|PlatinumPassport disconnected and has a minute to reconnect!\n|player|p1|\n|j|\u2606PlatinumPassport\n|inactive|PlatinumPassport reconnected.\n|player|p1|PlatinumPassport|102|\n|\n|t:|1776152296\n|teamsize|p1|3\n|teamsize|p2|3\n|start\n|switch|p1a: Dragonite|Dragonite, L50, F, shiny|100/100\n|switch|p2a: Primarina|Primarina, L50, F|100/100\n|turn|1\n|\n|t:|1776152302\n|detailschange|p1a: Dragonite|Dragonite-Mega, L50, F, shiny\n|-mega|p1a: Dragonite|Dragonite|Dragoninite\n|move|p1a: Dragonite|Thunderbolt|p2a: Primarina\n|-supereffective|p2a: Primarina|1\n|-damage|p2a: Primarina|47/100\n|move|p2a: Primarina|Moonblast|p1a: Dragonite\n|-supereffective|p1a: Dragonite|1\n|-damage|p1a: Dragonite|59/100\n|\n|upkeep\n|turn|2\n|j| jpgrl\n|j| ouziu\n|\n|t:|1776152317\n|move|p1a: Dragonite|Thunderbolt|p2a: Primarina\n|-supereffective|p2a: Primarina|1\n|-damage|p2a: Primarina|0 fnt\n|faint|p2a: Primarina\n|\n|upkeep\n|\n|t:|1776152321\n|switch|p2a: Ceruledge|Ceruledge, L50, M, shiny|100/100\n|turn|3\n|\n|t:|1776152334\n|switch|p1a: Azumarill|Azumarill, L50, M, shiny|100/100\n|move|p2a: Ceruledge|Poltergeist|p1a: Azumarill\n|-activate|p1a: Azumarill|move: Poltergeist|Sitrus Berry\n|-damage|p1a: Azumarill|47/100\n|-enditem|p1a: Azumarill|Sitrus Berry|[eat]\n|-heal|p1a: Azumarill|72/100|[from] item: Sitrus Berry\n|\n|upkeep\n|turn|4\n|\n|t:|1776152343\n|move|p2a: Ceruledge|Poltergeist||[still]\n|-fail|p2a: Ceruledge\n|move|p1a: Azumarill|Liquidation|p2a: Ceruledge\n|-supereffective|p2a: Ceruledge|1\n|-enditem|p2a: Ceruledge|Focus Sash\n|-damage|p2a: Ceruledge|1/100\n|-unboost|p2a: Ceruledge|def|1\n|-ability|p2a: Ceruledge|Weak Armor|boost\n|-unboost|p2a: Ceruledge|def|1\n|-boost|p2a: Ceruledge|spe|2\n|\n|upkeep\n|turn|5\n|\n|t:|1776152351\n|move|p2a: Ceruledge|Shadow Sneak|p1a: Azumarill\n|-damage|p1a: Azumarill|52/100\n|move|p1a: Azumarill|Aqua Jet|p2a: Ceruledge\n|-supereffective|p2a: Ceruledge|1\n|-damage|p2a: Ceruledge|0 fnt\n|faint|p2a: Ceruledge\n|\n|upkeep\n|\n|t:|1776152359\n|switch|p2a: Charizard|Charizard, L50, M|100/100\n|turn|6\n|\n|t:|1776152370\n|detailschange|p2a: Charizard|Charizard-Mega-Y, L50, M\n|-mega|p2a: Charizard|Charizard|Charizardite Y\n|-weather|SunnyDay|[from] ability: Drought|[of] p2a: Charizard\n|move|p1a: Azumarill|Aqua Jet|p2a: Charizard\n|-supereffective|p2a: Charizard|1\n|-damage|p2a: Charizard|64/100\n|move|p2a: Charizard|Solar Beam||[still]\n|-prepare|p2a: Charizard|Solar Beam\n|-anim|p2a: Charizard|Solar Beam|p1a: Azumarill\n|-supereffective|p1a: Azumarill|1\n|-damage|p1a: Azumarill|0 fnt\n|faint|p1a: Azumarill\n|\n|-weather|SunnyDay|[upkeep]\n|upkeep\n|\n|t:|1776152377\n|switch|p1a: Dragonite|Dragonite-Mega, L50, F, shiny|59/100\n|turn|7\n|\n|t:|1776152384\n|move|p1a: Dragonite|Thunderbolt|p2a: Charizard\n|-supereffective|p2a: Charizard|1\n|-damage|p2a: Charizard|0 fnt\n|faint|p2a: Charizard\n|\n|win|PlatinumPassport\n|raw|PlatinumPassport's rating: 1380 &rarr; <strong>1397</strong><br />(+17 for winning)\n|raw|jjoony's rating: 1319 &rarr; <strong>1302</strong><br />(-17 for losing)\n|l|\u2606jjoony\n|player|p2|\n",
  "uploadtime": 1776152395,
  "views": 19,
  "formatid": "gen9championsbssregma",
  "rating": 1302,
  "private": 0,
  "password": null
}