{
  "id": "gen9championsbssregma-2586805217",
  "format": "[Gen 9 Champions] BSS Reg M-A",
  "players": [
    "tfazumarill",
    "DerpySuX"
  ],
  "log": "|j|\u2606tfazumarill\n|j|\u2606DerpySuX\n|inactive|Battle timer is ON: inactive players will automatically lose when time's up.\n|t:|1776461335\n|gametype|singles\n|player|p1|tfazumarill|miku-water|\n|player|p2|DerpySuX|#derpysux|\n|gen|9\n|tier|[Gen 9 Champions] BSS Reg M-A\n|rated|Tournament battle\n|rule|Species Clause: Limit one of each Pok\u00e9mon\n|rule|Item Clause: Limit 1 of each item\n|clearpoke\n|poke|p1|Victreebel, L50, F|\n|poke|p1|Mimikyu, L50, M|\n|poke|p1|Umbreon, L50, F|\n|poke|p1|Delphox, L50, F|\n|poke|p1|Corviknight, L50, F|\n|poke|p1|Basculegion, L50, M|\n|poke|p2|Gengar, L50, F|\n|poke|p2|Garchomp, L50, F|\n|poke|p2|Corviknight, L50, F|\n|poke|p2|Meowscarada, L50, F|\n|poke|p2|Bellibolt, L50, F|\n|poke|p2|Lopunny, L50, F|\n|teampreview|3\n|inactive|DerpySuX also wants the timer to be on.\n|j| Dissasterpiece\n|j| TastieGaming\n|c|\u2606DerpySuX|bwegh\n|c|\u2606tfazumarill|phrog!\n|j| Zangoose360\n|c|\u2606tfazumarill|glhf\n|j| Manu016\n|c|\u2606DerpySuX|hf\n|inactive|tfazumarill has 60 seconds left.\n|inactive|DerpySuX has 60 seconds left.\n|l| Manu016\n|j| Manu016\n|inactive|tfazumarill has 30 seconds left.\n|inactive|tfazumarill has 20 seconds left.\n|\n|t:|1776461405\n|teamsize|p1|3\n|teamsize|p2|3\n|start\n|switch|p1a: Umbreon|Umbreon, L50, F|100/100\n|switch|p2a: CHOMPER|Garchomp, L50, F|100/100\n|turn|1\n|\n|t:|1776461415\n|move|p2a: CHOMPER|Stealth Rock|p1a: Umbreon\n|-sidestart|p1: tfazumarill|move: Stealth Rock\n|move|p1a: Umbreon|Foul Play|p2a: CHOMPER\n|-damage|p2a: CHOMPER|52/100\n|-damage|p1a: Umbreon|88/100|[from] ability: Rough Skin|[of] p2a: CHOMPER\n|\n|-heal|p1a: Umbreon|94/100|[from] item: Leftovers\n|upkeep\n|turn|2\n|\n|t:|1776461422\n|switch|p2a: BELLI BELLI|Bellibolt, L50, F|100/100\n|move|p1a: Umbreon|Yawn|p2a: BELLI BELLI\n|-start|p2a: BELLI BELLI|move: Yawn|[of] p1a: Umbreon\n|\n|-heal|p1a: Umbreon|99/100|[from] item: Leftovers\n|upkeep\n|turn|3\n|\n|t:|1776461427\n|move|p1a: Umbreon|Foul Play|p2a: BELLI BELLI\n|-damage|p2a: BELLI BELLI|81/100\n|-start|p2a: BELLI BELLI|Charge|Foul Play|[from] ability: Electromorphosis\n|move|p2a: BELLI BELLI|Volt Switch|p1a: Umbreon\n|-damage|p1a: Umbreon|64/100\n|-end|p2a: BELLI BELLI|Charge|[silent]\n|\n|t:|1776461429\n|switch|p2a: CHOMPER|Garchomp, L50, F|52/100|[from] Volt Switch\n|\n|-heal|p1a: Umbreon|70/100|[from] item: Leftovers\n|upkeep\n|turn|4\n|\n|t:|1776461441\n|move|p2a: CHOMPER|Earthquake|p1a: Umbreon\n|-damage|p1a: Umbreon|39/100\n|move|p1a: Umbreon|Foul Play|p2a: CHOMPER\n|-damage|p2a: CHOMPER|1/100\n|-damage|p1a: Umbreon|26/100|[from] ability: Rough Skin|[of] p2a: CHOMPER\n|\n|-heal|p1a: Umbreon|32/100|[from] item: Leftovers\n|upkeep\n|turn|5\n|\n|t:|1776461452\n|move|p1a: Umbreon|Protect|p1a: Umbreon\n|-singleturn|p1a: Umbreon|Protect\n|move|p2a: CHOMPER|Outrage|p1a: Umbreon\n|-activate|p1a: Umbreon|move: Protect\n|\n|-heal|p1a: Umbreon|38/100|[from] item: Leftovers\n|upkeep\n|turn|6\n|\n|t:|1776461464\n|switch|p1a: Mimikyu|Mimikyu, L50, M|100/100\n|-damage|p1a: Mimikyu|88/100|[from] Stealth Rock\n|move|p2a: CHOMPER|Earthquake|p1a: Mimikyu\n|-activate|p1a: Mimikyu|ability: Disguise\n|-damage|p1a: Mimikyu|88/100\n|detailschange|p1a: Mimikyu|Mimikyu-Busted, L50, M\n|-damage|p1a: Mimikyu|76/100|[from] pokemon: Mimikyu-Busted\n|\n|upkeep\n|turn|7\n|c|\u2606DerpySuX|stoobid\n|c|\u2606DerpySuX|I knew you\u2019d do that\n|\n|t:|1776461479\n|move|p1a: Mimikyu|Shadow Sneak|p2a: CHOMPER\n|-damage|p2a: CHOMPER|0 fnt\n|-damage|p1a: Mimikyu|63/100|[from] ability: Rough Skin|[of] p2a: CHOMPER\n|faint|p2a: CHOMPER\n|\n|upkeep\n|\n|t:|1776461481\n|switch|p2a: BELLI BELLI|Bellibolt, L50, F|81/100\n|turn|8\n|\n|t:|1776461488\n|move|p1a: Mimikyu|Swords Dance|p1a: Mimikyu\n|-boost|p1a: Mimikyu|atk|2\n|move|p2a: BELLI BELLI|Parabolic Charge|p1a: Mimikyu\n|-damage|p1a: Mimikyu|40/100\n|-heal|p2a: BELLI BELLI|90/100|[from] drain|[of] p1a: Mimikyu\n|\n|upkeep\n|turn|9\n|j| fifier\n|\n|t:|1776461505\n|move|p1a: Mimikyu|Play Rough|p2a: BELLI BELLI|[miss]\n|-miss|p1a: Mimikyu|p2a: BELLI BELLI\n|move|p2a: BELLI BELLI|Parabolic Charge|p1a: Mimikyu\n|-damage|p1a: Mimikyu|14/100\n|-heal|p2a: BELLI BELLI|99/100|[from] drain|[of] p1a: Mimikyu\n|\n|upkeep\n|turn|10\n|\n|t:|1776461515\n|move|p1a: Mimikyu|Play Rough|p2a: BELLI BELLI\n|-damage|p2a: BELLI BELLI|24/100\n|-start|p2a: BELLI BELLI|Charge|Play Rough|[from] ability: Electromorphosis\n|-enditem|p2a: BELLI BELLI|Sitrus Berry|[eat]\n|-heal|p2a: BELLI BELLI|49/100|[from] item: Sitrus Berry\n|move|p2a: BELLI BELLI|Volt Switch|p1a: Mimikyu\n|-damage|p1a: Mimikyu|0 fnt\n|faint|p1a: Mimikyu\n|-end|p2a: BELLI BELLI|Charge|[silent]\n|\n|t:|1776461518\n|switch|p2a: 2SPOOKY|Gengar, L50, F|100/100|[from] Volt Switch\n|\n|upkeep\n|\n|t:|1776461523\n|switch|p1a: Delphox|Delphox, L50, F|100/100\n|-damage|p1a: Delphox|76/100|[from] Stealth Rock\n|turn|11\n|\n|t:|1776461528\n|detailschange|p2a: 2SPOOKY|Gengar-Mega, L50, F\n|-mega|p2a: 2SPOOKY|Gengar|Gengarite\n|detailschange|p1a: Delphox|Delphox-Mega, L50, F\n|-mega|p1a: Delphox|Delphox|Delphoxite\n|move|p2a: 2SPOOKY|Shadow Ball|p1a: Delphox\n|-supereffective|p1a: Delphox|1\n|-damage|p1a: Delphox|0 fnt\n|faint|p1a: Delphox\n|\n|upkeep\n|c|\u2606DerpySuX|why are you modest\n|c|\u2606DerpySuX|smh my head\n|c|\u2606tfazumarill|I'm not, I forgot I changed my sred to be bulky\n|inactive|tfazumarill has 30 seconds left.\n|c|\u2606tfazumarill|spread*\n|c|\u2606DerpySuX|damn\n|c|\u2606tfazumarill|oof gg\n|inactive|tfazumarill has 20 seconds left.\n|c|\u2606DerpySuX|gg\n|\n|t:|1776461564\n|switch|p1a: Umbreon|Umbreon, L50, F|38/100\n|-damage|p1a: Umbreon|26/100|[from] Stealth Rock\n|turn|12\n|\n|t:|1776461567\n|move|p2a: 2SPOOKY|Sludge Wave|p1a: Umbreon\n|-damage|p1a: Umbreon|0 fnt\n|faint|p1a: Umbreon\n|\n|win|DerpySuX\n|n|\u2606tfazumarill|tfazumarill\n|n|\u2606DerpySuX|derpysux\n|n| Dissasterpiece|dissasterpiece\n|n| TastieGaming|tastiegaming\n|n| Zangoose360|zangoose360\n|n| Manu016|manu016\n|n| fifier|fifier\n",
  "uploadtime": 1776461567,
  "views": 9,
  "formatid": "gen9championsbssregma",
  "rating": null,
  "private": 0,
  "password": null
}