{
  "id": "gen9championsbssregma-2587108397",
  "format": "[Gen 9 Champions] BSS Reg M-A",
  "players": [
    "undeserved104",
    "Fulgurotek"
  ],
  "log": "|j|\u2606undeserved104\n|j|\u2606Fulgurotek\n|t:|1776494542\n|gametype|singles\n|player|p1|undeserved104|waitress-gen4|1354\n|player|p2|Fulgurotek|101|1344\n|gen|9\n|tier|[Gen 9 Champions] BSS Reg M-A\n|rated|\n|rule|Species Clause: Limit one of each Pok\u00e9mon\n|rule|Item Clause: Limit 1 of each item\n|clearpoke\n|poke|p1|Lucario, L50, M, shiny|\n|poke|p1|Hippowdon, L50, F, shiny|\n|poke|p1|Meowscarada, L50, F, shiny|\n|poke|p1|Gengar, L50, F, shiny|\n|poke|p1|Mimikyu, L50, F, shiny|\n|poke|p1|Primarina, L50, M, shiny|\n|poke|p2|Gardevoir, L50, M|\n|poke|p2|Primarina, L50, M|\n|poke|p2|Delphox, L50, F|\n|poke|p2|Meowscarada, L50, M|\n|poke|p2|Rotom-Wash, L50|\n|poke|p2|Aegislash, L50, F|\n|teampreview|3\n|j| p74\n|inactive|Battle timer is ON: inactive players will automatically lose when time's up. (requested by Fulgurotek)\n|\n|t:|1776494595\n|teamsize|p1|3\n|teamsize|p2|3\n|start\n|switch|p1a: Meowscarada|Meowscarada, L50, F, shiny|100/100\n|switch|p2a: Primarina|Primarina, L50, M|100/100\n|turn|1\n|\n|t:|1776494611\n|move|p1a: Meowscarada|Flower Trick|p2a: Primarina\n|-start|p1a: Meowscarada|typechange|Grass|[from] ability: Protean\n|-supereffective|p2a: Primarina|1\n|-crit|p2a: Primarina\n|-enditem|p2a: Primarina|Focus Sash\n|-damage|p2a: Primarina|1/100\n|move|p2a: Primarina|Moonblast|p1a: Meowscarada\n|-damage|p1a: Meowscarada|16/100\n|\n|upkeep\n|turn|2\n|\n|t:|1776494633\n|switch|p1a: Hippowdon|Hippowdon, L50, F, shiny|100/100\n|-weather|Sandstorm|[from] ability: Sand Stream|[of] p1a: Hippowdon\n|move|p2a: Primarina|Aqua Jet|p1a: Hippowdon\n|-supereffective|p1a: Hippowdon|1\n|-damage|p1a: Hippowdon|78/100\n|\n|-weather|Sandstorm|[upkeep]\n|-damage|p2a: Primarina|0 fnt|[from] Sandstorm\n|faint|p2a: Primarina\n|upkeep\n|\n|t:|1776494637\n|switch|p2a: Rotom|Rotom-Wash, L50|100/100\n|turn|3\n|\n|t:|1776494652\n|move|p2a: Rotom|Hydro Pump|p1a: Hippowdon\n|-supereffective|p1a: Hippowdon|1\n|-damage|p1a: Hippowdon|10/100\n|-enditem|p1a: Hippowdon|Sitrus Berry|[eat]\n|-heal|p1a: Hippowdon|35/100|[from] item: Sitrus Berry\n|move|p1a: Hippowdon|Yawn|p2a: Rotom\n|-start|p2a: Rotom|move: Yawn|[of] p1a: Hippowdon\n|\n|-weather|Sandstorm|[upkeep]\n|-damage|p2a: Rotom|95/100|[from] Sandstorm\n|upkeep\n|turn|4\n|\n|t:|1776494662\n|switch|p2a: Delphox|Delphox, L50, F|100/100\n|move|p1a: Hippowdon|Yawn|p2a: Delphox\n|-start|p2a: Delphox|move: Yawn|[of] p1a: Hippowdon\n|\n|-weather|Sandstorm|[upkeep]\n|-damage|p2a: Delphox|94/100|[from] Sandstorm\n|upkeep\n|turn|5\n|inactive|Fulgurotek has 30 seconds left.\n|inactive|Fulgurotek has 20 seconds left.\n|inactive|Fulgurotek has 15 seconds left.\n|inactive|Fulgurotek has 10 seconds left.\n|\n|t:|1776494708\n|detailschange|p2a: Delphox|Delphox-Mega, L50, F\n|-mega|p2a: Delphox|Delphox|Delphoxite\n|move|p2a: Delphox|Flamethrower|p1a: Hippowdon\n|-damage|p1a: Hippowdon|0 fnt\n|faint|p1a: Hippowdon\n|\n|-weather|Sandstorm|[upkeep]\n|-damage|p2a: Delphox|88/100|[from] Sandstorm\n|-end|p2a: Delphox|move: Yawn|[silent]\n|-status|p2a: Delphox|slp\n|upkeep\n|\n|t:|1776494721\n|switch|p1a: Meowscarada|Meowscarada, L50, F, shiny|16/100\n|turn|6\n|inactive|undeserved104 has 30 seconds left.\n|\n|t:|1776494748\n|move|p1a: Meowscarada|Knock Off|p2a: Delphox\n|-start|p1a: Meowscarada|typechange|Dark|[from] ability: Protean\n|-supereffective|p2a: Delphox|1\n|-damage|p2a: Delphox|0 fnt\n|faint|p2a: Delphox\n|\n|-weather|none\n|upkeep\n|\n|t:|1776494752\n|switch|p2a: Rotom|Rotom-Wash, L50|95/100\n|turn|7\n|\n|t:|1776494756\n|move|p1a: Meowscarada|Knock Off|p2a: Rotom\n|-damage|p2a: Rotom|57/100\n|-enditem|p2a: Rotom|Sitrus Berry|[from] move: Knock Off|[of] p1a: Meowscarada\n|move|p2a: Rotom|Thunderbolt|p1a: Meowscarada\n|-damage|p1a: Meowscarada|0 fnt\n|faint|p1a: Meowscarada\n|\n|upkeep\n|\n|t:|1776494763\n|switch|p1a: Lucario|Lucario, L50, M, shiny|100/100\n|turn|8\n|\n|t:|1776494771\n|detailschange|p1a: Lucario|Lucario-Mega, L50, M, shiny\n|-mega|p1a: Lucario|Lucario|Lucarionite\n|move|p1a: Lucario|Close Combat|p2a: Rotom\n|-damage|p2a: Rotom|0 fnt\n|-unboost|p1a: Lucario|def|1\n|-unboost|p1a: Lucario|spd|1\n|faint|p2a: Rotom\n|\n|win|undeserved104\n|raw|undeserved104's rating: 1354 &rarr; <strong>1373</strong><br />(+19 for winning)\n|raw|Fulgurotek's rating: 1344 &rarr; <strong>1325</strong><br />(-19 for losing)\n|l|\u2606Fulgurotek\n|player|p2|\n",
  "uploadtime": 1776494777,
  "views": 4,
  "formatid": "gen9championsbssregma",
  "rating": 1325,
  "private": 0,
  "password": null
}