{
  "id": "gen9championsbssregma-2584830482",
  "format": "[Gen 9 Champions] BSS Reg M-A",
  "players": [
    "Ineedaonetype",
    "carpetmuncher45"
  ],
  "log": "|j|\u2606Ineedaonetype\n|j|\u2606carpetmuncher45\n|t:|1776286956\n|gametype|singles\n|player|p1|Ineedaonetype|101|1347\n|player|p2|carpetmuncher45|battlegirl-gen4|1266\n|gen|9\n|tier|[Gen 9 Champions] BSS Reg M-A\n|rated|\n|rule|Species Clause: Limit one of each Pok\u00e9mon\n|rule|Item Clause: Limit 1 of each item\n|clearpoke\n|poke|p1|Venusaur, L50, F|\n|poke|p1|Hydreigon, L50, F|\n|poke|p1|Corviknight, L50, F|\n|poke|p1|Meowscarada, L50, F|\n|poke|p1|Snorlax, L50, F|\n|poke|p1|Delphox, L50, F|\n|poke|p2|Garchomp, L50, F|\n|poke|p2|Basculegion, L50, M|\n|poke|p2|Kingambit, L50, M|\n|poke|p2|Meganium, L50, M|\n|poke|p2|Blastoise, L50, M|\n|poke|p2|Archaludon, L50, M|\n|teampreview|3\n|j| p74\n|inactive|Battle timer is ON: inactive players will automatically lose when time's up. (requested by carpetmuncher45)\n|\n|t:|1776286986\n|teamsize|p1|3\n|teamsize|p2|3\n|start\n|switch|p1a: CIRCUS CONTRAPTION|Meowscarada, L50, F|100/100\n|switch|p2a: Garchomp|Garchomp, L50, F|100/100\n|turn|1\n|\n|t:|1776286992\n|move|p1a: CIRCUS CONTRAPTION|Triple Axel|p2a: Garchomp\n|-start|p1a: CIRCUS CONTRAPTION|typechange|Ice|[from] ability: Protean\n|-supereffective|p2a: Garchomp|2\n|-damage|p2a: Garchomp|61/100\n|-damage|p1a: CIRCUS CONTRAPTION|88/100|[from] ability: Rough Skin|[of] p2a: Garchomp\n|-supereffective|p2a: Garchomp|2\n|-damage|p2a: Garchomp|0 fnt\n|-damage|p1a: CIRCUS CONTRAPTION|76/100|[from] ability: Rough Skin|[of] p2a: Garchomp\n|faint|p2a: Garchomp\n|-hitcount|p2: Garchomp|2\n|\n|upkeep\n|\n|t:|1776286996\n|switch|p2a: Archaludon|Archaludon, L50, M|100/100\n|turn|2\n|\n|t:|1776287008\n|move|p1a: CIRCUS CONTRAPTION|Knock Off|p2a: Archaludon\n|-damage|p2a: Archaludon|82/100\n|-ability|p2a: Archaludon|Stamina|boost\n|-boost|p2a: Archaludon|def|1\n|-enditem|p2a: Archaludon|Shuca Berry|[from] move: Knock Off|[of] p1a: CIRCUS CONTRAPTION\n|move|p2a: Archaludon|Stealth Rock|p1a: CIRCUS CONTRAPTION\n|-sidestart|p1: Ineedaonetype|move: Stealth Rock\n|\n|upkeep\n|turn|3\n|\n|t:|1776287032\n|move|p1a: CIRCUS CONTRAPTION|Sucker Punch|p2a: Archaludon\n|-damage|p2a: Archaludon|72/100\n|-ability|p2a: Archaludon|Stamina|boost\n|-boost|p2a: Archaludon|def|1\n|move|p2a: Archaludon|Draco Meteor|p1a: CIRCUS CONTRAPTION\n|-damage|p1a: CIRCUS CONTRAPTION|0 fnt\n|-unboost|p2a: Archaludon|spa|2\n|faint|p1a: CIRCUS CONTRAPTION\n|\n|upkeep\n|\n|t:|1776287045\n|switch|p1a: AMAZON|Venusaur, L50, F|100/100\n|-damage|p1a: AMAZON|88/100|[from] Stealth Rock\n|turn|4\n|\n|t:|1776287049\n|detailschange|p1a: AMAZON|Venusaur-Mega, L50, F\n|-mega|p1a: AMAZON|Venusaur|Venusaurite\n|move|p1a: AMAZON|Earth Power|p2a: Archaludon\n|-supereffective|p2a: Archaludon|1\n|-damage|p2a: Archaludon|3/100\n|-ability|p2a: Archaludon|Stamina|boost\n|-boost|p2a: Archaludon|def|1\n|move|p2a: Archaludon|Iron Head|p1a: AMAZON\n|-damage|p1a: AMAZON|68/100\n|\n|upkeep\n|turn|5\n|\n|t:|1776287057\n|move|p1a: AMAZON|Giga Drain|p2a: Archaludon\n|-resisted|p2a: Archaludon|2\n|-damage|p2a: Archaludon|0 fnt\n|-heal|p1a: AMAZON|69/100|[from] drain|[of] p2a: Archaludon\n|faint|p2a: Archaludon\n|\n|upkeep\n|\n|t:|1776287060\n|switch|p2a: Blastoise|Blastoise, L50, M|100/100\n|turn|6\n|\n|t:|1776287068\n|detailschange|p2a: Blastoise|Blastoise-Mega, L50, M\n|-mega|p2a: Blastoise|Blastoise|Blastoisinite\n|move|p2a: Blastoise|Dark Pulse|p1a: AMAZON\n|-damage|p1a: AMAZON|41/100\n|cant|p1a: AMAZON|flinch\n|\n|upkeep\n|turn|7\n|\n|t:|1776287073\n|move|p2a: Blastoise|Dark Pulse|p1a: AMAZON\n|-damage|p1a: AMAZON|11/100\n|move|p1a: AMAZON|Giga Drain|p2a: Blastoise\n|-supereffective|p2a: Blastoise|1\n|-damage|p2a: Blastoise|30/100\n|-heal|p1a: AMAZON|40/100|[from] drain|[of] p2a: Blastoise\n|\n|upkeep\n|turn|8\n|\n|t:|1776287075\n|move|p2a: Blastoise|Dark Pulse|p1a: AMAZON\n|-damage|p1a: AMAZON|10/100\n|cant|p1a: AMAZON|flinch\n|\n|upkeep\n|turn|9\n|\n|t:|1776287077\n|move|p2a: Blastoise|Dark Pulse|p1a: AMAZON\n|-damage|p1a: AMAZON|0 fnt\n|faint|p1a: AMAZON\n|\n|upkeep\n|\n|t:|1776287078\n|switch|p1a: HYDRA|Hydreigon, L50, F|100/100\n|-damage|p1a: HYDRA|88/100|[from] Stealth Rock\n|turn|10\n|\n|t:|1776287080\n|move|p1a: HYDRA|Dark Pulse|p2a: Blastoise\n|-damage|p2a: Blastoise|0 fnt\n|faint|p2a: Blastoise\n|\n|win|Ineedaonetype\n|raw|Ineedaonetype's rating: 1347 &rarr; <strong>1362</strong><br />(+15 for winning)\n|raw|carpetmuncher45's rating: 1266 &rarr; <strong>1247</strong><br />(-19 for losing)\n|l|\u2606carpetmuncher45\n|player|p2|\n",
  "uploadtime": 1776287093,
  "views": 4,
  "formatid": "gen9championsbssregma",
  "rating": 1247,
  "private": 0,
  "password": null
}