{
  "id": "gen9championsbssregma-2581567674",
  "format": "[Gen 9 Champions] BSS Reg M-A",
  "players": [
    "GF 66",
    "w8tahh"
  ],
  "log": "|j|\u2606GF 66\n|j|\u2606w8tahh\n|t:|1776011589\n|gametype|singles\n|player|p1|GF 66|170|1294\n|player|p2|w8tahh|1|1314\n|gen|9\n|tier|[Gen 9 Champions] BSS Reg M-A\n|rated|\n|rule|Species Clause: Limit one of each Pok\u00e9mon\n|rule|Item Clause: Limit 1 of each item\n|clearpoke\n|poke|p1|Basculegion, L50, M|\n|poke|p1|Sinistcha, L50|\n|poke|p1|Dragonite, L50, F|\n|poke|p1|Toxapex, L50, M|\n|poke|p1|Snorlax, L50, F|\n|poke|p1|Blastoise, L50, F|\n|poke|p2|Scovillain, L50, M|\n|poke|p2|Gengar, L50, M|\n|poke|p2|Glimmora, L50, M|\n|poke|p2|Conkeldurr, L50, M|\n|poke|p2|Dragapult, L50, F|\n|poke|p2|Kingambit, L50, M|\n|teampreview|3\n|inactive|Battle timer is ON: inactive players will automatically lose when time's up. (requested by w8tahh)\n|inactive|GF 66 also wants the timer to be on.\n|\n|t:|1776011609\n|teamsize|p1|3\n|teamsize|p2|3\n|start\n|switch|p1a: Dragonite|Dragonite, L50, F|100/100\n|switch|p2a: Scovillain|Scovillain, L50, M|100/100\n|turn|1\n|\n|t:|1776011620\n|detailschange|p1a: Dragonite|Dragonite-Mega, L50, F\n|-mega|p1a: Dragonite|Dragonite|Dragoninite\n|detailschange|p2a: Scovillain|Scovillain-Mega, L50, M\n|-mega|p2a: Scovillain|Scovillain|Scovillainite\n|move|p1a: Dragonite|Dragon Dance|p1a: Dragonite\n|-boost|p1a: Dragonite|atk|1\n|-boost|p1a: Dragonite|spe|1\n|move|p2a: Scovillain|Flamethrower|p1a: Dragonite\n|-resisted|p1a: Dragonite|1\n|-damage|p1a: Dragonite|94/100\n|\n|upkeep\n|turn|2\n|\n|t:|1776011631\n|move|p1a: Dragonite|Dragon Dance|p1a: Dragonite\n|-boost|p1a: Dragonite|atk|1\n|-boost|p1a: Dragonite|spe|1\n|move|p2a: Scovillain|Flamethrower|p1a: Dragonite\n|-resisted|p1a: Dragonite|1\n|-damage|p1a: Dragonite|82/100\n|\n|upkeep\n|turn|3\n|\n|t:|1776011633\n|move|p1a: Dragonite|Outrage|p2a: Scovillain\n|-damage|p2a: Scovillain|13/100\n|-status|p1a: Dragonite|brn|[from] ability: Spicy Spray|[of] p2a: Scovillain\n|move|p2a: Scovillain|Substitute|p2a: Scovillain\n|-fail|p2a: Scovillain|move: Substitute|[weak]\n|\n|-damage|p1a: Dragonite|76/100 brn|[from] brn\n|upkeep\n|turn|4\n|\n|t:|1776011638\n|move|p2a: Scovillain|Protect|p2a: Scovillain\n|-singleturn|p2a: Scovillain|Protect\n|move|p1a: Dragonite|Outrage|p2a: Scovillain|[from] lockedmove\n|-activate|p2a: Scovillain|move: Protect\n|\n|-damage|p1a: Dragonite|70/100 brn|[from] brn\n|upkeep\n|turn|5\n|\n|t:|1776011641\n|move|p1a: Dragonite|Earthquake|p2a: Scovillain\n|-damage|p2a: Scovillain|0 fnt\n|faint|p2a: Scovillain\n|\n|-damage|p1a: Dragonite|64/100 brn|[from] brn\n|upkeep\n|\n|t:|1776011645\n|switch|p2a: Conkeldurr|Conkeldurr, L50, M|100/100\n|turn|6\n|\n|t:|1776011667\n|move|p1a: Dragonite|Outrage|p2a: Conkeldurr\n|-damage|p2a: Conkeldurr|53/100\n|move|p2a: Conkeldurr|Ice Punch|p1a: Dragonite\n|-supereffective|p1a: Dragonite|2\n|-damage|p1a: Dragonite|0 fnt\n|faint|p1a: Dragonite\n|\n|upkeep\n|\n|t:|1776011676\n|switch|p1a: Basculegion|Basculegion, L50, M|100/100\n|turn|7\n|\n|t:|1776011683\n|move|p1a: Basculegion|Last Respects|p2a: Conkeldurr\n|-damage|p2a: Conkeldurr|0 fnt\n|faint|p2a: Conkeldurr\n|\n|upkeep\n|\n|t:|1776011686\n|switch|p2a: Kingambit|Kingambit, L50, M|100/100\n|turn|8\n|\n|t:|1776011698\n|move|p1a: Basculegion|Last Respects|p2a: Kingambit\n|-resisted|p2a: Kingambit|1\n|-damage|p2a: Kingambit|75/100\n|move|p2a: Kingambit|Swords Dance|p2a: Kingambit\n|-boost|p2a: Kingambit|atk|2\n|\n|upkeep\n|turn|9\n|\n|t:|1776011702\n|move|p1a: Basculegion|Last Respects|p2a: Kingambit\n|-resisted|p2a: Kingambit|1\n|-damage|p2a: Kingambit|49/100\n|move|p2a: Kingambit|Kowtow Cleave|p1a: Basculegion\n|-supereffective|p1a: Basculegion|1\n|-damage|p1a: Basculegion|0 fnt\n|faint|p1a: Basculegion\n|\n|upkeep\n|\n|t:|1776011705\n|switch|p1a: Sinistcha|Sinistcha, L50|100/100\n|turn|10\n|\n|t:|1776011723\n|move|p1a: Sinistcha|Strength Sap|p2a: Kingambit\n|-unboost|p2a: Kingambit|atk|1\n|-ability|p2a: Kingambit|Defiant|boost\n|-boost|p2a: Kingambit|atk|2\n|move|p2a: Kingambit|Kowtow Cleave|p1a: Sinistcha\n|-supereffective|p1a: Sinistcha|1\n|-damage|p1a: Sinistcha|0 fnt\n|faint|p1a: Sinistcha\n|\n|win|w8tahh\n|raw|GF 66's rating: 1294 &rarr; <strong>1270</strong><br />(-24 for losing)\n|raw|w8tahh's rating: 1314 &rarr; <strong>1333</strong><br />(+19 for winning)\n|l|\u2606w8tahh\n|player|p2|\n",
  "uploadtime": 1776011730,
  "views": 18,
  "formatid": "gen9championsbssregma",
  "rating": 1270,
  "private": 0,
  "password": null
}