{
  "id": "gen9championsbssregma-2583118570",
  "format": "[Gen 9 Champions] BSS Reg M-A",
  "players": [
    "BJZJS",
    "perfectnine"
  ],
  "log": "|j|\u2606BJZJS\n|j|\u2606perfectnine\n|t:|1776144193\n|gametype|singles\n|player|p1|BJZJS|2|1366\n|player|p2|perfectnine|170|1338\n|gen|9\n|tier|[Gen 9 Champions] BSS Reg M-A\n|rated|\n|rule|Species Clause: Limit one of each Pok\u00e9mon\n|rule|Item Clause: Limit 1 of each item\n|clearpoke\n|poke|p1|Floette-Eternal, L50, F|\n|poke|p1|Sneasler, L50, F|\n|poke|p1|Gyarados, L50, F|\n|poke|p1|Archaludon, L50, F|\n|poke|p1|Rotom-Heat, L50|\n|poke|p1|Mimikyu, L50, F|\n|poke|p2|Tyranitar, L50, M|\n|poke|p2|Excadrill, L50, F|\n|poke|p2|Archaludon, L50, M|\n|poke|p2|Gyarados, L50, F|\n|poke|p2|Meganium, L50, M|\n|poke|p2|Charizard, L50, M|\n|teampreview|3\n|\n|t:|1776144212\n|teamsize|p1|3\n|teamsize|p2|3\n|start\n|switch|p1a: Sneasler|Sneasler, L50, F|100/100\n|switch|p2a: Excadrill|Excadrill, L50, F|100/100\n|-ability|p2a: Excadrill|Mold Breaker\n|turn|1\n|\n|t:|1776144220\n|switch|p2a: Gyarados|Gyarados, L50, F|100/100\n|-ability|p2a: Gyarados|Intimidate|boost\n|-unboost|p1a: Sneasler|atk|1\n|move|p1a: Sneasler|Fling|p2a: Gyarados\n|-damage|p2a: Gyarados|92/100\n|-status|p2a: Gyarados|par\n|-enditem|p1a: Sneasler|Light Ball|[from] move: Fling\n|\n|upkeep\n|turn|2\n|\n|t:|1776144229\n|move|p1a: Sneasler|Taunt|p2a: Gyarados\n|-start|p2a: Gyarados|move: Taunt\n|cant|p2a: Gyarados|par\n|\n|upkeep\n|turn|3\n|\n|t:|1776144234\n|switch|p1a: Archaludon|Archaludon, L50, F|100/100\n|move|p2a: Gyarados|Aqua Tail|p1a: Archaludon\n|-resisted|p1a: Archaludon|1\n|-damage|p1a: Archaludon|83/100\n|\n|upkeep\n|turn|4\n|inactive|Battle timer is ON: inactive players will automatically lose when time's up. (requested by perfectnine)\n|\n|t:|1776144246\n|switch|p1a: Sneasler|Sneasler, L50, F|100/100\n|switch|p2a: Excadrill|Excadrill, L50, F|100/100\n|-ability|p2a: Excadrill|Mold Breaker\n|\n|upkeep\n|turn|5\n|\n|t:|1776144253\n|switch|p2a: Gyarados|Gyarados, L50, F|92/100 par\n|-ability|p2a: Gyarados|Intimidate|boost\n|-unboost|p1a: Sneasler|atk|1\n|move|p1a: Sneasler|Close Combat|p2a: Gyarados\n|-resisted|p2a: Gyarados|1\n|-damage|p2a: Gyarados|68/100 par\n|-unboost|p1a: Sneasler|def|1\n|-unboost|p1a: Sneasler|spd|1\n|\n|upkeep\n|turn|6\n|\n|t:|1776144263\n|switch|p1a: Archaludon|Archaludon, L50, F|83/100\n|move|p2a: Gyarados|Aqua Tail|p1a: Archaludon\n|-resisted|p1a: Archaludon|1\n|-damage|p1a: Archaludon|64/100\n|\n|upkeep\n|turn|7\n|\n|t:|1776144270\n|switch|p2a: Excadrill|Excadrill, L50, F|100/100\n|-ability|p2a: Excadrill|Mold Breaker\n|move|p1a: Archaludon|Thunderbolt|p2a: Excadrill\n|-immune|p2a: Excadrill\n|\n|upkeep\n|turn|8\n|\n|t:|1776144276\n|move|p2a: Excadrill|Earthquake|p1a: Archaludon\n|-supereffective|p1a: Archaludon|1\n|-damage|p1a: Archaludon|0 fnt\n|faint|p1a: Archaludon\n|\n|upkeep\n|\n|t:|1776144279\n|switch|p1a: Sneasler|Sneasler, L50, F|100/100\n|turn|9\n|\n|t:|1776144283\n|switch|p2a: Gyarados|Gyarados, L50, F|68/100 par\n|-ability|p2a: Gyarados|Intimidate|boost\n|-unboost|p1a: Sneasler|atk|1\n|move|p1a: Sneasler|Close Combat|p2a: Gyarados\n|-resisted|p2a: Gyarados|1\n|-damage|p2a: Gyarados|45/100 par\n|-unboost|p1a: Sneasler|def|1\n|-unboost|p1a: Sneasler|spd|1\n|\n|upkeep\n|turn|10\n|\n|t:|1776144292\n|move|p1a: Sneasler|Dire Claw|p2a: Gyarados\n|-damage|p2a: Gyarados|11/100 par\n|move|p2a: Gyarados|Aqua Tail|p1a: Sneasler|[miss]\n|-miss|p2a: Gyarados|p1a: Sneasler\n|\n|upkeep\n|turn|11\n|\n|t:|1776144298\n|move|p1a: Sneasler|Dire Claw|p2a: Gyarados\n|-damage|p2a: Gyarados|0 fnt\n|faint|p2a: Gyarados\n|\n|upkeep\n|\n|t:|1776144302\n|switch|p2a: Excadrill|Excadrill, L50, F|100/100\n|-ability|p2a: Excadrill|Mold Breaker\n|turn|12\n|\n|t:|1776144306\n|move|p1a: Sneasler|Close Combat|p2a: Excadrill\n|-supereffective|p2a: Excadrill|1\n|-damage|p2a: Excadrill|13/100\n|-unboost|p1a: Sneasler|def|1\n|-unboost|p1a: Sneasler|spd|1\n|move|p2a: Excadrill|Earthquake|p1a: Sneasler\n|-supereffective|p1a: Sneasler|1\n|-damage|p1a: Sneasler|0 fnt\n|faint|p1a: Sneasler\n|\n|upkeep\n|\n|t:|1776144309\n|switch|p1a: Floette|Floette-Eternal, L50, F|100/100\n|turn|13\n|\n|t:|1776144317\n|detailschange|p1a: Floette|Floette-Mega, L50, F\n|-mega|p1a: Floette|Floette|Floettite\n|-ability|p1a: Floette|Fairy Aura\n|move|p1a: Floette|Moonblast|p2a: Excadrill\n|-resisted|p2a: Excadrill|1\n|-damage|p2a: Excadrill|0 fnt\n|faint|p2a: Excadrill\n|\n|upkeep\n|\n|t:|1776144324\n|switch|p2a: Tyranitar|Tyranitar, L50, M|100/100\n|-weather|Sandstorm|[from] ability: Sand Stream|[of] p2a: Tyranitar\n|turn|14\n|\n|t:|1776144330\n|move|p1a: Floette|Moonblast|p2a: Tyranitar\n|-supereffective|p2a: Tyranitar|1\n|-damage|p2a: Tyranitar|19/100\n|-unboost|p2a: Tyranitar|spa|1\n|move|p2a: Tyranitar|Stone Edge|p1a: Floette\n|-damage|p1a: Floette|47/100\n|\n|-weather|Sandstorm|[upkeep]\n|-damage|p1a: Floette|42/100|[from] Sandstorm\n|upkeep\n|turn|15\n|\n|t:|1776144339\n|move|p1a: Floette|Moonblast|p2a: Tyranitar\n|-supereffective|p2a: Tyranitar|1\n|-damage|p2a: Tyranitar|0 fnt\n|faint|p2a: Tyranitar\n|\n|win|BJZJS\n|raw|BJZJS's rating: 1366 &rarr; <strong>1384</strong><br />(+18 for winning)\n|raw|perfectnine's rating: 1338 &rarr; <strong>1320</strong><br />(-18 for losing)\n|l|\u2606BJZJS\n|player|p1|\n|l|\u2606perfectnine\n|player|p2|\n",
  "uploadtime": 1776144368,
  "views": 17,
  "formatid": "gen9championsbssregma",
  "rating": 1320,
  "private": 0,
  "password": null
}