{
  "id": "gen9championsbssregma-2586771624",
  "format": "[Gen 9 Champions] BSS Reg M-A",
  "players": [
    "joguri",
    "burnttoasttt"
  ],
  "log": "|j|\u2606joguri\n|j|\u2606burnttoasttt\n|t:|1776458642\n|gametype|singles\n|player|p1|joguri|dawn|1103\n|player|p2|burnttoasttt|169|1000\n|gen|9\n|tier|[Gen 9 Champions] BSS Reg M-A\n|rated|\n|rule|Species Clause: Limit one of each Pok\u00e9mon\n|rule|Item Clause: Limit 1 of each item\n|clearpoke\n|poke|p1|Clefable, L50, F|\n|poke|p1|Espathra, L50, M|\n|poke|p1|Charizard, L50, M|\n|poke|p1|Hippowdon, L50, M|\n|poke|p1|Rotom-Wash, L50|\n|poke|p1|Garchomp, L50, F|\n|poke|p2|Golurk, L50|\n|poke|p2|Armarouge, L50, M|\n|poke|p2|Avalugg-Hisui, L50, F|\n|poke|p2|Slowking-Galar, L50, F|\n|poke|p2|Hatterene, L50, F|\n|poke|p2|Torkoal, L50, M|\n|teampreview|3\n|\n|t:|1776458690\n|teamsize|p1|3\n|teamsize|p2|3\n|start\n|switch|p1a: Espathra|Espathra, L50, M|100/100\n|switch|p2a: Slowking|Slowking-Galar, L50, F|100/100\n|turn|1\n|\n|t:|1776458698\n|move|p1a: Espathra|Calm Mind|p1a: Espathra\n|-boost|p1a: Espathra|spa|1\n|-boost|p1a: Espathra|spd|1\n|move|p2a: Slowking|Trick Room|p2a: Slowking\n|-fieldstart|move: Trick Room|[of] p2a: Slowking\n|\n|-ability|p1a: Espathra|Speed Boost|boost\n|-boost|p1a: Espathra|spe|1\n|upkeep\n|turn|2\n|\n|t:|1776458715\n|move|p2a: Slowking|Sludge Wave|p1a: Espathra\n|-damage|p1a: Espathra|56/100\n|move|p1a: Espathra|Calm Mind|p1a: Espathra\n|-boost|p1a: Espathra|spa|1\n|-boost|p1a: Espathra|spd|1\n|\n|-heal|p1a: Espathra|62/100|[from] item: Leftovers\n|-ability|p1a: Espathra|Speed Boost|boost\n|-boost|p1a: Espathra|spe|1\n|upkeep\n|turn|3\n|\n|t:|1776458727\n|move|p1a: Espathra|Protect|p1a: Espathra\n|-singleturn|p1a: Espathra|Protect\n|move|p2a: Slowking|Sludge Wave|p1a: Espathra\n|-activate|p1a: Espathra|move: Protect\n|\n|-heal|p1a: Espathra|68/100|[from] item: Leftovers\n|-ability|p1a: Espathra|Speed Boost|boost\n|-boost|p1a: Espathra|spe|1\n|upkeep\n|turn|4\n|\n|t:|1776458748\n|move|p2a: Slowking|Sludge Wave|p1a: Espathra\n|-damage|p1a: Espathra|33/100\n|move|p1a: Espathra|Lumina Crash|p2a: Slowking\n|-damage|p2a: Slowking|46/100\n|-unboost|p2a: Slowking|spd|2\n|\n|-heal|p2a: Slowking|52/100|[from] item: Leftovers\n|-heal|p1a: Espathra|39/100|[from] item: Leftovers\n|-ability|p1a: Espathra|Speed Boost|boost\n|-boost|p1a: Espathra|spe|1\n|upkeep\n|turn|5\n|\n|t:|1776458790\n|move|p1a: Espathra|Protect|p1a: Espathra\n|-singleturn|p1a: Espathra|Protect\n|move|p2a: Slowking|Sludge Wave|p1a: Espathra\n|-activate|p1a: Espathra|move: Protect\n|\n|-heal|p2a: Slowking|58/100|[from] item: Leftovers\n|-heal|p1a: Espathra|45/100|[from] item: Leftovers\n|-fieldend|move: Trick Room\n|-ability|p1a: Espathra|Speed Boost|boost\n|-boost|p1a: Espathra|spe|1\n|upkeep\n|turn|6\n|\n|t:|1776458800\n|switch|p2a: Golurk|Golurk, L50|100/100\n|move|p1a: Espathra|Lumina Crash|p2a: Golurk\n|-damage|p2a: Golurk|41/100\n|-unboost|p2a: Golurk|spd|2\n|\n|-heal|p1a: Espathra|51/100|[from] item: Leftovers\n|-ability|p1a: Espathra|Speed Boost|boost\n|-boost|p1a: Espathra|spe|1\n|upkeep\n|turn|7\n|\n|t:|1776458817\n|detailschange|p2a: Golurk|Golurk-Mega, L50\n|-mega|p2a: Golurk|Golurk|Golurkite\n|move|p1a: Espathra|Lumina Crash|p2a: Golurk\n|-damage|p2a: Golurk|0 fnt\n|faint|p2a: Golurk\n|\n|-heal|p1a: Espathra|57/100|[from] item: Leftovers\n|upkeep\n|l|\u2606burnttoasttt\n|player|p2|\n|inactive|Battle timer is ON: inactive players will automatically lose when time's up. (requested by joguri)\n|inactive|burnttoasttt has 30 seconds to reconnect!\n|inactive|burnttoasttt has 20 seconds to reconnect!\n|inactive|burnttoasttt has 15 seconds to reconnect!\n|inactive|burnttoasttt has 10 seconds to reconnect!\n|inactive|burnttoasttt has 5 seconds to reconnect!\n|-message|burnttoasttt lost due to inactivity.\n|\n|win|joguri\n|raw|joguri's rating: 1103 &rarr; <strong>1121</strong><br />(+18 for winning)\n|raw|burnttoasttt's rating: 1000 &rarr; <strong>1000</strong><br />(+0 for losing)\n",
  "uploadtime": 1776458935,
  "views": 8,
  "formatid": "gen9championsbssregma",
  "rating": 1000,
  "private": 0,
  "password": null
}