{
  "id": "gen9championsbssregma-2588857183",
  "format": "[Gen 9 Champions] BSS Reg M-A",
  "players": [
    "345tkym",
    "Bbbkty"
  ],
  "log": "|j|\u2606345tkym\n|j|\u2606Bbbkty\n|t:|1776679192\n|gametype|singles\n|player|p1|345tkym|266|1164\n|player|p2|Bbbkty|1|1166\n|gen|9\n|tier|[Gen 9 Champions] BSS Reg M-A\n|rated|\n|rule|Species Clause: Limit one of each Pok\u00e9mon\n|rule|Item Clause: Limit 1 of each item\n|clearpoke\n|poke|p1|Scizor, L50, M|\n|poke|p1|Meowscarada, L50, F|\n|poke|p1|Emboar, L50, F|\n|poke|p1|Garchomp, L50, M|\n|poke|p1|Empoleon, L50, M|\n|poke|p1|Hydreigon, L50, F|\n|poke|p2|Clefable, L50, F|\n|poke|p2|Charizard, L50, F|\n|poke|p2|Mimikyu, L50, F|\n|poke|p2|Kingambit, L50, F|\n|poke|p2|Espathra, L50, M|\n|poke|p2|Glimmora, L50, F|\n|teampreview|3\n|inactive|Battle timer is ON: inactive players will automatically lose when time's up. (requested by Bbbkty)\n|l|\u2606345tkym\n|inactive|345tkym disconnected and has a minute to reconnect!\n|player|p1|\n|j|\u2606345tkym\n|inactive|345tkym reconnected and has 75 seconds left.\n|player|p1|345tkym|266|\n|inactive|345tkym has 60 seconds left.\n|\n|t:|1776679231\n|teamsize|p1|3\n|teamsize|p2|3\n|start\n|switch|p1a: Empoleon|Empoleon, L50, M|100/100\n|switch|p2a: Espathra|Espathra, L50, M|100/100\n|turn|1\n|\n|t:|1776679240\n|move|p2a: Espathra|Protect|p2a: Espathra\n|-singleturn|p2a: Espathra|Protect\n|move|p1a: Empoleon|Stealth Rock|p2a: Espathra\n|-sidestart|p2: Bbbkty|move: Stealth Rock\n|\n|-ability|p2a: Espathra|Speed Boost|boost\n|-boost|p2a: Espathra|spe|1\n|upkeep\n|turn|2\n|\n|t:|1776679248\n|move|p2a: Espathra|Calm Mind|p2a: Espathra\n|-boost|p2a: Espathra|spa|1\n|-boost|p2a: Espathra|spd|1\n|move|p1a: Empoleon|Yawn|p2a: Espathra\n|-start|p2a: Espathra|move: Yawn|[of] p1a: Empoleon\n|\n|-ability|p2a: Espathra|Speed Boost|boost\n|-boost|p2a: Espathra|spe|1\n|upkeep\n|turn|3\n|\n|t:|1776679257\n|move|p2a: Espathra|Baton Pass|p2a: Espathra\n|\n|t:|1776679258\n|switch|p2a: Clefable|Clefable, L50, F|100/100|[from] Baton Pass\n|move|p1a: Empoleon|Yawn|p2a: Clefable\n|-start|p2a: Clefable|move: Yawn|[of] p1a: Empoleon\n|\n|upkeep\n|turn|4\n|\n|t:|1776679272\n|detailschange|p2a: Clefable|Clefable-Mega, L50, F\n|-mega|p2a: Clefable|Clefable|Clefablite\n|move|p2a: Clefable|Cosmic Power|p2a: Clefable\n|-boost|p2a: Clefable|def|1\n|-boost|p2a: Clefable|spd|1\n|move|p1a: Empoleon|Flip Turn|p2a: Clefable\n|-damage|p2a: Clefable|92/100\n|\n|t:|1776679284\n|switch|p1a: Emboar|Emboar, L50, F|100/100|[from] Flip Turn\n|\n|-end|p2a: Clefable|move: Yawn|[silent]\n|-status|p2a: Clefable|slp\n|upkeep\n|turn|5\n|\n|t:|1776679289\n|detailschange|p1a: Emboar|Emboar-Mega, L50, F\n|-mega|p1a: Emboar|Emboar|Emboarite\n|-ability|p1a: Emboar|Mold Breaker\n|cant|p2a: Clefable|slp\n|move|p1a: Emboar|Bulk Up|p1a: Emboar\n|-boost|p1a: Emboar|atk|1\n|-boost|p1a: Emboar|def|1\n|\n|upkeep\n|turn|6\n|\n|t:|1776679302\n|cant|p2a: Clefable|slp\n|move|p1a: Emboar|Flare Blitz|p2a: Clefable\n|-damage|p2a: Clefable|45/100 slp\n|-damage|p1a: Emboar|84/100|[from] Recoil\n|\n|upkeep\n|turn|7\n|\n|t:|1776679321\n|-curestatus|p2a: Clefable|slp|[msg]\n|move|p2a: Clefable|Cosmic Power|p2a: Clefable\n|-boost|p2a: Clefable|def|1\n|-boost|p2a: Clefable|spd|1\n|move|p1a: Emboar|Flare Blitz|p2a: Clefable\n|-damage|p2a: Clefable|13/100\n|-damage|p1a: Emboar|72/100|[from] Recoil\n|\n|upkeep\n|turn|8\n|\n|t:|1776679331\n|move|p2a: Clefable|Moonlight|p2a: Clefable\n|-heal|p2a: Clefable|63/100\n|move|p1a: Emboar|Bulk Up|p1a: Emboar\n|-boost|p1a: Emboar|atk|1\n|-boost|p1a: Emboar|def|1\n|\n|upkeep\n|turn|9\n|\n|t:|1776679342\n|move|p2a: Clefable|Stored Power|p1a: Emboar\n|-supereffective|p1a: Emboar|1\n|-damage|p1a: Emboar|0 fnt\n|faint|p1a: Emboar\n|\n|upkeep\n|\n|t:|1776679345\n|switch|p1a: Hydreigon|Hydreigon, L50, F|100/100\n|turn|10\n|\n|t:|1776679347\n|move|p1a: Hydreigon|Flash Cannon|p2a: Clefable\n|-supereffective|p2a: Clefable|1\n|-damage|p2a: Clefable|43/100\n|move|p2a: Clefable|Moonblast|p1a: Hydreigon\n|-supereffective|p1a: Hydreigon|2\n|-crit|p1a: Hydreigon\n|-damage|p1a: Hydreigon|0 fnt\n|faint|p1a: Hydreigon\n|\n|upkeep\n|\n|t:|1776679350\n|switch|p1a: Empoleon|Empoleon, L50, M|100/100\n|turn|11\n|-message|345tkym forfeited.\n|\n|win|Bbbkty\n|raw|345tkym's rating: 1164 &rarr; <strong>1141</strong><br />(-23 for losing)\n|raw|Bbbkty's rating: 1193 &rarr; <strong>1216</strong><br />(+23 for winning)\n|l|\u2606345tkym\n|player|p1|\n",
  "uploadtime": 1776679359,
  "views": 0,
  "formatid": "gen9championsbssregma",
  "rating": 1141,
  "private": 0,
  "password": null
}