{
  "id": "gen9championsbssregma-2588008674",
  "format": "[Gen 9 Champions] BSS Reg M-A",
  "players": [
    "Keyan_Sans",
    "BJZJS"
  ],
  "log": "|j|\u2606Keyan_Sans\n|j|\u2606BJZJS\n|t:|1776592247\n|gametype|singles\n|player|p1|Keyan_Sans|hugh|1329\n|player|p2|BJZJS|266|1309\n|gen|9\n|tier|[Gen 9 Champions] BSS Reg M-A\n|rated|\n|rule|Species Clause: Limit one of each Pok\u00e9mon\n|rule|Item Clause: Limit 1 of each item\n|clearpoke\n|poke|p1|Gyarados, L50, F|\n|poke|p1|Aegislash, L50, F|\n|poke|p1|Garchomp, L50, M|\n|poke|p1|Meowscarada, L50, F|\n|poke|p1|Gengar, L50, F|\n|poke|p1|Primarina, L50, M|\n|poke|p2|Zoroark-Hisui, L50, F|\n|poke|p2|Scizor, L50, M|\n|poke|p2|Primarina, L50, M|\n|poke|p2|Dragonite, L50, F|\n|poke|p2|Hippowdon, L50, F|\n|poke|p2|Rotom-Wash, L50|\n|teampreview|3\n|inactive|Battle timer is ON: inactive players will automatically lose when time's up. (requested by Keyan_Sans)\n|inactive|BJZJS has 60 seconds left.\n|\n|t:|1776592298\n|teamsize|p1|3\n|teamsize|p2|3\n|start\n|switch|p1a: Meowscarada|Meowscarada, L50, F|100/100\n|switch|p2a: Scizor|Scizor, L50, M|100/100\n|turn|1\n|\n|t:|1776592309\n|move|p1a: Meowscarada|U-turn|p2a: Scizor\n|-start|p1a: Meowscarada|typechange|Bug|[from] ability: Protean\n|-resisted|p2a: Scizor|1\n|-damage|p2a: Scizor|70/100\n|replace|p2a: Zoroark|Zoroark-Hisui, L50, F\n|-end|p2a: Zoroark|Illusion\n|\n|t:|1776592316\n|switch|p1a: Primarina|Primarina, L50, M|100/100|[from] U-turn\n|move|p2a: Zoroark|Icy Wind|p1a: Primarina\n|-resisted|p1a: Primarina|1\n|-damage|p1a: Primarina|92/100\n|-unboost|p1a: Primarina|spe|1\n|\n|-heal|p1a: Primarina|98/100|[from] item: Leftovers\n|upkeep\n|turn|2\n|\n|t:|1776592332\n|move|p2a: Zoroark|Taunt|p1a: Primarina\n|-start|p1a: Primarina|move: Taunt\n|cant|p1a: Primarina|move: Taunt|Calm Mind\n|\n|-heal|p1a: Primarina|100/100|[from] item: Leftovers\n|upkeep\n|turn|3\n|\n|t:|1776592342\n|switch|p2a: Rotom|Rotom-Wash, L50|100/100\n|switch|p1a: Meowscarada|Meowscarada, L50, F|100/100\n|\n|upkeep\n|turn|4\n|\n|t:|1776592350\n|move|p1a: Meowscarada|U-turn|p2a: Rotom\n|-start|p1a: Meowscarada|typechange|Bug|[from] ability: Protean\n|-damage|p2a: Rotom|72/100\n|\n|t:|1776592354\n|switch|p1a: Primarina|Primarina, L50, M|100/100|[from] U-turn\n|move|p2a: Rotom|Will-O-Wisp|p1a: Primarina\n|-status|p1a: Primarina|brn\n|\n|-damage|p1a: Primarina|95/100 brn|[from] brn\n|upkeep\n|turn|5\n|\n|t:|1776592362\n|switch|p1a: Meowscarada|Meowscarada, L50, F|100/100\n|move|p2a: Rotom|Thunderbolt|p1a: Meowscarada\n|-resisted|p1a: Meowscarada|1\n|-damage|p1a: Meowscarada|71/100\n|\n|upkeep\n|turn|6\n|\n|t:|1776592365\n|move|p1a: Meowscarada|Flower Trick|p2a: Rotom\n|-start|p1a: Meowscarada|typechange|Grass|[from] ability: Protean\n|-supereffective|p2a: Rotom|1\n|-crit|p2a: Rotom\n|-enditem|p2a: Rotom|Rindo Berry|[eat]\n|-enditem|p2a: Rotom|Rindo Berry|[weaken]\n|-damage|p2a: Rotom|26/100\n|move|p2a: Rotom|Will-O-Wisp|p1a: Meowscarada\n|-status|p1a: Meowscarada|brn\n|\n|-damage|p1a: Meowscarada|65/100 brn|[from] brn\n|upkeep\n|turn|7\n|c|\u2606Keyan_Sans|Bro\n|c|\u2606Keyan_Sans|No use it\n|\n|t:|1776592389\n|move|p1a: Meowscarada|Flower Trick|p2a: Rotom\n|-supereffective|p2a: Rotom|1\n|-crit|p2a: Rotom\n|-damage|p2a: Rotom|0 fnt\n|faint|p2a: Rotom\n|\n|-damage|p1a: Meowscarada|59/100 brn|[from] brn\n|upkeep\n|\n|t:|1776592391\n|switch|p2a: Scizor|Scizor, L50, M|100/100\n|turn|8\n|\n|t:|1776592393\n|switch|p1a: Gyarados|Gyarados, L50, F|100/100\n|-ability|p1a: Gyarados|Intimidate|boost\n|-unboost|p2a: Scizor|atk|1\n|detailschange|p2a: Scizor|Scizor-Mega, L50, M\n|-mega|p2a: Scizor|Scizor|Scizorite\n|move|p2a: Scizor|Swords Dance|p2a: Scizor\n|-boost|p2a: Scizor|atk|2\n|\n|upkeep\n|turn|9\n|\n|t:|1776592399\n|move|p1a: Gyarados|Dragon Dance|p1a: Gyarados\n|-boost|p1a: Gyarados|atk|1\n|-boost|p1a: Gyarados|spe|1\n|move|p2a: Scizor|Swords Dance|p2a: Scizor\n|-boost|p2a: Scizor|atk|2\n|\n|upkeep\n|turn|10\n|\n|t:|1776592408\n|detailschange|p1a: Gyarados|Gyarados-Mega, L50, F\n|-mega|p1a: Gyarados|Gyarados|Gyaradosite\n|-ability|p1a: Gyarados|Mold Breaker\n|move|p1a: Gyarados|Waterfall|p2a: Scizor\n|-damage|p2a: Scizor|46/100\n|cant|p2a: Scizor|flinch\n|\n|upkeep\n|turn|11\n|c|\u2606Keyan_Sans|Gg\n|\n|t:|1776592419\n|move|p2a: Scizor|Bullet Punch|p1a: Gyarados\n|-resisted|p1a: Gyarados|1\n|-damage|p1a: Gyarados|56/100\n|move|p1a: Gyarados|Waterfall|p2a: Scizor\n|-damage|p2a: Scizor|0 fnt\n|faint|p2a: Scizor\n|\n|upkeep\n|\n|t:|1776592422\n|switch|p2a: Zoroark|Zoroark-Hisui, L50, F|70/100\n|turn|12\n|\n|t:|1776592426\n|move|p1a: Gyarados|Earthquake|p2a: Zoroark\n|-damage|p2a: Zoroark|0 fnt\n|faint|p2a: Zoroark\n|\n|win|Keyan_Sans\n|raw|Keyan_Sans's rating: 1329 &rarr; <strong>1348</strong><br />(+19 for winning)\n|raw|BJZJS's rating: 1309 &rarr; <strong>1290</strong><br />(-19 for losing)\n",
  "uploadtime": 1776592429,
  "views": 15,
  "formatid": "gen9championsbssregma",
  "rating": 1290,
  "private": 0,
  "password": null
}