{
  "id": "gen9championsbssregma-2589108257",
  "format": "[Gen 9 Champions] BSS Reg M-A",
  "players": [
    "joguri",
    "Relink007"
  ],
  "log": "|j|\u2606joguri\n|j|\u2606Relink007\n|t:|1776700152\n|gametype|singles\n|player|p1|joguri|dawn|1076\n|player|p2|Relink007|skier|1135\n|gen|9\n|tier|[Gen 9 Champions] BSS Reg M-A\n|rated|\n|rule|Species Clause: Limit one of each Pok\u00e9mon\n|rule|Item Clause: Limit 1 of each item\n|clearpoke\n|poke|p1|Lopunny, L50, M|\n|poke|p1|Garchomp, L50, M|\n|poke|p1|Glimmora, L50, M|\n|poke|p1|Primarina, L50, M|\n|poke|p1|Corviknight, L50, M|\n|poke|p1|Clefable, L50, F|\n|poke|p2|Azumarill, L50, M|\n|poke|p2|Garchomp, L50, F|\n|poke|p2|Sneasler, L50, M|\n|poke|p2|Ceruledge, L50, F|\n|poke|p2|Froslass, L50, F|\n|poke|p2|Orthworm, L50, M, shiny|\n|teampreview|3\n|inactive|Battle timer is ON: inactive players will automatically lose when time's up. (requested by joguri)\n|\n|t:|1776700184\n|teamsize|p1|3\n|teamsize|p2|3\n|start\n|switch|p1a: Lopunny|Lopunny, L50, M|100/100\n|switch|p2a: Orthworm|Orthworm, L50, M, shiny|100/100\n|turn|1\n|\n|t:|1776700196\n|move|p2a: Orthworm|Protect|p2a: Orthworm\n|-singleturn|p2a: Orthworm|Protect\n|move|p1a: Lopunny|Cotton Guard|p1a: Lopunny\n|-boost|p1a: Lopunny|def|3\n|\n|upkeep\n|turn|2\n|\n|t:|1776700205\n|move|p1a: Lopunny|Encore|p2a: Orthworm\n|-start|p2a: Orthworm|Encore\n|move|p2a: Orthworm|Protect||[still]\n|-fail|p2a: Orthworm\n|\n|upkeep\n|turn|3\n|\n|t:|1776700215\n|switch|p2a: Froslass|Froslass, L50, F|100/100\n|move|p1a: Lopunny|Cotton Guard|p1a: Lopunny\n|-boost|p1a: Lopunny|def|3\n|\n|upkeep\n|turn|4\n|\n|t:|1776700224\n|detailschange|p2a: Froslass|Froslass-Mega, L50, F\n|-mega|p2a: Froslass|Froslass|Froslassite\n|-weather|Snowscape|[from] ability: Snow Warning|[of] p2a: Froslass\n|move|p1a: Lopunny|Baton Pass|p1a: Lopunny\n|\n|t:|1776700227\n|switch|p1a: Clefable|Clefable, L50, F|100/100|[from] Baton Pass\n|move|p2a: Froslass|Nasty Plot|p2a: Froslass\n|-boost|p2a: Froslass|spa|2\n|\n|-weather|Snowscape|[upkeep]\n|upkeep\n|turn|5\n|\n|t:|1776700240\n|move|p2a: Froslass|Nasty Plot|p2a: Froslass\n|-boost|p2a: Froslass|spa|2\n|move|p1a: Clefable|Calm Mind|p1a: Clefable\n|-boost|p1a: Clefable|spa|1\n|-boost|p1a: Clefable|spd|1\n|\n|-weather|Snowscape|[upkeep]\n|upkeep\n|turn|6\n|\n|t:|1776700253\n|move|p2a: Froslass|Blizzard|p1a: Clefable\n|-damage|p1a: Clefable|71/100\n|move|p1a: Clefable|Calm Mind|p1a: Clefable\n|-boost|p1a: Clefable|spa|1\n|-boost|p1a: Clefable|spd|1\n|\n|-weather|Snowscape|[upkeep]\n|upkeep\n|turn|7\n|\n|t:|1776700262\n|move|p2a: Froslass|Blizzard|p1a: Clefable\n|-damage|p1a: Clefable|50/100\n|move|p1a: Clefable|Calm Mind|p1a: Clefable\n|-boost|p1a: Clefable|spa|1\n|-boost|p1a: Clefable|spd|1\n|\n|-weather|Snowscape|[upkeep]\n|upkeep\n|turn|8\n|\n|t:|1776700270\n|move|p2a: Froslass|Blizzard|p1a: Clefable\n|-damage|p1a: Clefable|31/100\n|move|p1a: Clefable|Calm Mind|p1a: Clefable\n|-boost|p1a: Clefable|spa|1\n|-boost|p1a: Clefable|spd|1\n|\n|-weather|none\n|upkeep\n|turn|9\n|\n|t:|1776700279\n|move|p2a: Froslass|Blizzard|p1a: Clefable|[miss]\n|-miss|p2a: Froslass|p1a: Clefable\n|move|p1a: Clefable|Moonlight|p1a: Clefable\n|-heal|p1a: Clefable|81/100\n|\n|upkeep\n|turn|10\n|\n|t:|1776700287\n|move|p2a: Froslass|Shadow Ball|p1a: Clefable\n|-damage|p1a: Clefable|71/100\n|move|p1a: Clefable|Stored Power|p2a: Froslass\n|-damage|p2a: Froslass|0 fnt\n|faint|p2a: Froslass\n|\n|upkeep\n|\n|t:|1776700298\n|switch|p2a: Orthworm|Orthworm, L50, M, shiny|100/100\n|turn|11\n|\n|t:|1776700308\n|move|p2a: Orthworm|Heavy Slam|p1a: Clefable\n|-supereffective|p1a: Clefable|1\n|-damage|p1a: Clefable|49/100\n|move|p1a: Clefable|Stored Power|p2a: Orthworm\n|-resisted|p2a: Orthworm|1\n|-damage|p2a: Orthworm|0 fnt\n|faint|p2a: Orthworm\n|\n|upkeep\n|\n|t:|1776700320\n|switch|p2a: Azumarill|Azumarill, L50, M|100/100\n|turn|12\n|\n|t:|1776700327\n|move|p1a: Clefable|Moonlight|p1a: Clefable\n|-heal|p1a: Clefable|99/100\n|move|p2a: Azumarill|Belly Drum|p2a: Azumarill\n|-damage|p2a: Azumarill|51/100\n|-setboost|p2a: Azumarill|atk|6|[from] move: Belly Drum\n|\n|upkeep\n|turn|13\n|\n|t:|1776700338\n|move|p2a: Azumarill|Aqua Jet|p1a: Clefable\n|-damage|p1a: Clefable|92/100\n|-heal|p2a: Azumarill|51/100|[from] item: Shell Bell|[of] p1a: Clefable\n|move|p1a: Clefable|Calm Mind|p1a: Clefable\n|-boost|p1a: Clefable|spa|1\n|-boost|p1a: Clefable|spd|1\n|\n|upkeep\n|turn|14\n|\n|t:|1776700346\n|move|p1a: Clefable|Stored Power|p2a: Azumarill\n|-damage|p2a: Azumarill|0 fnt\n|faint|p2a: Azumarill\n|\n|win|joguri\n|raw|joguri's rating: 1076 &rarr; <strong>1109</strong><br />(+33 for winning)\n|raw|Relink007's rating: 1135 &rarr; <strong>1106</strong><br />(-29 for losing)\n|l|\u2606Relink007\n|player|p2|\n",
  "uploadtime": 1776700350,
  "views": 3,
  "formatid": "gen9championsbssregma",
  "rating": 1106,
  "private": 0,
  "password": null
}