{
  "id": "gen9championsbssregma-2583870520",
  "format": "[Gen 9 Champions] BSS Reg M-A",
  "players": [
    "isaacmora22",
    "miojinhoo"
  ],
  "log": "|j|\u2606isaacmora22\n|j|\u2606miojinhoo\n|t:|1776204196\n|gametype|singles\n|player|p1|isaacmora22|hilbert|1055\n|player|p2|miojinhoo|sabrina|1109\n|gen|9\n|tier|[Gen 9 Champions] BSS Reg M-A\n|rated|\n|rule|Species Clause: Limit one of each Pok\u00e9mon\n|rule|Item Clause: Limit 1 of each item\n|clearpoke\n|poke|p1|Flareon, L50, M|\n|poke|p1|Dragonite, L50, M|\n|poke|p1|Luxray, L50, M|\n|poke|p1|Clawitzer, L50, M|\n|poke|p1|Sableye, L50, M|\n|poke|p2|Floette-Eternal, L50, F|\n|poke|p2|Garchomp, L50, F|\n|poke|p2|Sneasler, L50, M|\n|poke|p2|Rotom-Wash, L50|\n|poke|p2|Aerodactyl, L50, M|\n|poke|p2|Incineroar, L50, M|\n|teampreview|3\n|inactive|Battle timer is ON: inactive players will automatically lose when time's up. (requested by isaacmora22)\n|inactive|miojinhoo has 60 seconds left.\n|inactive|miojinhoo has 30 seconds left.\n|inactive|miojinhoo has 20 seconds left.\n|\n|t:|1776204322\n|teamsize|p1|3\n|teamsize|p2|3\n|start\n|switch|p1a: Erwin|Clawitzer, L50, M|100/100\n|switch|p2a: Rotom|Rotom-Wash, L50|100/100\n|turn|1\n|\n|t:|1776204345\n|move|p1a: Erwin|Aqua Jet|p2a: Rotom\n|-resisted|p2a: Rotom|1\n|-damage|p2a: Rotom|95/100\n|move|p2a: Rotom|Volt Switch|p1a: Erwin\n|-supereffective|p1a: Erwin|1\n|-damage|p1a: Erwin|45/100\n|\n|t:|1776204369\n|switch|p2a: Garchomp|Garchomp, L50, F|100/100|[from] Volt Switch\n|\n|upkeep\n|turn|2\n|\n|t:|1776204380\n|move|p1a: Erwin|Aqua Jet|p2a: Garchomp\n|-damage|p2a: Garchomp|90/100\n|-damage|p1a: Erwin|33/100|[from] ability: Rough Skin|[of] p2a: Garchomp\n|move|p2a: Garchomp|Dragon Claw|p1a: Erwin\n|-damage|p1a: Erwin|0 fnt\n|faint|p1a: Erwin\n|\n|upkeep\n|\n|t:|1776204395\n|switch|p1a: Migo|Dragonite, L50, M|100/100\n|turn|3\n|\n|t:|1776204405\n|detailschange|p1a: Migo|Dragonite-Mega, L50, M\n|-mega|p1a: Migo|Dragonite|Dragoninite\n|move|p2a: Garchomp|Dragon Claw|p1a: Migo\n|-supereffective|p1a: Migo|1\n|-damage|p1a: Migo|62/100\n|move|p1a: Migo|Ice Beam|p2a: Garchomp\n|-supereffective|p2a: Garchomp|2\n|-damage|p2a: Garchomp|0 fnt\n|faint|p2a: Garchomp\n|\n|upkeep\n|\n|t:|1776204417\n|switch|p2a: Rotom|Rotom-Wash, L50|95/100\n|turn|4\n|\n|t:|1776204433\n|move|p2a: Rotom|Electroweb|p1a: Migo\n|-damage|p1a: Migo|44/100\n|-unboost|p1a: Migo|spe|1\n|move|p1a: Migo|Air Slash|p2a: Rotom\n|-resisted|p2a: Rotom|1\n|-damage|p2a: Rotom|75/100\n|\n|upkeep\n|turn|5\n|\n|t:|1776204444\n|move|p2a: Rotom|Electroweb|p1a: Migo\n|-damage|p1a: Migo|27/100\n|-unboost|p1a: Migo|spe|1\n|move|p1a: Migo|Draco Meteor|p2a: Rotom\n|-damage|p2a: Rotom|4/100\n|-unboost|p1a: Migo|spa|2\n|\n|upkeep\n|turn|6\n|\n|t:|1776204453\n|move|p2a: Rotom|Electroweb|p1a: Migo|[miss]\n|-miss|p2a: Rotom|p1a: Migo\n|move|p1a: Migo|Air Slash|p2a: Rotom\n|-resisted|p2a: Rotom|1\n|-damage|p2a: Rotom|0 fnt\n|faint|p2a: Rotom\n|\n|upkeep\n|\n|t:|1776204456\n|switch|p2a: Sneasler|Sneasler, L50, M|100/100\n|turn|7\n|\n|t:|1776204463\n|move|p2a: Sneasler|Fake Out|p1a: Migo\n|-damage|p1a: Migo|16/100\n|cant|p1a: Migo|flinch\n|\n|upkeep\n|turn|8\n|\n|t:|1776204469\n|move|p2a: Sneasler|Dire Claw|p1a: Migo\n|-damage|p1a: Migo|0 fnt\n|faint|p1a: Migo\n|\n|upkeep\n|\n|t:|1776204474\n|switch|p1a: Rex|Luxray, L50, M|100/100\n|-ability|p1a: Rex|Intimidate|boost\n|-unboost|p2a: Sneasler|atk|1\n|-enditem|p2a: Sneasler|White Herb\n|-clearnegativeboost|p2a: Sneasler|[silent]\n|turn|9\n|\n|t:|1776204482\n|move|p2a: Sneasler|Close Combat|p1a: Rex\n|-damage|p1a: Rex|28/100\n|-unboost|p2a: Sneasler|def|1\n|-unboost|p2a: Sneasler|spd|1\n|-enditem|p1a: Rex|Sitrus Berry|[eat]\n|-heal|p1a: Rex|53/100|[from] item: Sitrus Berry\n|move|p1a: Rex|Supercell Slam|p2a: Sneasler\n|-damage|p2a: Sneasler|0 fnt\n|faint|p2a: Sneasler\n|\n|win|isaacmora22\n|raw|isaacmora22's rating: 1055 &rarr; <strong>1092</strong><br />(+37 for winning)\n|raw|miojinhoo's rating: 1109 &rarr; <strong>1080</strong><br />(-29 for losing)\n",
  "uploadtime": 1776204496,
  "views": 7,
  "formatid": "gen9championsbssregma",
  "rating": 1080,
  "private": 0,
  "password": null
}