{
  "id": "gen9championsbssregma-2588034829",
  "format": "[Gen 9 Champions] BSS Reg M-A",
  "players": [
    "senlim",
    "sunshne"
  ],
  "log": "|j|\u2606senlim\n|j|\u2606sunshne\n|t:|1776595986\n|gametype|singles\n|player|p1|senlim|lucas|1000\n|player|p2|sunshne|2|1087\n|gen|9\n|tier|[Gen 9 Champions] BSS Reg M-A\n|rated|\n|rule|Species Clause: Limit one of each Pok\u00e9mon\n|rule|Item Clause: Limit 1 of each item\n|clearpoke\n|poke|p1|Victreebel, L50, F|\n|poke|p1|Primarina, L50, M|\n|poke|p1|Garchomp, L50, M|\n|poke|p1|Aegislash, L50, M|\n|poke|p1|Clefable, L50, M|\n|poke|p1|Glimmora, L50, M|\n|poke|p2|Froslass, L50, F, shiny|\n|poke|p2|Archaludon, L50, F|\n|poke|p2|Quaquaval, L50, M|\n|poke|p2|Garchomp, L50, F|\n|poke|p2|Kingambit, L50, F|\n|poke|p2|Charizard, L50, M|\n|teampreview|3\n|\n|t:|1776596031\n|teamsize|p1|3\n|teamsize|p2|3\n|start\n|switch|p1a: rubs my big belly|Victreebel, L50, F|100/100\n|switch|p2a: Archaludon|Archaludon, L50, F|100/100\n|turn|1\n|\n|t:|1776596050\n|detailschange|p1a: rubs my big belly|Victreebel-Mega, L50, F\n|-mega|p1a: rubs my big belly|Victreebel|Victreebelite\n|move|p2a: Archaludon|Stealth Rock|p1a: rubs my big belly\n|-sidestart|p1: senlim|move: Stealth Rock\n|move|p1a: rubs my big belly|Swords Dance|p1a: rubs my big belly\n|-boost|p1a: rubs my big belly|atk|2\n|\n|upkeep\n|turn|2\n|\n|t:|1776596060\n|move|p1a: rubs my big belly|Strength Sap|p2a: Archaludon\n|-unboost|p2a: Archaludon|atk|1\n|move|p2a: Archaludon|Dragon Tail|p1a: rubs my big belly\n|-damage|p1a: rubs my big belly|86/100\n|drag|p1a: Primarina|Primarina, L50, M|100/100\n|-damage|p1a: Primarina|88/100|[from] Stealth Rock\n|\n|-heal|p1a: Primarina|94/100|[from] item: Leftovers\n|upkeep\n|turn|3\n|\n|t:|1776596079\n|move|p2a: Archaludon|Thunder Wave|p1a: Primarina\n|-status|p1a: Primarina|par\n|move|p1a: Primarina|Moonblast|p2a: Archaludon\n|-damage|p2a: Archaludon|54/100\n|-ability|p2a: Archaludon|Stamina|boost\n|-boost|p2a: Archaludon|def|1\n|\n|-heal|p1a: Primarina|99/100 par|[from] item: Leftovers\n|upkeep\n|turn|4\n|\n|t:|1776596089\n|move|p2a: Archaludon|Flash Cannon|p1a: Primarina\n|-damage|p1a: Primarina|69/100 par\n|move|p1a: Primarina|Moonblast|p2a: Archaludon\n|-damage|p2a: Archaludon|12/100\n|-ability|p2a: Archaludon|Stamina|boost\n|-boost|p2a: Archaludon|def|1\n|-enditem|p2a: Archaludon|Sitrus Berry|[eat]\n|-heal|p2a: Archaludon|37/100|[from] item: Sitrus Berry\n|\n|-heal|p1a: Primarina|75/100 par|[from] item: Leftovers\n|upkeep\n|turn|5\n|\n|t:|1776596099\n|move|p2a: Archaludon|Flash Cannon|p1a: Primarina\n|-damage|p1a: Primarina|46/100 par\n|move|p1a: Primarina|Moonblast|p2a: Archaludon\n|-damage|p2a: Archaludon|0 fnt\n|faint|p2a: Archaludon\n|\n|-heal|p1a: Primarina|52/100 par|[from] item: Leftovers\n|upkeep\n|\n|t:|1776596116\n|switch|p2a: Froslass|Froslass, L50, F, shiny|100/100\n|turn|6\n|\n|t:|1776596127\n|detailschange|p2a: Froslass|Froslass-Mega, L50, F, shiny\n|-mega|p2a: Froslass|Froslass|Froslassite\n|-weather|Snowscape|[from] ability: Snow Warning|[of] p2a: Froslass\n|move|p2a: Froslass|Shadow Ball|p1a: Primarina\n|-crit|p1a: Primarina\n|-damage|p1a: Primarina|0 fnt\n|faint|p1a: Primarina\n|\n|-weather|Snowscape|[upkeep]\n|upkeep\n|\n|t:|1776596135\n|switch|p1a: rubs my big belly|Victreebel-Mega, L50, F|86/100\n|-damage|p1a: rubs my big belly|74/100|[from] Stealth Rock\n|turn|7\n|\n|t:|1776596147\n|move|p1a: rubs my big belly|Sucker Punch|p2a: Froslass\n|-supereffective|p2a: Froslass|1\n|-damage|p2a: Froslass|52/100\n|move|p2a: Froslass|Blizzard|p1a: rubs my big belly\n|-supereffective|p1a: rubs my big belly|1\n|-damage|p1a: rubs my big belly|0 fnt\n|-damage|p2a: Froslass|0 fnt|[from] ability: Innards Out|[of] p1a: rubs my big belly\n|faint|p1a: rubs my big belly\n|faint|p2a: Froslass\n|\n|-weather|Snowscape|[upkeep]\n|upkeep\n|\n|t:|1776596156\n|switch|p2a: Garchomp|Garchomp, L50, F|100/100\n|switch|p1a: Garchomp|Garchomp, L50, M|100/100\n|-damage|p1a: Garchomp|94/100|[from] Stealth Rock\n|turn|8\n|\n|t:|1776596163\n|move|p2a: Garchomp|Outrage|p1a: Garchomp\n|-supereffective|p1a: Garchomp|1\n|-damage|p1a: Garchomp|4/100\n|-damage|p2a: Garchomp|88/100|[from] ability: Rough Skin|[of] p1a: Garchomp\n|-enditem|p1a: Garchomp|Sitrus Berry|[eat]\n|-heal|p1a: Garchomp|29/100|[from] item: Sitrus Berry\n|move|p1a: Garchomp|Earthquake|p2a: Garchomp\n|-damage|p2a: Garchomp|49/100\n|\n|-weather|Snowscape|[upkeep]\n|upkeep\n|turn|9\n|c|\u2606senlim|gg\n|\n|t:|1776596175\n|move|p2a: Garchomp|Outrage|p1a: Garchomp|[from] lockedmove\n|-supereffective|p1a: Garchomp|1\n|-damage|p1a: Garchomp|0 fnt\n|-damage|p2a: Garchomp|37/100|[from] ability: Rough Skin|[of] p1a: Garchomp\n|faint|p1a: Garchomp\n|\n|win|sunshne\n|raw|senlim's rating: 1000 &rarr; <strong>1000</strong><br />(+0 for losing)\n|raw|sunshne's rating: 1087 &rarr; <strong>1107</strong><br />(+20 for winning)\n|l|\u2606senlim\n|player|p1|\n",
  "uploadtime": 1776596247,
  "views": 2,
  "formatid": "gen9championsbssregma",
  "rating": 1000,
  "private": 0,
  "password": null
}