{
  "id": "gen9championsbssregma-2588074191",
  "format": "[Gen 9 Champions] BSS Reg M-A",
  "players": [
    "kws1311212",
    "nrgkrg"
  ],
  "log": "|j|\u2606kws1311212\n|j|\u2606nrgkrg\n|t:|1776601225\n|gametype|singles\n|player|p1|kws1311212|265|1370\n|player|p2|nrgkrg|2|1355\n|gen|9\n|tier|[Gen 9 Champions] BSS Reg M-A\n|rated|\n|rule|Species Clause: Limit one of each Pok\u00e9mon\n|rule|Item Clause: Limit 1 of each item\n|clearpoke\n|poke|p1|Primarina, L50, F|\n|poke|p1|Rotom-Heat, L50|\n|poke|p1|Aegislash, L50, M, shiny|\n|poke|p1|Gyarados, L50, M, shiny|\n|poke|p1|Mamoswine, L50, M|\n|poke|p1|Gengar, L50, M, shiny|\n|poke|p2|Dragonite, L50, M|\n|poke|p2|Lopunny, L50, M|\n|poke|p2|Glimmora, L50, M|\n|poke|p2|Corviknight, L50, F|\n|poke|p2|Primarina, L50, M|\n|poke|p2|Aegislash, L50, M|\n|teampreview|3\n|inactive|Battle timer is ON: inactive players will automatically lose when time's up. (requested by kws1311212)\n|inactive|kws1311212 has 60 seconds left.\n|\n|t:|1776601264\n|teamsize|p1|3\n|teamsize|p2|3\n|start\n|switch|p1a: Gengar|Gengar, L50, M, shiny|100/100\n|switch|p2a: Lopunny|Lopunny, L50, M|100/100\n|turn|1\n|\n|t:|1776601271\n|detailschange|p1a: Gengar|Gengar-Mega, L50, M, shiny\n|-mega|p1a: Gengar|Gengar|Gengarite\n|detailschange|p2a: Lopunny|Lopunny-Mega, L50, M\n|-mega|p2a: Lopunny|Lopunny|Lopunnite\n|move|p2a: Lopunny|Fake Out|p1a: Gengar\n|-damage|p1a: Gengar|65/100\n|cant|p1a: Gengar|flinch\n|\n|upkeep\n|turn|2\n|\n|t:|1776601275\n|move|p2a: Lopunny|U-turn|p1a: Gengar\n|-resisted|p1a: Gengar|2\n|-damage|p1a: Gengar|55/100\n|\n|t:|1776601277\n|switch|p2a: Aegislash|Aegislash, L50, M|100/100|[from] U-turn\n|move|p1a: Gengar|Destiny Bond|p1a: Gengar\n|-singlemove|p1a: Gengar|Destiny Bond\n|\n|upkeep\n|turn|3\n|\n|t:|1776601293\n|move|p1a: Gengar|Perish Song|p1a: Gengar\n|-start|p1a: Gengar|perish3|[silent]\n|-start|p2a: Aegislash|perish3|[silent]\n|-fieldactivate|move: Perish Song\n|move|p2a: Aegislash|Swords Dance|p2a: Aegislash\n|-boost|p2a: Aegislash|atk|2\n|\n|-start|p1a: Gengar|perish3\n|-start|p2a: Aegislash|perish3\n|upkeep\n|turn|4\n|\n|t:|1776601301\n|-formechange|p2a: Aegislash|Aegislash-Blade|\n|move|p2a: Aegislash|Shadow Sneak|p1a: Gengar\n|-supereffective|p1a: Gengar|1\n|-damage|p1a: Gengar|0 fnt\n|faint|p1a: Gengar\n|\n|-start|p2a: Aegislash|perish2\n|upkeep\n|\n|t:|1776601304\n|switch|p1a: Aegislash|Aegislash, L50, M, shiny|100/100\n|turn|5\n|\n|t:|1776601311\n|switch|p2a: Lopunny|Lopunny-Mega, L50, M|100/100\n|move|p1a: Aegislash|King's Shield||[still]\n|-fail|p1a: Aegislash\n|\n|upkeep\n|turn|6\n|\n|t:|1776601318\n|switch|p2a: Aegislash|Aegislash, L50, M|100/100\n|-formechange|p1a: Aegislash|Aegislash-Blade|\n|move|p1a: Aegislash|Sacred Sword|p2a: Aegislash\n|-immune|p2a: Aegislash\n|\n|upkeep\n|turn|7\n|\n|t:|1776601323\n|-formechange|p1a: Aegislash|Aegislash|\n|move|p1a: Aegislash|King's Shield|p1a: Aegislash\n|-singleturn|p1a: Aegislash|Protect\n|-formechange|p2a: Aegislash|Aegislash-Blade|\n|move|p2a: Aegislash|Poltergeist|p1a: Aegislash\n|-activate|p1a: Aegislash|move: Protect\n|\n|upkeep\n|turn|8\n|\n|t:|1776601327\n|-formechange|p1a: Aegislash|Aegislash-Blade|\n|move|p1a: Aegislash|Poltergeist|p2a: Aegislash\n|-activate|p2a: Aegislash|move: Poltergeist|Spell Tag\n|-supereffective|p2a: Aegislash|1\n|-damage|p2a: Aegislash|0 fnt\n|faint|p2a: Aegislash\n|\n|upkeep\n|\n|t:|1776601332\n|switch|p2a: Primarina|Primarina, L50, M|100/100\n|turn|9\n|j| p74\n|\n|t:|1776601339\n|move|p1a: Aegislash|Poltergeist|p2a: Primarina\n|-activate|p2a: Primarina|move: Poltergeist|Chesto Berry\n|-damage|p2a: Primarina|0 fnt\n|faint|p2a: Primarina\n|\n|upkeep\n|-message|nrgkrg forfeited.\n|\n|win|kws1311212\n|raw|kws1311212's rating: 1370 &rarr; <strong>1389</strong><br />(+19 for winning)\n|raw|nrgkrg's rating: 1355 &rarr; <strong>1336</strong><br />(-19 for losing)\n|l|\u2606nrgkrg\n|player|p2|\n|l|\u2606kws1311212\n|player|p1|\n",
  "uploadtime": 1776601464,
  "views": 1,
  "formatid": "gen9championsbssregma",
  "rating": 1336,
  "private": 0,
  "password": null
}