{
  "id": "gen9championsbssregma-2583817223",
  "format": "[Gen 9 Champions] BSS Reg M-A",
  "players": [
    "lio",
    "leftmygfforafemboy"
  ],
  "log": "|j|\u2606lio\n|j|\u2606leftmygfforafemboy\n|t:|1776200005\n|gametype|singles\n|player|p1|lio|#lionyx2|1092\n|player|p2|leftmygfforafemboy|lucas|1128\n|gen|9\n|tier|[Gen 9 Champions] BSS Reg M-A\n|rated|\n|rule|Species Clause: Limit one of each Pok\u00e9mon\n|rule|Item Clause: Limit 1 of each item\n|clearpoke\n|poke|p1|Aerodactyl, L50, M|\n|poke|p1|Charizard, L50, M|\n|poke|p1|Starmie, L50|\n|poke|p1|Ditto, L50|\n|poke|p1|Aegislash, L50, M|\n|poke|p1|Dragonite, L50, M|\n|poke|p2|Pinsir, L50, F|\n|poke|p2|Mamoswine, L50, F|\n|poke|p2|Primarina, L50, M|\n|poke|p2|Garchomp, L50, F|\n|poke|p2|Aegislash, L50, M|\n|poke|p2|Clefable, L50, M|\n|teampreview|3\n|inactive|Battle timer is ON: inactive players will automatically lose when time's up. (requested by lio)\n|\n|t:|1776200026\n|teamsize|p1|3\n|teamsize|p2|3\n|start\n|switch|p1a: Aerodactyl|Aerodactyl, L50, M|100/100\n|switch|p2a: Primarina|Primarina, L50, M|100/100\n|-ability|p1a: Aerodactyl|Unnerve\n|turn|1\n|\n|t:|1776200033\n|move|p1a: Aerodactyl|Stealth Rock|p2a: Primarina\n|-sidestart|p2: leftmygfforafemboy|move: Stealth Rock\n|move|p2a: Primarina|Surf|p1a: Aerodactyl\n|-supereffective|p1a: Aerodactyl|1\n|-enditem|p1a: Aerodactyl|Focus Sash\n|-damage|p1a: Aerodactyl|1/100\n|\n|upkeep\n|turn|2\n|-activate|p2a: Primarina|item: Quick Claw\n|\n|t:|1776200042\n|move|p2a: Primarina|Moonblast|p1a: Aerodactyl\n|-damage|p1a: Aerodactyl|0 fnt\n|faint|p1a: Aerodactyl\n|\n|upkeep\n|\n|t:|1776200046\n|switch|p1a: Charizard|Charizard, L50, M|100/100\n|turn|3\n|\n|t:|1776200050\n|detailschange|p1a: Charizard|Charizard-Mega-X, L50, M\n|-mega|p1a: Charizard|Charizard|Charizardite X\n|move|p1a: Charizard|Dragon Dance|p1a: Charizard\n|-boost|p1a: Charizard|atk|1\n|-boost|p1a: Charizard|spe|1\n|move|p2a: Primarina|Surf|p1a: Charizard\n|-damage|p1a: Charizard|39/100\n|\n|upkeep\n|turn|4\n|\n|t:|1776200057\n|move|p1a: Charizard|Thunder Punch|p2a: Primarina\n|-supereffective|p2a: Primarina|1\n|-crit|p2a: Primarina\n|-damage|p2a: Primarina|0 fnt\n|faint|p2a: Primarina\n|\n|upkeep\n|\n|t:|1776200065\n|switch|p2a: Mamoswine|Mamoswine, L50, F|100/100\n|-damage|p2a: Mamoswine|88/100|[from] Stealth Rock\n|turn|5\n|\n|t:|1776200080\n|move|p2a: Mamoswine|Ice Shard|p1a: Charizard\n|-damage|p1a: Charizard|15/100\n|move|p1a: Charizard|Flare Blitz|p2a: Mamoswine\n|-supereffective|p2a: Mamoswine|1\n|-damage|p2a: Mamoswine|0 fnt\n|faint|p2a: Mamoswine\n|-damage|p1a: Charizard|0 fnt|[from] Recoil\n|faint|p1a: Charizard\n|\n|upkeep\n|\n|t:|1776200088\n|switch|p1a: Aegislash|Aegislash, L50, M|100/100\n|switch|p2a: Pinsir|Pinsir, L50, F|100/100\n|-damage|p2a: Pinsir|75/100|[from] Stealth Rock\n|turn|6\n|-message|leftmygfforafemboy forfeited.\n|\n|win|lio\n|raw|lio's rating: 1092 &rarr; <strong>1121</strong><br />(+29 for winning)\n|raw|leftmygfforafemboy's rating: 1128 &rarr; <strong>1100</strong><br />(-28 for losing)\n|l|\u2606leftmygfforafemboy\n|player|p2|\n",
  "uploadtime": 1776200096,
  "views": 2,
  "formatid": "gen9championsbssregma",
  "rating": 1100,
  "private": 0,
  "password": null
}