{
  "id": "gen9championsbssregma-2581334066",
  "format": "[Gen 9 Champions] BSS Reg M-A",
  "players": [
    "Mikeflem12326171",
    "zozotown"
  ],
  "log": "|j|\u2606Mikeflem12326171\n|j|\u203dzozotown\n|t:|1775988068\n|gametype|singles\n|player|p1|Mikeflem12326171|colress|1224\n|player|p2|zozotown|266|1112\n|gen|9\n|tier|[Gen 9 Champions] BSS Reg M-A\n|rated|\n|rule|Species Clause: Limit one of each Pok\u00e9mon\n|rule|Item Clause: Limit 1 of each item\n|clearpoke\n|poke|p1|Lopunny, L50, F|\n|poke|p1|Garchomp, L50, M|\n|poke|p1|Rotom-Wash, L50|\n|poke|p1|Ninetales-Alola, L50, F|\n|poke|p1|Ceruledge, L50, M|\n|poke|p1|Clefable, L50, M|\n|poke|p2|Espathra, L50, F|\n|poke|p2|Clefable, L50, M|\n|poke|p2|Skeledirge, L50, M|\n|poke|p2|Kingambit, L50, M|\n|teampreview|3\n|inactive|Battle timer is ON: inactive players will automatically lose when time's up. (requested by zozotown)\n|\n|t:|1775988140\n|teamsize|p1|3\n|teamsize|p2|3\n|start\n|switch|p1a: Ceruledge|Ceruledge, L50, M|100/100\n|switch|p2a: Espathra|Espathra, L50, F|100/100\n|turn|1\n|\n|t:|1775988159\n|move|p2a: Espathra|Protect|p2a: Espathra\n|-singleturn|p2a: Espathra|Protect\n|move|p1a: Ceruledge|Swords Dance|p1a: Ceruledge\n|-boost|p1a: Ceruledge|atk|2\n|\n|-ability|p2a: Espathra|Speed Boost|boost\n|-boost|p2a: Espathra|spe|1\n|upkeep\n|turn|2\n|\n|t:|1775988164\n|move|p2a: Espathra|Baton Pass|p2a: Espathra\n|\n|t:|1775988165\n|switch|p2a: Skeledirge|Skeledirge, L50, M|100/100|[from] Baton Pass\n|move|p1a: Ceruledge|Shadow Claw|p2a: Skeledirge\n|-supereffective|p2a: Skeledirge|1\n|-damage|p2a: Skeledirge|49/100\n|-enditem|p2a: Skeledirge|Sitrus Berry|[eat]\n|-heal|p2a: Skeledirge|74/100|[from] item: Sitrus Berry\n|\n|upkeep\n|turn|3\n|\n|t:|1775988177\n|move|p1a: Ceruledge|Shadow Claw|p2a: Skeledirge\n|-supereffective|p2a: Skeledirge|1\n|-damage|p2a: Skeledirge|23/100\n|move|p2a: Skeledirge|Slack Off|p2a: Skeledirge\n|-heal|p2a: Skeledirge|73/100\n|\n|upkeep\n|turn|4\n|\n|t:|1775988184\n|move|p1a: Ceruledge|Shadow Claw|p2a: Skeledirge\n|-supereffective|p2a: Skeledirge|1\n|-damage|p2a: Skeledirge|28/100\n|move|p2a: Skeledirge|Slack Off|p2a: Skeledirge\n|-heal|p2a: Skeledirge|78/100\n|\n|upkeep\n|turn|5\n|\n|t:|1775988189\n|move|p1a: Ceruledge|Shadow Claw|p2a: Skeledirge\n|-supereffective|p2a: Skeledirge|1\n|-damage|p2a: Skeledirge|28/100\n|move|p2a: Skeledirge|Slack Off|p2a: Skeledirge\n|-heal|p2a: Skeledirge|79/100\n|\n|upkeep\n|turn|6\n|\n|t:|1775988192\n|move|p1a: Ceruledge|Shadow Claw|p2a: Skeledirge\n|-supereffective|p2a: Skeledirge|1\n|-damage|p2a: Skeledirge|30/100\n|move|p2a: Skeledirge|Slack Off|p2a: Skeledirge\n|-heal|p2a: Skeledirge|81/100\n|\n|upkeep\n|turn|7\n|\n|t:|1775988194\n|move|p1a: Ceruledge|Shadow Claw|p2a: Skeledirge\n|-supereffective|p2a: Skeledirge|1\n|-damage|p2a: Skeledirge|37/100\n|move|p2a: Skeledirge|Slack Off|p2a: Skeledirge\n|-heal|p2a: Skeledirge|87/100\n|\n|upkeep\n|turn|8\n|\n|t:|1775988197\n|move|p1a: Ceruledge|Shadow Claw|p2a: Skeledirge\n|-supereffective|p2a: Skeledirge|1\n|-damage|p2a: Skeledirge|44/100\n|move|p2a: Skeledirge|Slack Off|p2a: Skeledirge\n|-heal|p2a: Skeledirge|94/100\n|\n|upkeep\n|turn|9\n|\n|t:|1775988201\n|move|p1a: Ceruledge|Shadow Claw|p2a: Skeledirge\n|-supereffective|p2a: Skeledirge|1\n|-damage|p2a: Skeledirge|45/100\n|move|p2a: Skeledirge|Yawn|p1a: Ceruledge\n|-start|p1a: Ceruledge|move: Yawn|[of] p2a: Skeledirge\n|\n|upkeep\n|turn|10\n|\n|t:|1775988206\n|move|p1a: Ceruledge|Shadow Claw|p2a: Skeledirge\n|-supereffective|p2a: Skeledirge|1\n|-damage|p2a: Skeledirge|0 fnt\n|faint|p2a: Skeledirge\n|\n|-end|p1a: Ceruledge|move: Yawn|[silent]\n|-status|p1a: Ceruledge|slp\n|upkeep\n|\n|t:|1775988210\n|switch|p2a: Clefable|Clefable, L50, M|100/100\n|turn|11\n|\n|t:|1775988212\n|cant|p1a: Ceruledge|slp\n|move|p2a: Clefable|Cosmic Power|p2a: Clefable\n|-boost|p2a: Clefable|def|1\n|-boost|p2a: Clefable|spd|1\n|\n|upkeep\n|turn|12\n|\n|t:|1775988215\n|detailschange|p2a: Clefable|Clefable-Mega, L50, M\n|-mega|p2a: Clefable|Clefable|Clefablite\n|cant|p1a: Ceruledge|slp\n|move|p2a: Clefable|Cosmic Power|p2a: Clefable\n|-boost|p2a: Clefable|def|1\n|-boost|p2a: Clefable|spd|1\n|\n|upkeep\n|turn|13\n|\n|t:|1775988219\n|-curestatus|p1a: Ceruledge|slp|[msg]\n|move|p1a: Ceruledge|Bitter Blade|p2a: Clefable\n|-damage|p2a: Clefable|66/100\n|move|p2a: Clefable|Cosmic Power|p2a: Clefable\n|-boost|p2a: Clefable|def|1\n|-boost|p2a: Clefable|spd|1\n|\n|upkeep\n|turn|14\n|\n|t:|1775988224\n|move|p1a: Ceruledge|Bitter Blade|p2a: Clefable\n|-damage|p2a: Clefable|38/100\n|move|p2a: Clefable|Moonlight|p2a: Clefable\n|-heal|p2a: Clefable|88/100\n|\n|upkeep\n|turn|15\n|\n|t:|1775988226\n|move|p1a: Ceruledge|Swords Dance|p1a: Ceruledge\n|-boost|p1a: Ceruledge|atk|2\n|move|p2a: Clefable|Cosmic Power|p2a: Clefable\n|-boost|p2a: Clefable|def|1\n|-boost|p2a: Clefable|spd|1\n|\n|upkeep\n|turn|16\n|\n|t:|1775988232\n|move|p1a: Ceruledge|Swords Dance|p1a: Ceruledge\n|-boost|p1a: Ceruledge|atk|2\n|move|p2a: Clefable|Cosmic Power|p2a: Clefable\n|-boost|p2a: Clefable|def|1\n|-boost|p2a: Clefable|spd|1\n|\n|upkeep\n|turn|17\n|\n|t:|1775988236\n|move|p1a: Ceruledge|Bitter Blade|p2a: Clefable\n|-damage|p2a: Clefable|52/100\n|move|p2a: Clefable|Cosmic Power|p2a: Clefable\n|-boost|p2a: Clefable|def|1\n|-boost|p2a: Clefable|spd|1\n|\n|upkeep\n|turn|18\n|\n|t:|1775988240\n|move|p1a: Ceruledge|Bitter Blade|p2a: Clefable\n|-damage|p2a: Clefable|20/100\n|move|p2a: Clefable|Moonlight|p2a: Clefable\n|-heal|p2a: Clefable|70/100\n|\n|upkeep\n|turn|19\n|\n|t:|1775988243\n|move|p1a: Ceruledge|Bitter Blade|p2a: Clefable\n|-damage|p2a: Clefable|35/100\n|move|p2a: Clefable|Moonlight|p2a: Clefable\n|-heal|p2a: Clefable|85/100\n|\n|upkeep\n|turn|20\n|\n|t:|1775988250\n|move|p1a: Ceruledge|Shadow Claw|p2a: Clefable\n|-crit|p2a: Clefable\n|-damage|p2a: Clefable|0 fnt\n|faint|p2a: Clefable\n|\n|upkeep\n|-message|zozotown forfeited.\n|\n|win|Mikeflem12326171\n|raw|Mikeflem12326171's rating: 1224 &rarr; <strong>1241</strong><br />(+17 for winning)\n|raw|zozotown's rating: 1112 &rarr; <strong>1095</strong><br />(-17 for losing)\n|c|\u2606Mikeflem12326171|EZ\n",
  "uploadtime": 1775988262,
  "views": 11,
  "formatid": "gen9championsbssregma",
  "rating": 1095,
  "private": 0,
  "password": null
}