{
  "id": "gen9championsbssregma-2587085737",
  "format": "[Gen 9 Champions] BSS Reg M-A",
  "players": [
    "l0rd red",
    "Jonnycuete"
  ],
  "log": "|j|\u2606l0rd red\n|j|\u2606Jonnycuete\n|t:|1776491388\n|gametype|singles\n|player|p1|l0rd red|red-gen1|1071\n|player|p2|Jonnycuete|2|1000\n|gen|9\n|tier|[Gen 9 Champions] BSS Reg M-A\n|rated|\n|rule|Species Clause: Limit one of each Pok\u00e9mon\n|rule|Item Clause: Limit 1 of each item\n|clearpoke\n|poke|p1|Crabominable, L50, M|\n|poke|p1|Spiritomb, L50, F|\n|poke|p1|Blastoise, L50, M|\n|poke|p1|Raichu, L50, M|\n|poke|p1|Dragonite, L50, F|\n|poke|p1|Alakazam, L50, M|\n|poke|p2|Meowscarada, L50, F|\n|poke|p2|Tyranitar, L50, M|\n|poke|p2|Rotom-Wash, L50|\n|poke|p2|Banette, L50, M|\n|poke|p2|Sylveon, L50, M|\n|poke|p2|Ditto, L50|\n|teampreview|3\n|inactive|Battle timer is ON: inactive players will automatically lose when time's up. (requested by Jonnycuete)\n|\n|t:|1776491422\n|teamsize|p1|3\n|teamsize|p2|3\n|start\n|switch|p1a: Raichu|Raichu, L50, M|100/100\n|switch|p2a: Meowscarada|Meowscarada, L50, F|100/100\n|turn|1\n|\n|t:|1776491432\n|move|p2a: Meowscarada|Knock Off|p1a: Raichu\n|-start|p2a: Meowscarada|typechange|Dark|[from] ability: Protean\n|-damage|p1a: Raichu|12/100\n|-enditem|p1a: Raichu|Focus Sash|[from] move: Knock Off|[of] p2a: Meowscarada\n|move|p1a: Raichu|Discharge|p2a: Meowscarada\n|-damage|p2a: Meowscarada|46/100\n|-enditem|p2a: Meowscarada|Sitrus Berry|[eat]\n|-heal|p2a: Meowscarada|70/100|[from] item: Sitrus Berry\n|\n|upkeep\n|turn|2\n|\n|t:|1776491443\n|move|p2a: Meowscarada|U-turn|p1a: Raichu\n|-damage|p1a: Raichu|0 fnt\n|faint|p1a: Raichu\n|\n|t:|1776491448\n|switch|p2a: Sylveon|Sylveon, L50, M|100/100|[from] U-turn\n|\n|upkeep\n|\n|t:|1776491451\n|switch|p1a: Alakazam|Alakazam, L50, M|100/100\n|turn|3\n|\n|t:|1776491458\n|move|p1a: Alakazam|Trick|p2a: Sylveon\n|-activate|p1a: Alakazam|move: Trick|[of] p2a: Sylveon\n|-item|p2a: Sylveon|Choice Scarf|[from] move: Trick\n|-item|p1a: Alakazam|Leftovers|[from] move: Trick\n|move|p2a: Sylveon|Moonblast|p1a: Alakazam\n|-damage|p1a: Alakazam|45/100\n|\n|-heal|p1a: Alakazam|51/100|[from] item: Leftovers\n|upkeep\n|turn|4\n|\n|t:|1776491468\n|move|p1a: Alakazam|Psychic|p2a: Sylveon\n|-damage|p2a: Sylveon|65/100\n|-unboost|p2a: Sylveon|spd|1\n|move|p2a: Sylveon|Moonblast|p1a: Alakazam\n|-damage|p1a: Alakazam|0 fnt\n|faint|p1a: Alakazam\n|\n|upkeep\n|\n|t:|1776491470\n|switch|p1a: Dragonite|Dragonite, L50, F|100/100\n|turn|5\n|\n|t:|1776491481\n|switch|p2a: Banette|Banette, L50, M|100/100\n|detailschange|p1a: Dragonite|Dragonite-Mega, L50, F\n|-mega|p1a: Dragonite|Dragonite|Dragoninite\n|move|p1a: Dragonite|Dragon Dance|p1a: Dragonite\n|-boost|p1a: Dragonite|atk|1\n|-boost|p1a: Dragonite|spe|1\n|\n|upkeep\n|turn|6\n|\n|t:|1776491493\n|detailschange|p2a: Banette|Banette-Mega, L50, M\n|-mega|p2a: Banette|Banette|Banettite\n|move|p2a: Banette|Destiny Bond|p2a: Banette\n|-singlemove|p2a: Banette|Destiny Bond\n|move|p1a: Dragonite|Dragon Dance|p1a: Dragonite\n|-boost|p1a: Dragonite|atk|1\n|-boost|p1a: Dragonite|spe|1\n|\n|upkeep\n|turn|7\n|\n|t:|1776491514\n|move|p2a: Banette|Shadow Sneak|p1a: Dragonite\n|-damage|p1a: Dragonite|86/100\n|move|p1a: Dragonite|Earthquake|p2a: Banette\n|-damage|p2a: Banette|0 fnt\n|faint|p2a: Banette\n|\n|upkeep\n|\n|t:|1776491522\n|switch|p2a: Sylveon|Sylveon, L50, M|65/100\n|turn|8\n|\n|t:|1776491527\n|move|p1a: Dragonite|Earthquake|p2a: Sylveon\n|-damage|p2a: Sylveon|0 fnt\n|faint|p2a: Sylveon\n|\n|upkeep\n|\n|t:|1776491532\n|switch|p2a: Meowscarada|Meowscarada, L50, F|70/100\n|turn|9\n|\n|t:|1776491537\n|move|p1a: Dragonite|Ice Spinner|p2a: Meowscarada\n|-supereffective|p2a: Meowscarada|1\n|-damage|p2a: Meowscarada|0 fnt\n|faint|p2a: Meowscarada\n|\n|win|l0rd red\n|raw|l0rd red's rating: 1071 &rarr; <strong>1094</strong><br />(+23 for winning)\n|raw|Jonnycuete's rating: 1000 &rarr; <strong>1000</strong><br />(+0 for losing)\n|l|\u2606Jonnycuete\n|player|p2|\n",
  "uploadtime": 1776491545,
  "views": 4,
  "formatid": "gen9championsbssregma",
  "rating": 1000,
  "private": 0,
  "password": null
}