{
  "id": "gen9championsbssregma-2582650203",
  "format": "[Gen 9 Champions] BSS Reg M-A",
  "players": [
    "anubis tomi",
    "DarKnightPT"
  ],
  "log": "|j|\u2606anubis tomi\n|j|\u2606DarKnightPT\n|t:|1776104949\n|gametype|singles\n|player|p1|anubis tomi|striker|1004\n|player|p2|DarKnightPT|sabrina|1061\n|gen|9\n|tier|[Gen 9 Champions] BSS Reg M-A\n|rated|\n|rule|Species Clause: Limit one of each Pok\u00e9mon\n|rule|Item Clause: Limit 1 of each item\n|clearpoke\n|poke|p1|Aerodactyl, L50, F|\n|poke|p1|Cofagrigus, L50, M|\n|poke|p1|Froslass, L50, F|\n|poke|p1|Incineroar, L50, M|\n|poke|p2|Banette, L50, F|\n|poke|p2|Primarina, L50, M|\n|poke|p2|Volcarona, L50, F|\n|poke|p2|Corviknight, L50, M|\n|poke|p2|Garchomp, L50, F|\n|poke|p2|Weavile, L50, M|\n|teampreview|3\n|inactive|Battle timer is ON: inactive players will automatically lose when time's up. (requested by anubis tomi)\n|\n|t:|1776104978\n|teamsize|p1|3\n|teamsize|p2|3\n|start\n|switch|p1a: Aerodactyl|Aerodactyl, L50, F|100/100\n|switch|p2a: Primarina|Primarina, L50, M|100/100\n|-ability|p1a: Aerodactyl|Unnerve\n|turn|1\n|\n|t:|1776104987\n|move|p1a: Aerodactyl|Iron Head|p2a: Primarina\n|-damage|p2a: Primarina|72/100\n|move|p2a: Primarina|Surf|p1a: Aerodactyl\n|-supereffective|p1a: Aerodactyl|1\n|-damage|p1a: Aerodactyl|0 fnt\n|faint|p1a: Aerodactyl\n|\n|upkeep\n|\n|t:|1776104998\n|switch|p1a: Cofagrigus|Cofagrigus, L50, M, shiny|100/100\n|turn|2\n|\n|t:|1776105003\n|move|p2a: Primarina|Calm Mind|p2a: Primarina\n|-boost|p2a: Primarina|spa|1\n|-boost|p2a: Primarina|spd|1\n|move|p1a: Cofagrigus|Will-O-Wisp|p2a: Primarina\n|-status|p2a: Primarina|brn\n|\n|-damage|p2a: Primarina|66/100 brn|[from] brn\n|upkeep\n|turn|3\n|\n|t:|1776105016\n|move|p2a: Primarina|Moonblast|p1a: Cofagrigus\n|-damage|p1a: Cofagrigus|22/100\n|move|p1a: Cofagrigus|Shadow Ball|p2a: Primarina\n|-damage|p2a: Primarina|52/100 brn\n|\n|-heal|p1a: Cofagrigus|28/100|[from] item: Leftovers\n|-damage|p2a: Primarina|46/100 brn|[from] brn\n|upkeep\n|turn|4\n|\n|t:|1776105024\n|move|p2a: Primarina|Moonblast|p1a: Cofagrigus\n|-damage|p1a: Cofagrigus|0 fnt\n|faint|p1a: Cofagrigus\n|\n|-damage|p2a: Primarina|40/100 brn|[from] brn\n|upkeep\n|\n|t:|1776105031\n|switch|p1a: Froslass|Froslass, L50, F|100/100\n|turn|5\n|\n|t:|1776105037\n|detailschange|p1a: Froslass|Froslass-Mega, L50, F\n|-mega|p1a: Froslass|Froslass|Froslassite\n|-weather|Snowscape|[from] ability: Snow Warning|[of] p1a: Froslass\n|move|p1a: Froslass|Shadow Ball|p2a: Primarina\n|-damage|p2a: Primarina|13/100 brn\n|-unboost|p2a: Primarina|spd|1\n|move|p2a: Primarina|Surf|p1a: Froslass\n|-damage|p1a: Froslass|0 fnt\n|faint|p1a: Froslass\n|\n|win|DarKnightPT\n|raw|anubis tomi's rating: 1004 &rarr; <strong>1000</strong><br />(-4 for losing)\n|raw|DarKnightPT's rating: 1061 &rarr; <strong>1087</strong><br />(+26 for winning)\n",
  "uploadtime": 1776105049,
  "views": 6,
  "formatid": "gen9championsbssregma",
  "rating": 1000,
  "private": 0,
  "password": null
}