{
  "id": "gen9championsbssregma-2587896668",
  "format": "[Gen 9 Champions] BSS Reg M-A",
  "players": [
    "roro7303323",
    "fdthief"
  ],
  "log": "|j|\u2606roro7303323\n|j|\u2606fdthief\n|t:|1776575990\n|gametype|singles\n|player|p1|roro7303323|266|1156\n|player|p2|fdthief|2|1155\n|gen|9\n|tier|[Gen 9 Champions] BSS Reg M-A\n|rated|\n|rule|Species Clause: Limit one of each Pok\u00e9mon\n|rule|Item Clause: Limit 1 of each item\n|clearpoke\n|poke|p1|Hydreigon, L50, M, shiny|\n|poke|p1|Aegislash, L50, M, shiny|\n|poke|p1|Primarina, L50, F, shiny|\n|poke|p1|Venusaur, L50, M, shiny|\n|poke|p1|Rotom-Heat, L50, shiny|\n|poke|p1|Lopunny, L50, F, shiny|\n|poke|p2|Tinkaton, L50, F|\n|poke|p2|Dragapult, L50, M|\n|poke|p2|Meowscarada, L50, F|\n|poke|p2|Medicham, L50, M|\n|poke|p2|Clefable, L50, F|\n|poke|p2|Arcanine-Hisui, L50, M|\n|teampreview|3\n|inactive|Battle timer is ON: inactive players will automatically lose when time's up. (requested by roro7303323)\n|j| p74\n|l| p74\n|j| p74\n|inactive|roro7303323 has 60 seconds left.\n|\n|t:|1776576029\n|teamsize|p1|3\n|teamsize|p2|3\n|start\n|switch|p1a: Venusaur|Venusaur, L50, M, shiny|100/100\n|switch|p2a: Dragapult|Dragapult, L50, M|100/100\n|turn|1\n|\n|t:|1776576041\n|detailschange|p1a: Venusaur|Venusaur-Mega, L50, M, shiny\n|-mega|p1a: Venusaur|Venusaur|Venusaurite\n|move|p2a: Dragapult|Dragon Darts|p1a: Venusaur\n|-damage|p1a: Venusaur|80/100\n|-anim|p2a: Dragapult|Dragon Darts|p1a: Venusaur\n|-damage|p1a: Venusaur|57/100\n|move|p1a: Venusaur|Sludge Bomb|p2a: Dragapult\n|-resisted|p2a: Dragapult|1\n|-damage|p2a: Dragapult|66/100\n|\n|upkeep\n|turn|2\n|\n|t:|1776576052\n|move|p2a: Dragapult|Dragon Darts|p1a: Venusaur\n|-damage|p1a: Venusaur|36/100\n|-anim|p2a: Dragapult|Dragon Darts|p1a: Venusaur\n|-damage|p1a: Venusaur|13/100\n|move|p1a: Venusaur|Synthesis|p1a: Venusaur\n|-heal|p1a: Venusaur|63/100\n|\n|upkeep\n|turn|3\n|\n|t:|1776576065\n|move|p2a: Dragapult|Dragon Darts|p1a: Venusaur\n|-damage|p1a: Venusaur|42/100\n|-anim|p2a: Dragapult|Dragon Darts|p1a: Venusaur\n|-damage|p1a: Venusaur|19/100\n|move|p1a: Venusaur|Synthesis|p1a: Venusaur\n|-heal|p1a: Venusaur|68/100\n|\n|upkeep\n|turn|4\n|\n|t:|1776576075\n|move|p2a: Dragapult|Dragon Darts|p1a: Venusaur\n|-damage|p1a: Venusaur|45/100\n|-anim|p2a: Dragapult|Dragon Darts|p1a: Venusaur\n|-damage|p1a: Venusaur|25/100\n|move|p1a: Venusaur|Synthesis|p1a: Venusaur\n|-heal|p1a: Venusaur|74/100\n|\n|upkeep\n|turn|5\n|\n|t:|1776576085\n|move|p2a: Dragapult|Dragon Darts|p1a: Venusaur\n|-damage|p1a: Venusaur|50/100\n|-anim|p2a: Dragapult|Dragon Darts|p1a: Venusaur\n|-damage|p1a: Venusaur|29/100\n|move|p1a: Venusaur|Synthesis|p1a: Venusaur\n|-heal|p1a: Venusaur|79/100\n|\n|upkeep\n|turn|6\n|\n|t:|1776576096\n|move|p2a: Dragapult|U-turn|p1a: Venusaur\n|-damage|p1a: Venusaur|60/100\n|\n|t:|1776576099\n|switch|p2a: Arcanine|Arcanine-Hisui, L50, M|100/100|[from] U-turn\n|move|p1a: Venusaur|Synthesis|p1a: Venusaur\n|-heal|p1a: Venusaur|100/100\n|\n|upkeep\n|turn|7\n|\n|t:|1776576108\n|move|p2a: Arcanine|Flare Blitz|p1a: Venusaur\n|-supereffective|p1a: Venusaur|1\n|-damage|p1a: Venusaur|51/100\n|move|p1a: Venusaur|Earth Power|p2a: Arcanine\n|-supereffective|p2a: Arcanine|2\n|-damage|p2a: Arcanine|0 fnt\n|faint|p2a: Arcanine\n|\n|upkeep\n|\n|t:|1776576115\n|switch|p2a: Clefable|Clefable, L50, F|100/100\n|turn|8\n|\n|t:|1776576119\n|detailschange|p2a: Clefable|Clefable-Mega, L50, F\n|-mega|p2a: Clefable|Clefable|Clefablite\n|move|p1a: Venusaur|Sludge Bomb|p2a: Clefable\n|-supereffective|p2a: Clefable|1\n|-damage|p2a: Clefable|38/100\n|move|p2a: Clefable|Air Slash|p1a: Venusaur\n|-supereffective|p1a: Venusaur|1\n|-damage|p1a: Venusaur|0 fnt\n|faint|p1a: Venusaur\n|\n|upkeep\n|\n|t:|1776576129\n|switch|p1a: Aegislash|Aegislash, L50, M, shiny|100/100\n|turn|9\n|\n|t:|1776576134\n|move|p2a: Clefable|Moonblast|p1a: Aegislash\n|-resisted|p1a: Aegislash|1\n|-damage|p1a: Aegislash|85/100\n|-formechange|p1a: Aegislash|Aegislash-Blade|\n|move|p1a: Aegislash|Iron Head|p2a: Clefable\n|-supereffective|p2a: Clefable|1\n|-damage|p2a: Clefable|0 fnt\n|faint|p2a: Clefable\n|\n|-heal|p1a: Aegislash|91/100|[from] item: Leftovers\n|upkeep\n|\n|t:|1776576143\n|switch|p2a: Dragapult|Dragapult, L50, M|66/100\n|turn|10\n|\n|t:|1776576151\n|move|p2a: Dragapult|Sucker Punch|p1a: Aegislash\n|-supereffective|p1a: Aegislash|1\n|-damage|p1a: Aegislash|5/100\n|move|p1a: Aegislash|Shadow Sneak|p2a: Dragapult\n|-supereffective|p2a: Dragapult|1\n|-damage|p2a: Dragapult|0 fnt\n|faint|p2a: Dragapult\n|\n|win|roro7303323\n|raw|roro7303323's rating: 1156 &rarr; <strong>1181</strong><br />(+25 for winning)\n|raw|fdthief's rating: 1155 &rarr; <strong>1130</strong><br />(-25 for losing)\n|l|\u2606fdthief\n|player|p2|\n|l|\u2606roro7303323\n|player|p1|\n",
  "uploadtime": 1776576258,
  "views": 1,
  "formatid": "gen9championsbssregma",
  "rating": 1130,
  "private": 0,
  "password": null
}