{
  "id": "gen9championsbssregma-2582129702",
  "format": "[Gen 9 Champions] BSS Reg M-A",
  "players": [
    "uiopoop",
    "KingGnuO"
  ],
  "log": "|j|\u2606uiopoop\n|j|\u2606KingGnuO\n|t:|1776061799\n|gametype|singles\n|player|p1|uiopoop|170|1205\n|player|p2|KingGnuO|102|1138\n|gen|9\n|tier|[Gen 9 Champions] BSS Reg M-A\n|rated|\n|rule|Species Clause: Limit one of each Pok\u00e9mon\n|rule|Item Clause: Limit 1 of each item\n|clearpoke\n|poke|p1|Dragonite, L50, M|\n|poke|p1|Aegislash, L50, F|\n|poke|p1|Hippowdon, L50, F|\n|poke|p2|Runerigus, L50, F|\n|poke|p2|Mimikyu, L50, F|\n|poke|p2|Kingambit, L50, M|\n|poke|p2|Whimsicott, L50, M|\n|poke|p2|Delphox, L50, F|\n|poke|p2|Gallade, L50, M|\n|teampreview|3\n|\n|t:|1776061829\n|teamsize|p1|3\n|teamsize|p2|3\n|start\n|switch|p1a: Dragonite|Dragonite, L50, M|100/100\n|switch|p2a: Runerigus|Runerigus, L50, F|100/100\n|turn|1\n|inactive|Battle timer is ON: inactive players will automatically lose when time's up. (requested by KingGnuO)\n|\n|t:|1776061886\n|detailschange|p1a: Dragonite|Dragonite-Mega, L50, M\n|-mega|p1a: Dragonite|Dragonite|Dragoninite\n|move|p1a: Dragonite|Air Slash|p2a: Runerigus\n|-damage|p2a: Runerigus|64/100\n|move|p2a: Runerigus|Taunt|p1a: Dragonite\n|-start|p1a: Dragonite|move: Taunt\n|\n|upkeep\n|turn|2\n|\n|t:|1776061897\n|move|p1a: Dragonite|Draco Meteor|p2a: Runerigus\n|-damage|p2a: Runerigus|0 fnt\n|-unboost|p1a: Dragonite|spa|2\n|faint|p2a: Runerigus\n|\n|upkeep\n|\n|t:|1776061904\n|switch|p2a: Delphox|Delphox, L50, F|100/100\n|turn|3\n|\n|t:|1776061911\n|switch|p1a: Hippowdon|Hippowdon, L50, F|100/100\n|-weather|Sandstorm|[from] ability: Sand Stream|[of] p1a: Hippowdon\n|detailschange|p2a: Delphox|Delphox-Mega, L50, F\n|-mega|p2a: Delphox|Delphox|Delphoxite\n|move|p2a: Delphox|Nasty Plot|p2a: Delphox\n|-boost|p2a: Delphox|spa|2\n|\n|-weather|Sandstorm|[upkeep]\n|-damage|p2a: Delphox|95/100|[from] Sandstorm\n|upkeep\n|turn|4\n|\n|t:|1776061923\n|move|p2a: Delphox|Psychic|p1a: Hippowdon\n|-damage|p1a: Hippowdon|5/100\n|-enditem|p1a: Hippowdon|Sitrus Berry|[eat]\n|-heal|p1a: Hippowdon|30/100|[from] item: Sitrus Berry\n|move|p1a: Hippowdon|Yawn|p2a: Delphox\n|-start|p2a: Delphox|move: Yawn|[of] p1a: Hippowdon\n|\n|-weather|Sandstorm|[upkeep]\n|-damage|p2a: Delphox|89/100|[from] Sandstorm\n|upkeep\n|turn|5\n|\n|t:|1776061933\n|move|p2a: Delphox|Psychic|p1a: Hippowdon\n|-damage|p1a: Hippowdon|0 fnt\n|faint|p1a: Hippowdon\n|\n|-weather|Sandstorm|[upkeep]\n|-damage|p2a: Delphox|83/100|[from] Sandstorm\n|-end|p2a: Delphox|move: Yawn|[silent]\n|-status|p2a: Delphox|slp\n|upkeep\n|j| p74\n|\n|t:|1776061954\n|switch|p1a: Aegislash|Aegislash, L50, F|100/100\n|turn|6\n|\n|t:|1776061958\n|cant|p2a: Delphox|slp\n|-formechange|p1a: Aegislash|Aegislash-Blade|\n|move|p1a: Aegislash|Shadow Ball|p2a: Delphox\n|-supereffective|p2a: Delphox|1\n|-damage|p2a: Delphox|0 fnt\n|faint|p2a: Delphox\n|\n|-weather|Sandstorm|[upkeep]\n|upkeep\n|\n|t:|1776061967\n|switch|p2a: Kingambit|Kingambit, L50, M|100/100\n|-activate|p2a: Kingambit|ability: Supreme Overlord\n|-start|p2a: Kingambit|fallen2|[silent]\n|turn|7\n|\n|t:|1776061973\n|-formechange|p1a: Aegislash|Aegislash|\n|move|p1a: Aegislash|King's Shield|p1a: Aegislash\n|-singleturn|p1a: Aegislash|Protect\n|move|p2a: Kingambit|Swords Dance|p2a: Kingambit\n|-boost|p2a: Kingambit|atk|2\n|\n|-weather|none\n|upkeep\n|turn|8\n|inactive|uiopoop has 30 seconds left.\n|inactive|uiopoop has 20 seconds left.\n|\n|t:|1776062013\n|-formechange|p1a: Aegislash|Aegislash-Blade|\n|move|p1a: Aegislash|Shadow Ball|p2a: Kingambit\n|-resisted|p2a: Kingambit|1\n|-crit|p2a: Kingambit\n|-damage|p2a: Kingambit|66/100\n|-unboost|p2a: Kingambit|spd|1\n|move|p2a: Kingambit|Kowtow Cleave|p1a: Aegislash\n|-supereffective|p1a: Aegislash|1\n|-damage|p1a: Aegislash|0 fnt\n|faint|p1a: Aegislash\n|\n|upkeep\n|\n|t:|1776062022\n|switch|p1a: Dragonite|Dragonite-Mega, L50, M|100/100\n|turn|9\n|\n|t:|1776062039\n|move|p2a: Kingambit|Sucker Punch|p1a: Dragonite\n|-crit|p1a: Dragonite\n|-damage|p1a: Dragonite|30/100\n|move|p1a: Dragonite|Thunderbolt|p2a: Kingambit\n|-damage|p2a: Kingambit|15/100\n|\n|upkeep\n|turn|10\n|\n|t:|1776062050\n|move|p1a: Dragonite|Extreme Speed|p2a: Kingambit\n|-resisted|p2a: Kingambit|1\n|-damage|p2a: Kingambit|7/100\n|move|p2a: Kingambit|Sucker Punch||[still]\n|-fail|p2a: Kingambit\n|\n|upkeep\n|turn|11\n|\n|t:|1776062058\n|move|p1a: Dragonite|Extreme Speed|p2a: Kingambit\n|-resisted|p2a: Kingambit|1\n|-damage|p2a: Kingambit|0 fnt\n|faint|p2a: Kingambit\n|-end|p2a: Kingambit|fallen2|[silent]\n|\n|win|uiopoop\n|raw|uiopoop's rating: 1205 &rarr; <strong>1225</strong><br />(+20 for winning)\n|raw|KingGnuO's rating: 1138 &rarr; <strong>1118</strong><br />(-20 for losing)\n|l|\u2606uiopoop\n|player|p1|\n|l|\u2606KingGnuO\n|player|p2|\n",
  "uploadtime": 1776062074,
  "views": 3,
  "formatid": "gen9championsbssregma",
  "rating": 1118,
  "private": 0,
  "password": null
}