{
  "id": "gen9championsbssregma-2583200609",
  "format": "[Gen 9 Champions] BSS Reg M-A",
  "players": [
    "hrztkb",
    "kerom.pk"
  ],
  "log": "|j|\u2606hrztkb\n|j|\u203dkerom.pk\n|t:|1776154031\n|gametype|singles\n|player|p1|hrztkb|266|1291\n|player|p2|kerom.pk|170|1373\n|gen|9\n|tier|[Gen 9 Champions] BSS Reg M-A\n|rated|\n|rule|Species Clause: Limit one of each Pok\u00e9mon\n|rule|Item Clause: Limit 1 of each item\n|clearpoke\n|poke|p1|Hatterene, L50, F|\n|poke|p1|Volcarona, L50, F|\n|poke|p1|Hydreigon, L50, F|\n|poke|p1|Gyarados, L50, M|\n|poke|p1|Aegislash, L50, F|\n|poke|p1|Garchomp, L50, F|\n|poke|p2|Garchomp, L50, M|\n|poke|p2|Gengar, L50, F|\n|poke|p2|Umbreon, L50, F|\n|poke|p2|Clefable, L50, F|\n|poke|p2|Venusaur, L50, M|\n|poke|p2|Tauros-Paldea-Blaze, L50, M|\n|teampreview|3\n|inactive|Battle timer is ON: inactive players will automatically lose when time's up. (requested by kerom.pk)\n|j| p74\n|\n|t:|1776154072\n|teamsize|p1|3\n|teamsize|p2|3\n|start\n|switch|p1a: Gyarados|Gyarados, L50, M, shiny|100/100\n|switch|p2a: Clefable|Clefable, L50, F|100/100\n|-ability|p1a: Gyarados|Intimidate|boost\n|-unboost|p2a: Clefable|atk|1\n|turn|1\n|\n|t:|1776154079\n|detailschange|p2a: Clefable|Clefable-Mega, L50, F\n|-mega|p2a: Clefable|Clefable|Clefablite\n|move|p1a: Gyarados|Dragon Dance|p1a: Gyarados\n|-boost|p1a: Gyarados|atk|1\n|-boost|p1a: Gyarados|spe|1\n|move|p2a: Clefable|Moonblast|p1a: Gyarados\n|-crit|p1a: Gyarados\n|-damage|p1a: Gyarados|36/100\n|\n|upkeep\n|turn|2\n|\n|t:|1776154089\n|detailschange|p1a: Gyarados|Gyarados-Mega, L50, M, shiny\n|-mega|p1a: Gyarados|Gyarados|Gyaradosite\n|-ability|p1a: Gyarados|Mold Breaker\n|move|p1a: Gyarados|Waterfall|p2a: Clefable\n|-damage|p2a: Clefable|38/100\n|move|p2a: Clefable|Moonblast|p1a: Gyarados\n|-supereffective|p1a: Gyarados|1\n|-damage|p1a: Gyarados|0 fnt\n|faint|p1a: Gyarados\n|\n|upkeep\n|\n|t:|1776154098\n|switch|p1a: Volcarona|Volcarona, L50, F|100/100\n|turn|3\n|\n|t:|1776154106\n|move|p1a: Volcarona|Quiver Dance|p1a: Volcarona\n|-boost|p1a: Volcarona|spa|1\n|-boost|p1a: Volcarona|spd|1\n|-boost|p1a: Volcarona|spe|1\n|move|p2a: Clefable|Moonlight|p2a: Clefable\n|-heal|p2a: Clefable|88/100\n|\n|upkeep\n|turn|4\n|\n|t:|1776154119\n|switch|p2a: Umbreon|Umbreon, L50, F|100/100\n|move|p1a: Volcarona|Quiver Dance|p1a: Volcarona\n|-boost|p1a: Volcarona|spa|1\n|-boost|p1a: Volcarona|spd|1\n|-boost|p1a: Volcarona|spe|1\n|\n|upkeep\n|turn|5\n|\n|t:|1776154130\n|move|p1a: Volcarona|Fiery Dance|p2a: Umbreon\n|-damage|p2a: Umbreon|54/100\n|move|p2a: Umbreon|Yawn|p1a: Volcarona\n|-start|p1a: Volcarona|move: Yawn|[of] p2a: Umbreon\n|\n|-heal|p2a: Umbreon|60/100|[from] item: Leftovers\n|upkeep\n|turn|6\n|\n|t:|1776154138\n|move|p1a: Volcarona|Quiver Dance|p1a: Volcarona\n|-boost|p1a: Volcarona|spa|1\n|-boost|p1a: Volcarona|spd|1\n|-boost|p1a: Volcarona|spe|1\n|move|p2a: Umbreon|Wish|p2a: Umbreon\n|\n|-heal|p2a: Umbreon|66/100|[from] item: Leftovers\n|-end|p1a: Volcarona|move: Yawn|[silent]\n|-status|p1a: Volcarona|slp\n|upkeep\n|turn|7\n|\n|t:|1776154150\n|switch|p2a: Garchomp|Garchomp, L50, M|100/100\n|cant|p1a: Volcarona|slp\n|\n|upkeep\n|turn|8\n|\n|t:|1776154155\n|cant|p1a: Volcarona|slp\n|move|p2a: Garchomp|Stone Edge|p1a: Volcarona\n|-supereffective|p1a: Volcarona|2\n|-damage|p1a: Volcarona|0 fnt\n|faint|p1a: Volcarona\n|\n|upkeep\n|\n|t:|1776154163\n|switch|p1a: Hatterene|Hatterene, L50, F|100/100\n|turn|9\n|\n|t:|1776154166\n|move|p2a: Garchomp|Earthquake|p1a: Hatterene\n|-damage|p1a: Hatterene|60/100\n|move|p1a: Hatterene|Calm Mind|p1a: Hatterene\n|-boost|p1a: Hatterene|spa|1\n|-boost|p1a: Hatterene|spd|1\n|\n|upkeep\n|turn|10\n|\n|t:|1776154175\n|move|p2a: Garchomp|Swords Dance|p2a: Garchomp\n|-boost|p2a: Garchomp|atk|2\n|move|p1a: Hatterene|Pain Split|p2a: Garchomp\n|-sethp|p2a: Garchomp|77/100|[from] move: Pain Split|[silent]\n|-sethp|p1a: Hatterene|86/100|[from] move: Pain Split\n|\n|upkeep\n|turn|11\n|\n|t:|1776154182\n|move|p2a: Garchomp|Earthquake|p1a: Hatterene\n|-damage|p1a: Hatterene|0 fnt\n|faint|p1a: Hatterene\n|\n|win|kerom.pk\n|raw|hrztkb's rating: 1291 &rarr; <strong>1272</strong><br />(-19 for losing)\n|raw|kerom.pk's rating: 1373 &rarr; <strong>1388</strong><br />(+15 for winning)\n|l|\u2606hrztkb\n|player|p1|\n|l|\u203dkerom.pk\n|player|p2|\n",
  "uploadtime": 1776154411,
  "views": 2,
  "formatid": "gen9championsbssregma",
  "rating": 1272,
  "private": 0,
  "password": null
}