{
  "id": "gen9championsbssregma-2589497374",
  "format": "[Gen 9 Champions] BSS Reg M-A",
  "players": [
    "wapop10086",
    "hijanu"
  ],
  "log": "|j|\u2606wapop10086\n|j|\u2606hijanu\n|t:|1776728348\n|gametype|singles\n|player|p1|wapop10086|hilbert-wonderlauncher|1126\n|player|p2|hijanu|hilbert|1066\n|gen|9\n|tier|[Gen 9 Champions] BSS Reg M-A\n|rated|\n|rule|Species Clause: Limit one of each Pok\u00e9mon\n|rule|Item Clause: Limit 1 of each item\n|clearpoke\n|poke|p1|Banette, L50, F|\n|poke|p1|Basculegion, L50, M|\n|poke|p1|Ditto, L50|\n|poke|p1|Archaludon, L50, M|\n|poke|p1|Araquanid, L50, F|\n|poke|p1|Bellibolt, L50, F|\n|poke|p2|Furfrou, L50, F|\n|poke|p2|Ceruledge, L50, F|\n|poke|p2|Rotom-Wash, L50|\n|poke|p2|Torterra, L50, F|\n|poke|p2|Aggron, L50, F|\n|poke|p2|Meowscarada, L50, F|\n|teampreview|3\n|\n|t:|1776728368\n|teamsize|p1|3\n|teamsize|p2|3\n|start\n|switch|p1a: Banette|Banette, L50, F|100/100\n|switch|p2a: Torterra|Torterra, L50, F|100/100\n|-item|p2a: Torterra|White Herb|[from] ability: Frisk|[of] p1a: Banette\n|turn|1\n|\n|t:|1776728376\n|detailschange|p1a: Banette|Banette-Mega, L50, F\n|-mega|p1a: Banette|Banette|Banettite\n|move|p2a: Torterra|Shell Smash|p2a: Torterra\n|-unboost|p2a: Torterra|def|1\n|-unboost|p2a: Torterra|spd|1\n|-boost|p2a: Torterra|atk|2\n|-boost|p2a: Torterra|spa|2\n|-boost|p2a: Torterra|spe|2\n|-enditem|p2a: Torterra|White Herb\n|-clearnegativeboost|p2a: Torterra|[silent]\n|move|p1a: Banette|Poltergeist||[still]\n|-fail|p1a: Banette\n|\n|upkeep\n|turn|2\n|\n|t:|1776728394\n|move|p1a: Banette|Encore|p2a: Torterra\n|-start|p2a: Torterra|Encore\n|move|p2a: Torterra|Shell Smash|p2a: Torterra\n|-unboost|p2a: Torterra|def|1\n|-unboost|p2a: Torterra|spd|1\n|-boost|p2a: Torterra|atk|2\n|-boost|p2a: Torterra|spa|2\n|-boost|p2a: Torterra|spe|2\n|\n|upkeep\n|turn|3\n|\n|t:|1776728409\n|switch|p2a: Rotom|Rotom-Wash, L50|100/100\n|switch|p1a: Archaludon|Archaludon, L50, M|100/100\n|\n|upkeep\n|turn|4\n|\n|t:|1776728419\n|move|p2a: Rotom|Will-O-Wisp|p1a: Archaludon\n|-status|p1a: Archaludon|brn\n|move|p1a: Archaludon|Mirror Coat||[still]\n|-fail|p1a: Archaludon\n|\n|-damage|p1a: Archaludon|95/100 brn|[from] brn\n|upkeep\n|turn|5\n|\n|t:|1776728432\n|move|p2a: Rotom|Dark Pulse|p1a: Archaludon\n|-damage|p1a: Archaludon|69/100 brn\n|-ability|p1a: Archaludon|Stamina|boost\n|-boost|p1a: Archaludon|def|1\n|move|p1a: Archaludon|Mirror Coat|p2a: Rotom\n|-damage|p2a: Rotom|22/100\n|-enditem|p2a: Rotom|Sitrus Berry|[eat]\n|-heal|p2a: Rotom|47/100|[from] item: Sitrus Berry\n|\n|-damage|p1a: Archaludon|63/100 brn|[from] brn\n|upkeep\n|turn|6\n|\n|t:|1776728444\n|switch|p2a: Torterra|Torterra, L50, F|100/100\n|move|p1a: Archaludon|Mirror Coat||[still]\n|-fail|p1a: Archaludon\n|\n|-damage|p1a: Archaludon|57/100 brn|[from] brn\n|upkeep\n|turn|7\n|\n|t:|1776728453\n|move|p2a: Torterra|Shell Smash|p2a: Torterra\n|-unboost|p2a: Torterra|def|1\n|-unboost|p2a: Torterra|spd|1\n|-boost|p2a: Torterra|atk|2\n|-boost|p2a: Torterra|spa|2\n|-boost|p2a: Torterra|spe|2\n|move|p1a: Archaludon|Draco Meteor|p2a: Torterra|[miss]\n|-miss|p1a: Archaludon|p2a: Torterra\n|\n|-damage|p1a: Archaludon|52/100 brn|[from] brn\n|upkeep\n|turn|8\n|\n|t:|1776728466\n|move|p2a: Torterra|Headlong Rush|p1a: Archaludon\n|-supereffective|p1a: Archaludon|1\n|-damage|p1a: Archaludon|0 fnt\n|-unboost|p2a: Torterra|def|1\n|-unboost|p2a: Torterra|spd|1\n|faint|p1a: Archaludon\n|\n|upkeep\n|\n|t:|1776728474\n|switch|p1a: Banette|Banette-Mega, L50, F|100/100\n|turn|9\n|\n|t:|1776728482\n|move|p1a: Banette|Destiny Bond|p1a: Banette\n|-singlemove|p1a: Banette|Destiny Bond\n|move|p2a: Torterra|Headlong Rush|p1a: Banette\n|-damage|p1a: Banette|0 fnt\n|-unboost|p2a: Torterra|def|1\n|-unboost|p2a: Torterra|spd|1\n|faint|p1a: Banette\n|-activate|p1a: Banette|move: Destiny Bond\n|faint|p2a: Torterra\n|\n|upkeep\n|\n|t:|1776728493\n|switch|p2a: Rotom|Rotom-Wash, L50|47/100\n|switch|p1a: Basculegion|Basculegion, L50, M|100/100\n|turn|10\n|\n|t:|1776728500\n|move|p1a: Basculegion|Last Respects|p2a: Rotom\n|-damage|p2a: Rotom|0 fnt\n|faint|p2a: Rotom\n|\n|upkeep\n|\n|t:|1776728505\n|switch|p2a: Meowscarada|Meowscarada, L50, F|100/100\n|turn|11\n|\n|t:|1776728509\n|move|p1a: Basculegion|Last Respects|p2a: Meowscarada\n|-resisted|p2a: Meowscarada|1\n|-damage|p2a: Meowscarada|25/100\n|move|p2a: Meowscarada|Knock Off|p1a: Basculegion\n|-start|p2a: Meowscarada|typechange|Dark|[from] ability: Protean\n|-supereffective|p1a: Basculegion|1\n|-damage|p1a: Basculegion|0 fnt\n|-enditem|p1a: Basculegion|Choice Scarf|[from] move: Knock Off|[of] p2a: Meowscarada\n|faint|p1a: Basculegion\n|\n|win|hijanu\n|raw|wapop10086's rating: 1126 &rarr; <strong>1097</strong><br />(-29 for losing)\n|raw|hijanu's rating: 1066 &rarr; <strong>1101</strong><br />(+35 for winning)\n|l|\u2606wapop10086\n|player|p1|\n",
  "uploadtime": 1776728522,
  "views": 1,
  "formatid": "gen9championsbssregma",
  "rating": 1097,
  "private": 0,
  "password": null
}