{
  "id": "gen9championsbssregma-2581155918",
  "format": "[Gen 9 Champions] BSS Reg M-A",
  "players": [
    "bromerta",
    "Rosette0908"
  ],
  "log": "|j|\u2606bromerta\n|j|\u2606Rosette0908\n|t:|1775965280\n|gametype|singles\n|player|p1|bromerta|101|1119\n|player|p2|Rosette0908|169|1072\n|gen|9\n|tier|[Gen 9 Champions] BSS Reg M-A\n|rated|\n|rule|Species Clause: Limit one of each Pok\u00e9mon\n|rule|Item Clause: Limit 1 of each item\n|clearpoke\n|poke|p1|Floette-Eternal, L50, F|\n|poke|p1|Starmie, L50|\n|poke|p1|Garchomp, L50, M|\n|poke|p1|Volcarona, L50, F|\n|poke|p1|Sneasler, L50, F|\n|poke|p1|Kingambit, L50, M|\n|poke|p2|Charizard, L50, M|\n|poke|p2|Garchomp, L50, F|\n|poke|p2|Primarina, L50, F|\n|poke|p2|Rotom-Heat, L50|\n|poke|p2|Corviknight, L50, M|\n|poke|p2|Gengar, L50, M|\n|teampreview|3\n|inactive|Battle timer is ON: inactive players will automatically lose when time's up. (requested by bromerta)\n|\n|t:|1775965317\n|teamsize|p1|3\n|teamsize|p2|3\n|start\n|switch|p1a: Sneasler|Sneasler, L50, F, shiny|100/100\n|switch|p2a: Gengar|Gengar, L50, M|100/100\n|turn|1\n|\n|t:|1775965335\n|detailschange|p2a: Gengar|Gengar-Mega, L50, M\n|-mega|p2a: Gengar|Gengar|Gengarite\n|move|p1a: Sneasler|U-turn|p2a: Gengar\n|-resisted|p2a: Gengar|2\n|-damage|p2a: Gengar|91/100\n|\n|t:|1775965339\n|switch|p1a: Garchomp|Garchomp, L50, M|100/100|[from] U-turn\n|move|p2a: Gengar|Icy Wind|p1a: Garchomp|[miss]\n|-miss|p2a: Gengar|p1a: Garchomp\n|\n|upkeep\n|turn|2\n|\n|t:|1775965362\n|switch|p2a: Rotom|Rotom-Heat, L50|100/100\n|move|p1a: Garchomp|Rock Slide|p2a: Rotom\n|-supereffective|p2a: Rotom|1\n|-damage|p2a: Rotom|25/100\n|\n|upkeep\n|turn|3\n|\n|t:|1775965369\n|move|p2a: Rotom|Will-O-Wisp|p1a: Garchomp|[miss]\n|-miss|p2a: Rotom|p1a: Garchomp\n|move|p1a: Garchomp|Rock Slide|p2a: Rotom\n|-supereffective|p2a: Rotom|1\n|-damage|p2a: Rotom|0 fnt\n|faint|p2a: Rotom\n|\n|upkeep\n|\n|t:|1775965372\n|switch|p2a: Garchomp|Garchomp, L50, F|100/100\n|turn|4\n|\n|t:|1775965383\n|switch|p1a: Sneasler|Sneasler, L50, F, shiny|100/100\n|move|p2a: Garchomp|Stealth Rock|p1a: Sneasler\n|-sidestart|p1: bromerta|move: Stealth Rock\n|\n|upkeep\n|turn|5\n|\n|t:|1775965397\n|move|p1a: Sneasler|Dire Claw|p2a: Garchomp\n|-resisted|p2a: Garchomp|1\n|-crit|p2a: Garchomp\n|-damage|p2a: Garchomp|68/100\n|-damage|p1a: Sneasler|88/100|[from] ability: Rough Skin|[of] p2a: Garchomp\n|move|p2a: Garchomp|Scale Shot|p1a: Sneasler\n|-damage|p1a: Sneasler|63/100\n|-damage|p1a: Sneasler|37/100\n|-hitcount|p1a: Sneasler|2\n|-unboost|p2a: Garchomp|def|1\n|-boost|p2a: Garchomp|spe|1\n|\n|upkeep\n|turn|6\n|\n|t:|1775965417\n|move|p2a: Garchomp|Scale Shot|p1a: Sneasler\n|-damage|p1a: Sneasler|15/100\n|-damage|p1a: Sneasler|0 fnt\n|faint|p1a: Sneasler\n|-hitcount|p1: Sneasler|2\n|-unboost|p2a: Garchomp|def|1\n|-boost|p2a: Garchomp|spe|1\n|\n|upkeep\n|\n|t:|1775965425\n|switch|p1a: Garchomp|Garchomp, L50, M|100/100\n|-damage|p1a: Garchomp|95/100|[from] Stealth Rock\n|turn|7\n|\n|t:|1775965430\n|move|p2a: Garchomp|Scale Shot|p1a: Garchomp\n|-supereffective|p1a: Garchomp|1\n|-damage|p1a: Garchomp|67/100\n|-supereffective|p1a: Garchomp|1\n|-damage|p1a: Garchomp|40/100\n|-hitcount|p1a: Garchomp|2\n|-unboost|p2a: Garchomp|def|1\n|-boost|p2a: Garchomp|spe|1\n|move|p1a: Garchomp|Outrage|p2a: Garchomp\n|-supereffective|p2a: Garchomp|1\n|-damage|p2a: Garchomp|0 fnt\n|-damage|p1a: Garchomp|28/100|[from] ability: Rough Skin|[of] p2a: Garchomp\n|faint|p2a: Garchomp\n|\n|upkeep\n|\n|t:|1775965436\n|switch|p2a: Gengar|Gengar-Mega, L50, M|91/100\n|turn|8\n|\n|t:|1775965446\n|move|p1a: Garchomp|Outrage|p2a: Gengar|[from] lockedmove\n|-damage|p2a: Gengar|0 fnt\n|faint|p2a: Gengar\n|\n|win|bromerta\n|raw|bromerta's rating: 1119 &rarr; <strong>1141</strong><br />(+22 for winning)\n|raw|Rosette0908's rating: 1072 &rarr; <strong>1054</strong><br />(-18 for losing)\n|l|\u2606Rosette0908\n|player|p2|\n",
  "uploadtime": 1775965453,
  "views": 25,
  "formatid": "gen9championsbssregma",
  "rating": 1054,
  "private": 0,
  "password": null
}