{
  "id": "gen9championsbssregma-2588015277",
  "format": "[Gen 9 Champions] BSS Reg M-A",
  "players": [
    "atl31",
    "BJZJS"
  ],
  "log": "|j|\u2606atl31\n|j|\u2606BJZJS\n|t:|1776593202\n|gametype|singles\n|player|p1|atl31|dawn|1346\n|player|p2|BJZJS|266|1350\n|gen|9\n|tier|[Gen 9 Champions] BSS Reg M-A\n|rated|\n|rule|Species Clause: Limit one of each Pok\u00e9mon\n|rule|Item Clause: Limit 1 of each item\n|clearpoke\n|poke|p1|Garchomp, L50, M|\n|poke|p1|Corviknight, L50, M|\n|poke|p1|Primarina, L50, M|\n|poke|p1|Delphox, L50, M|\n|poke|p1|Meowscarada, L50, F|\n|poke|p1|Scizor, L50, F|\n|poke|p2|Zoroark-Hisui, L50, M|\n|poke|p2|Scizor, L50, F|\n|poke|p2|Primarina, L50, M|\n|poke|p2|Dragonite, L50, M|\n|poke|p2|Hippowdon, L50, M|\n|poke|p2|Rotom-Wash, L50|\n|teampreview|3\n|inactive|Battle timer is ON: inactive players will automatically lose when time's up. (requested by atl31)\n|inactive|BJZJS has 60 seconds left.\n|\n|t:|1776593241\n|teamsize|p1|3\n|teamsize|p2|3\n|start\n|switch|p1a: Meowscarada|Meowscarada, L50, F|100/100\n|switch|p2a: Rotom|Rotom-Wash, L50|100/100\n|turn|1\n|\n|t:|1776593247\n|move|p2a: Rotom|Icy Wind|p1a: Meowscarada|[miss]\n|-miss|p2a: Rotom|p1a: Meowscarada\n|move|p1a: Meowscarada|Flower Trick|p2a: Rotom\n|-crit|p2a: Rotom\n|-enditem|p2a: Rotom|Focus Sash\n|-damage|p2a: Rotom|1/100\n|replace|p2a: Zoroark|Zoroark-Hisui, L50, M\n|-end|p2a: Zoroark|Illusion\n|\n|upkeep\n|turn|2\n|\n|t:|1776593261\n|switch|p2a: Rotom|Rotom-Wash, L50|100/100\n|move|p1a: Meowscarada|Sucker Punch||[still]\n|-fail|p1a: Meowscarada\n|\n|upkeep\n|turn|3\n|\n|t:|1776593266\n|move|p1a: Meowscarada|Flower Trick|p2a: Rotom\n|-supereffective|p2a: Rotom|1\n|-crit|p2a: Rotom\n|-enditem|p2a: Rotom|Rindo Berry|[eat]\n|-enditem|p2a: Rotom|Rindo Berry|[weaken]\n|-damage|p2a: Rotom|55/100\n|move|p2a: Rotom|Will-O-Wisp|p1a: Meowscarada\n|-status|p1a: Meowscarada|brn\n|\n|-damage|p1a: Meowscarada|95/100 brn|[from] brn\n|upkeep\n|turn|4\n|\n|t:|1776593274\n|switch|p2a: Dragonite|Dragonite, L50, M|100/100\n|move|p1a: Meowscarada|Flower Trick|p2a: Dragonite\n|-resisted|p2a: Dragonite|2\n|-crit|p2a: Dragonite\n|-damage|p2a: Dragonite|97/100\n|\n|-damage|p1a: Meowscarada|89/100 brn|[from] brn\n|upkeep\n|turn|5\n|\n|t:|1776593285\n|detailschange|p2a: Dragonite|Dragonite-Mega, L50, M\n|-mega|p2a: Dragonite|Dragonite|Dragoninite\n|move|p1a: Meowscarada|U-turn|p2a: Dragonite\n|-resisted|p2a: Dragonite|1\n|-damage|p2a: Dragonite|93/100\n|\n|t:|1776593290\n|switch|p1a: Scizor|Scizor, L50, F|100/100|[from] U-turn\n|move|p2a: Dragonite|Air Slash|p1a: Scizor\n|-damage|p1a: Scizor|46/100\n|\n|upkeep\n|turn|6\n|\n|t:|1776593299\n|detailschange|p1a: Scizor|Scizor-Mega, L50, F\n|-mega|p1a: Scizor|Scizor|Scizorite\n|move|p2a: Dragonite|Flamethrower|p1a: Scizor\n|-supereffective|p1a: Scizor|2\n|-damage|p1a: Scizor|0 fnt\n|faint|p1a: Scizor\n|\n|upkeep\n|\n|t:|1776593304\n|switch|p1a: Garchomp|Garchomp, L50, M|100/100\n|turn|7\n|\n|t:|1776593313\n|move|p1a: Garchomp|Outrage|p2a: Dragonite\n|-supereffective|p2a: Dragonite|1\n|-damage|p2a: Dragonite|2/100\n|move|p2a: Dragonite|Dragon Pulse|p1a: Garchomp\n|-supereffective|p1a: Garchomp|1\n|-crit|p1a: Garchomp\n|-damage|p1a: Garchomp|0 fnt\n|faint|p1a: Garchomp\n|\n|upkeep\n|\n|t:|1776593316\n|switch|p1a: Meowscarada|Meowscarada, L50, F|89/100 brn\n|turn|8\n|j| p74\n|\n|t:|1776593326\n|move|p1a: Meowscarada|Sucker Punch|p2a: Dragonite\n|-damage|p2a: Dragonite|0 fnt\n|faint|p2a: Dragonite\n|\n|-damage|p1a: Meowscarada|83/100 brn|[from] brn\n|upkeep\n|\n|t:|1776593333\n|switch|p2a: Rotom|Rotom-Wash, L50|1/100\n|turn|9\n|\n|t:|1776593336\n|move|p2a: Rotom|Flamethrower|p1a: Meowscarada\n|-supereffective|p1a: Meowscarada|1\n|-damage|p1a: Meowscarada|0 fnt\n|faint|p1a: Meowscarada\n|\n|win|BJZJS\n|raw|atl31's rating: 1346 &rarr; <strong>1326</strong><br />(-20 for losing)\n|raw|BJZJS's rating: 1350 &rarr; <strong>1370</strong><br />(+20 for winning)\n|l|\u2606atl31\n|player|p1|\n|l|\u2606BJZJS\n|player|p2|\n",
  "uploadtime": 1776593343,
  "views": 3,
  "formatid": "gen9championsbssregma",
  "rating": 1326,
  "private": 0,
  "password": null
}