{
  "id": "gen9championsbssregma-2584326881",
  "format": "[Gen 9 Champions] BSS Reg M-A",
  "players": [
    "Oshawottpoke",
    "mangerion"
  ],
  "log": "|j|\u2606Oshawottpoke\n|j|\u2606mangerion\n|t:|1776251583\n|gametype|singles\n|player|p1|Oshawottpoke|2|1301\n|player|p2|mangerion|102|1419\n|gen|9\n|tier|[Gen 9 Champions] BSS Reg M-A\n|rated|\n|rule|Species Clause: Limit one of each Pok\u00e9mon\n|rule|Item Clause: Limit 1 of each item\n|clearpoke\n|poke|p1|Garchomp, L50, M|\n|poke|p1|Scizor, L50, M|\n|poke|p1|Primarina, L50, F|\n|poke|p1|Meowscarada, L50, M|\n|poke|p1|Kingambit, L50, F|\n|poke|p1|Delphox, L50, F|\n|poke|p2|Glimmora, L50, M|\n|poke|p2|Garchomp, L50, F|\n|poke|p2|Gengar, L50, M|\n|poke|p2|Umbreon, L50, F|\n|poke|p2|Scizor, L50, M|\n|poke|p2|Rotom-Wash, L50|\n|teampreview|3\n|j| p74\n|l|\u2606mangerion\n|player|p2|\n|j|\u2606mangerion\n|player|p2|mangerion|102|\n|\n|t:|1776251657\n|teamsize|p1|3\n|teamsize|p2|3\n|start\n|switch|p1a: Garchomp|Garchomp, L50, M|100/100\n|switch|p2a: Glimmora|Glimmora, L50, M|100/100\n|turn|1\n|\n|t:|1776251666\n|move|p1a: Garchomp|Outrage|p2a: Glimmora\n|-damage|p2a: Glimmora|15/100\n|-activate|p2a: Glimmora|ability: Toxic Debris\n|-sidestart|p1: Oshawottpoke|move: Toxic Spikes\n|move|p2a: Glimmora|Mud Shot|p1a: Garchomp\n|-damage|p1a: Garchomp|80/100\n|-unboost|p1a: Garchomp|spe|1\n|\n|upkeep\n|turn|2\n|\n|t:|1776251690\n|move|p1a: Garchomp|Outrage|p2a: Glimmora|[from] lockedmove\n|-damage|p2a: Glimmora|0 fnt\n|-activate|p2a: Glimmora|ability: Toxic Debris\n|-sidestart|p1: Oshawottpoke|move: Toxic Spikes\n|faint|p2a: Glimmora\n|-start|p1a: Garchomp|confusion|[fatigue]\n|\n|upkeep\n|\n|t:|1776251699\n|switch|p2a: Scizor|Scizor, L50, M|100/100\n|turn|3\n|\n|t:|1776251706\n|switch|p1a: Primarina|Primarina, L50, F|100/100\n|-status|p1a: Primarina|tox\n|detailschange|p2a: Scizor|Scizor-Mega, L50, M\n|-mega|p2a: Scizor|Scizor|Scizorite\n|move|p2a: Scizor|Swords Dance|p2a: Scizor\n|-boost|p2a: Scizor|atk|2\n|\n|-damage|p1a: Primarina|95/100 tox|[from] psn\n|upkeep\n|turn|4\n|\n|t:|1776251720\n|move|p2a: Scizor|Swords Dance|p2a: Scizor\n|-boost|p2a: Scizor|atk|2\n|move|p1a: Primarina|Sparkling Aria|p2a: Scizor\n|-damage|p2a: Scizor|44/100\n|\n|-damage|p1a: Primarina|83/100 tox|[from] psn\n|upkeep\n|turn|5\n|\n|t:|1776251730\n|move|p2a: Scizor|Bullet Punch|p1a: Primarina\n|-damage|p1a: Primarina|0 fnt\n|faint|p1a: Primarina\n|\n|upkeep\n|j| 12917usersonline\n|\n|t:|1776251733\n|switch|p1a: Garchomp|Garchomp, L50, M|80/100\n|-status|p1a: Garchomp|tox\n|turn|6\n|\n|t:|1776251739\n|move|p2a: Scizor|Bullet Punch|p1a: Garchomp\n|-damage|p1a: Garchomp|0 fnt\n|-damage|p2a: Scizor|32/100|[from] ability: Rough Skin|[of] p1a: Garchomp\n|faint|p1a: Garchomp\n|\n|upkeep\n|\n|t:|1776251741\n|switch|p1a: Meowscarada|Meowscarada, L50, M|100/100\n|-status|p1a: Meowscarada|tox\n|turn|7\n|\n|t:|1776251748\n|move|p1a: Meowscarada|Sucker Punch|p2a: Scizor\n|-damage|p2a: Scizor|4/100\n|move|p2a: Scizor|Bullet Punch|p1a: Meowscarada\n|-enditem|p1a: Meowscarada|Focus Sash\n|-damage|p1a: Meowscarada|1/100 tox\n|\n|-damage|p1a: Meowscarada|0 fnt|[from] psn\n|faint|p1a: Meowscarada\n|\n|win|mangerion\n|raw|Oshawottpoke's rating: 1301 &rarr; <strong>1288</strong><br />(-13 for losing)\n|raw|mangerion's rating: 1419 &rarr; <strong>1432</strong><br />(+13 for winning)\n|l|\u2606Oshawottpoke\n|player|p1|\n|l|\u2606mangerion\n|player|p2|\n",
  "uploadtime": 1776251877,
  "views": 4,
  "formatid": "gen9championsbssregma",
  "rating": 1288,
  "private": 0,
  "password": null
}