{
  "id": "gen9championsbssregma-2587068311",
  "format": "[Gen 9 Champions] BSS Reg M-A",
  "players": [
    "git_iger",
    "Erlkonig_xxy"
  ],
  "log": "|j|\u2606git_iger\n|j|\u2606Erlkonig_xxy\n|t:|1776489126\n|gametype|singles\n|player|p1|git_iger|lucas|1308\n|player|p2|Erlkonig_xxy|265|1201\n|gen|9\n|tier|[Gen 9 Champions] BSS Reg M-A\n|rated|\n|rule|Species Clause: Limit one of each Pok\u00e9mon\n|rule|Item Clause: Limit 1 of each item\n|clearpoke\n|poke|p1|Floette-Eternal, L50, F|\n|poke|p1|Garchomp, L50, M|\n|poke|p1|Delphox, L50, M|\n|poke|p1|Aegislash, L50, M|\n|poke|p1|Umbreon, L50, M|\n|poke|p1|Bellibolt, L50, F|\n|poke|p2|Dragonite, L50, F|\n|poke|p2|Scovillain, L50, M|\n|poke|p2|Garganacl, L50, M|\n|poke|p2|Toxapex, L50, F|\n|poke|p2|Aegislash, L50, F|\n|poke|p2|Mimikyu, L50, M|\n|teampreview|3\n|\n|t:|1776489173\n|teamsize|p1|3\n|teamsize|p2|3\n|start\n|switch|p1a: Bellibolt|Bellibolt, L50, F|100/100\n|switch|p2a: Mimikyu|Mimikyu, L50, M|100/100\n|turn|1\n|\n|t:|1776489189\n|switch|p2a: Garganacl|Garganacl, L50, M|100/100\n|move|p1a: Bellibolt|Volt Switch|p2a: Garganacl\n|-damage|p2a: Garganacl|77/100\n|\n|t:|1776489195\n|switch|p1a: Floette|Floette-Eternal, L50, F|100/100|[from] Volt Switch\n|\n|-heal|p2a: Garganacl|83/100|[from] item: Leftovers\n|upkeep\n|turn|2\n|\n|t:|1776489205\n|detailschange|p1a: Floette|Floette-Mega, L50, F\n|-mega|p1a: Floette|Floette|Floettite\n|-ability|p1a: Floette|Fairy Aura\n|move|p1a: Floette|Moonblast|p2a: Garganacl\n|-damage|p2a: Garganacl|39/100\n|-unboost|p2a: Garganacl|spa|1\n|move|p2a: Garganacl|Salt Cure|p1a: Floette\n|-damage|p1a: Floette|87/100\n|-start|p1a: Floette|Salt Cure\n|\n|-heal|p2a: Garganacl|45/100|[from] item: Leftovers\n|-damage|p1a: Floette|81/100|[from] Salt Cure\n|upkeep\n|turn|3\n|\n|t:|1776489219\n|switch|p2a: Aegislash|Aegislash, L50, F|100/100\n|move|p1a: Floette|Calm Mind|p1a: Floette\n|-boost|p1a: Floette|spa|1\n|-boost|p1a: Floette|spd|1\n|\n|-damage|p1a: Floette|75/100|[from] Salt Cure\n|upkeep\n|turn|4\n|\n|t:|1776489236\n|switch|p1a: Umbreon|Umbreon, L50, M|100/100\n|move|p2a: Aegislash|Swords Dance|p2a: Aegislash\n|-boost|p2a: Aegislash|atk|2\n|\n|upkeep\n|turn|5\n|\n|t:|1776489243\n|-formechange|p2a: Aegislash|Aegislash-Blade|\n|move|p2a: Aegislash|Close Combat|p1a: Umbreon\n|-supereffective|p1a: Umbreon|1\n|-damage|p1a: Umbreon|0 fnt\n|-unboost|p2a: Aegislash|def|1\n|-unboost|p2a: Aegislash|spd|1\n|faint|p1a: Umbreon\n|\n|upkeep\n|\n|t:|1776489251\n|switch|p1a: Bellibolt|Bellibolt, L50, F|100/100\n|turn|6\n|\n|t:|1776489259\n|switch|p2a: Garganacl|Garganacl, L50, M|45/100\n|move|p1a: Bellibolt|Parabolic Charge|p2a: Garganacl\n|-damage|p2a: Garganacl|25/100\n|\n|-heal|p2a: Garganacl|30/100|[from] item: Leftovers\n|upkeep\n|turn|7\n|\n|t:|1776489269\n|move|p2a: Garganacl|Protect|p2a: Garganacl\n|-singleturn|p2a: Garganacl|Protect\n|move|p1a: Bellibolt|Soak|p2a: Garganacl\n|-activate|p2a: Garganacl|move: Protect\n|\n|-heal|p2a: Garganacl|36/100|[from] item: Leftovers\n|upkeep\n|turn|8\n|\n|t:|1776489277\n|move|p1a: Bellibolt|Soak|p2a: Garganacl\n|-start|p2a: Garganacl|typechange|Water\n|move|p2a: Garganacl|Recover|p2a: Garganacl\n|-heal|p2a: Garganacl|86/100\n|\n|-heal|p2a: Garganacl|92/100|[from] item: Leftovers\n|upkeep\n|turn|9\n|\n|t:|1776489294\n|move|p1a: Bellibolt|Parabolic Charge|p2a: Garganacl\n|-supereffective|p2a: Garganacl|1\n|-damage|p2a: Garganacl|52/100\n|move|p2a: Garganacl|Salt Cure|p1a: Bellibolt\n|-damage|p1a: Bellibolt|93/100\n|-start|p1a: Bellibolt|Salt Cure\n|-start|p1a: Bellibolt|Charge|Salt Cure|[from] ability: Electromorphosis\n|\n|-heal|p2a: Garganacl|58/100|[from] item: Leftovers\n|-damage|p1a: Bellibolt|87/100|[from] Salt Cure\n|upkeep\n|turn|10\n|\n|t:|1776489306\n|move|p2a: Garganacl|Protect|p2a: Garganacl\n|-singleturn|p2a: Garganacl|Protect\n|move|p1a: Bellibolt|Parabolic Charge|p2a: Garganacl\n|-activate|p2a: Garganacl|move: Protect\n|-end|p1a: Bellibolt|Charge|[silent]\n|\n|-heal|p2a: Garganacl|63/100|[from] item: Leftovers\n|-damage|p1a: Bellibolt|81/100|[from] Salt Cure\n|upkeep\n|turn|11\n|\n|t:|1776489315\n|switch|p2a: Aegislash|Aegislash, L50, F|100/100\n|move|p1a: Bellibolt|Parabolic Charge|p2a: Aegislash\n|-damage|p2a: Aegislash|71/100\n|-heal|p1a: Bellibolt|90/100|[from] drain|[of] p2a: Aegislash\n|\n|-damage|p1a: Bellibolt|84/100|[from] Salt Cure\n|upkeep\n|turn|12\n|\n|t:|1776489326\n|-formechange|p2a: Aegislash|Aegislash-Blade|\n|move|p2a: Aegislash|Poltergeist|p1a: Bellibolt\n|-activate|p1a: Bellibolt|move: Poltergeist|Sitrus Berry\n|-damage|p1a: Bellibolt|21/100\n|-start|p1a: Bellibolt|Charge|Poltergeist|[from] ability: Electromorphosis\n|-enditem|p1a: Bellibolt|Sitrus Berry|[eat]\n|-heal|p1a: Bellibolt|46/100|[from] item: Sitrus Berry\n|move|p1a: Bellibolt|Soak|p2a: Aegislash\n|-start|p2a: Aegislash|typechange|Water\n|\n|-damage|p1a: Bellibolt|40/100|[from] Salt Cure\n|upkeep\n|turn|13\n|\n|t:|1776489342\n|move|p2a: Aegislash|Close Combat|p1a: Bellibolt\n|-damage|p1a: Bellibolt|0 fnt\n|-unboost|p2a: Aegislash|def|1\n|-unboost|p2a: Aegislash|spd|1\n|faint|p1a: Bellibolt\n|\n|upkeep\n|\n|t:|1776489349\n|switch|p1a: Floette|Floette-Mega, L50, F|75/100\n|-ability|p1a: Floette|Fairy Aura\n|turn|14\n|\n|t:|1776489356\n|move|p1a: Floette|Calm Mind|p1a: Floette\n|-boost|p1a: Floette|spa|1\n|-boost|p1a: Floette|spd|1\n|move|p2a: Aegislash|Poltergeist|p1a: Floette\n|-activate|p1a: Floette|move: Poltergeist|Floettite\n|-damage|p1a: Floette|37/100\n|\n|upkeep\n|turn|15\n|\n|t:|1776489367\n|move|p2a: Aegislash|Shadow Sneak|p1a: Floette\n|-damage|p1a: Floette|21/100\n|move|p1a: Floette|Calm Mind|p1a: Floette\n|-boost|p1a: Floette|spa|1\n|-boost|p1a: Floette|spd|1\n|\n|upkeep\n|turn|16\n|\n|t:|1776489377\n|move|p1a: Floette|Synthesis|p1a: Floette\n|-heal|p1a: Floette|71/100\n|move|p2a: Aegislash|Poltergeist|p1a: Floette|[miss]\n|-miss|p2a: Aegislash|p1a: Floette\n|\n|upkeep\n|turn|17\n|\n|t:|1776489384\n|switch|p2a: Garganacl|Garganacl, L50, M|63/100\n|move|p1a: Floette|Moonblast|p2a: Garganacl\n|-damage|p2a: Garganacl|0 fnt\n|faint|p2a: Garganacl\n|\n|upkeep\n|\n|t:|1776489391\n|switch|p2a: Mimikyu|Mimikyu, L50, M|100/100\n|turn|18\n|\n|t:|1776489397\n|move|p2a: Mimikyu|Curse|p1a: Floette\n|-start|p1a: Floette|Curse|[of] p2a: Mimikyu\n|-damage|p2a: Mimikyu|50/100\n|move|p1a: Floette|Draining Kiss|p2a: Mimikyu\n|-activate|p2a: Mimikyu|ability: Disguise\n|-damage|p2a: Mimikyu|50/100\n|detailschange|p2a: Mimikyu|Mimikyu-Busted, L50, M\n|-damage|p2a: Mimikyu|38/100|[from] pokemon: Mimikyu-Busted\n|\n|-damage|p1a: Floette|46/100|[from] Curse\n|upkeep\n|turn|19\n|\n|t:|1776489410\n|switch|p2a: Aegislash|Aegislash, L50, F|71/100\n|move|p1a: Floette|Draining Kiss|p2a: Aegislash\n|-resisted|p2a: Aegislash|1\n|-damage|p2a: Aegislash|35/100\n|-heal|p1a: Floette|66/100|[from] drain|[of] p2a: Aegislash\n|\n|-damage|p1a: Floette|41/100|[from] Curse\n|upkeep\n|turn|20\n|j| p74\n|\n|t:|1776489424\n|move|p1a: Floette|Moonblast|p2a: Aegislash\n|-resisted|p2a: Aegislash|1\n|-damage|p2a: Aegislash|0 fnt\n|faint|p2a: Aegislash\n|\n|-damage|p1a: Floette|17/100|[from] Curse\n|upkeep\n|\n|t:|1776489430\n|switch|p2a: Mimikyu|Mimikyu-Busted, L50, M|38/100\n|turn|21\n|\n|t:|1776489436\n|move|p2a: Mimikyu|Shadow Claw|p1a: Floette\n|-crit|p1a: Floette\n|-damage|p1a: Floette|0 fnt\n|faint|p1a: Floette\n|\n|win|Erlkonig_xxy\n|raw|git_iger's rating: 1283 &rarr; <strong>1252</strong><br />(-31 for losing)\n|raw|Erlkonig_xxy's rating: 1201 &rarr; <strong>1232</strong><br />(+31 for winning)\n",
  "uploadtime": 1776489440,
  "views": 3,
  "formatid": "gen9championsbssregma",
  "rating": 1232,
  "private": 0,
  "password": null
}