{
  "id": "gen9championsbssregma-2583099665",
  "format": "[Gen 9 Champions] BSS Reg M-A",
  "players": [
    "karbain",
    "bandai home"
  ],
  "log": "|j|\u2606karbain\n|j|\u2606bandai home\n|t:|1776141928\n|gametype|singles\n|player|p1|karbain|2|1420\n|player|p2|bandai home|170|1298\n|gen|9\n|tier|[Gen 9 Champions] BSS Reg M-A\n|rated|\n|rule|Species Clause: Limit one of each Pok\u00e9mon\n|rule|Item Clause: Limit 1 of each item\n|clearpoke\n|poke|p1|Charizard, L50, F|\n|poke|p1|Greninja-*, L50, M|\n|poke|p1|Hatterene, L50, F|\n|poke|p1|Gyarados, L50, M|\n|poke|p1|Kingambit, L50, M|\n|poke|p1|Mimikyu, L50, M|\n|poke|p2|Dragapult, L50, M|\n|poke|p2|Floette-Eternal, L50, F|\n|poke|p2|Scovillain, L50, F|\n|poke|p2|Kingambit, L50, F|\n|poke|p2|Corviknight, L50, F|\n|poke|p2|Arcanine-Hisui, L50, M|\n|teampreview|3\n|inactive|Battle timer is ON: inactive players will automatically lose when time's up. (requested by bandai home)\n|\n|t:|1776141974\n|teamsize|p1|3\n|teamsize|p2|3\n|start\n|switch|p1a: Greninja|Greninja, L50, M|100/100\n|switch|p2a: Dragapult|Dragapult, L50, M|100/100\n|turn|1\n|\n|t:|1776141979\n|move|p2a: Dragapult|Thunder Wave|p1a: Greninja\n|-status|p1a: Greninja|par\n|move|p1a: Greninja|Dark Pulse|p2a: Dragapult\n|-supereffective|p2a: Dragapult|1\n|-enditem|p2a: Dragapult|Focus Sash\n|-damage|p2a: Dragapult|1/100\n|\n|upkeep\n|turn|2\n|\n|t:|1776141987\n|move|p1a: Greninja|Water Shuriken|p2a: Dragapult\n|-resisted|p2a: Dragapult|1\n|-damage|p2a: Dragapult|0 fnt\n|faint|p2a: Dragapult\n|-hitcount|p2: Dragapult|1\n|\n|upkeep\n|j| p74\n|\n|t:|1776141995\n|switch|p2a: Floette|Floette-Eternal, L50, F|100/100\n|turn|3\n|\n|t:|1776141999\n|switch|p1a: Charizard|Charizard, L50, F|100/100\n|detailschange|p2a: Floette|Floette-Mega, L50, F\n|-mega|p2a: Floette|Floette|Floettite\n|-ability|p2a: Floette|Fairy Aura\n|move|p2a: Floette|Calm Mind|p2a: Floette\n|-boost|p2a: Floette|spa|1\n|-boost|p2a: Floette|spd|1\n|\n|upkeep\n|turn|4\n|\n|t:|1776142009\n|detailschange|p1a: Charizard|Charizard-Mega-X, L50, F\n|-mega|p1a: Charizard|Charizard|Charizardite X\n|move|p2a: Floette|Moonblast|p1a: Charizard\n|-crit|p1a: Charizard\n|-damage|p1a: Charizard|0 fnt\n|faint|p1a: Charizard\n|\n|upkeep\n|\n|t:|1776142015\n|switch|p1a: Gyarados|Gyarados, L50, M|100/100\n|-ability|p1a: Gyarados|Intimidate|boost\n|-unboost|p2a: Floette|atk|1\n|turn|5\n|\n|t:|1776142022\n|move|p2a: Floette|Moonblast|p1a: Gyarados\n|-damage|p1a: Gyarados|0 fnt\n|faint|p1a: Gyarados\n|\n|upkeep\n|\n|t:|1776142026\n|switch|p1a: Greninja|Greninja, L50, M|100/100 par\n|turn|6\n|\n|t:|1776142029\n|move|p2a: Floette|Moonblast|p1a: Greninja\n|-supereffective|p1a: Greninja|1\n|-enditem|p1a: Greninja|Focus Sash\n|-damage|p1a: Greninja|1/100 par\n|move|p1a: Greninja|Surf|p2a: Floette\n|-damage|p2a: Floette|71/100\n|\n|upkeep\n|turn|7\n|-message|karbain forfeited.\n|\n|win|bandai home\n|raw|karbain's rating: 1420 &rarr; <strong>1393</strong><br />(-27 for losing)\n|raw|bandai home's rating: 1298 &rarr; <strong>1331</strong><br />(+33 for winning)\n|l|\u2606karbain\n|player|p1|\n|l|\u2606bandai home\n|player|p2|\n",
  "uploadtime": 1776142042,
  "views": 4,
  "formatid": "gen9championsbssregma",
  "rating": 1331,
  "private": 0,
  "password": null
}