{
  "id": "gen9championsbssregma-2583307404",
  "format": "[Gen 9 Champions] BSS Reg M-A",
  "players": [
    "harap",
    "chessboxer316"
  ],
  "log": "|j|\u2606harap\n|j|\u2606chessboxer316\n|t:|1776165383\n|gametype|singles\n|player|p1|harap|170|1261\n|player|p2|chessboxer316|hilbert|1273\n|gen|9\n|tier|[Gen 9 Champions] BSS Reg M-A\n|rated|\n|rule|Species Clause: Limit one of each Pok\u00e9mon\n|rule|Item Clause: Limit 1 of each item\n|clearpoke\n|poke|p1|Ampharos, L50, M|\n|poke|p1|Azumarill, L50, F|\n|poke|p1|Slowking-Galar, L50, M|\n|poke|p1|Umbreon, L50, F|\n|poke|p1|Scizor, L50, M|\n|poke|p1|Skarmory, L50, M|\n|poke|p2|Gyarados, L50, F|\n|poke|p2|Garchomp, L50, M|\n|poke|p2|Houndoom, L50, M|\n|poke|p2|Primarina, L50, M|\n|poke|p2|Aegislash, L50, M|\n|poke|p2|Glimmora, L50, M|\n|teampreview|3\n|inactive|Battle timer is ON: inactive players will automatically lose when time's up. (requested by chessboxer316)\n|\n|t:|1776165412\n|teamsize|p1|3\n|teamsize|p2|3\n|start\n|switch|p1a: Skarmory|Skarmory, L50, M|100/100\n|switch|p2a: Glimmora|Glimmora, L50, M|100/100\n|turn|1\n|\n|t:|1776165421\n|switch|p2a: Gyarados|Gyarados, L50, F|100/100\n|-ability|p2a: Gyarados|Intimidate|boost\n|-unboost|p1a: Skarmory|atk|1\n|move|p1a: Skarmory|Stealth Rock|p2a: Gyarados\n|-sidestart|p2: chessboxer316|move: Stealth Rock\n|\n|upkeep\n|turn|2\n|j| p74\n|\n|t:|1776165432\n|switch|p1a: Umbreon|Umbreon, L50, F|100/100\n|move|p2a: Gyarados|Taunt|p1a: Umbreon\n|-start|p1a: Umbreon|move: Taunt\n|\n|upkeep\n|turn|3\n|\n|t:|1776165442\n|switch|p1a: Skarmory|Skarmory, L50, M|100/100\n|move|p2a: Gyarados|Waterfall|p1a: Skarmory\n|-damage|p1a: Skarmory|78/100\n|\n|upkeep\n|turn|4\n|l| p74\n|\n|t:|1776165450\n|switch|p1a: Umbreon|Umbreon, L50, F|100/100\n|move|p2a: Gyarados|Taunt|p1a: Umbreon\n|-start|p1a: Umbreon|move: Taunt\n|\n|upkeep\n|turn|5\n|\n|t:|1776165457\n|move|p2a: Gyarados|Dragon Dance|p2a: Gyarados\n|-boost|p2a: Gyarados|atk|1\n|-boost|p2a: Gyarados|spe|1\n|move|p1a: Umbreon|Foul Play|p2a: Gyarados\n|-damage|p2a: Gyarados|33/100\n|\n|upkeep\n|turn|6\n|\n|t:|1776165465\n|detailschange|p2a: Gyarados|Gyarados-Mega, L50, F\n|-mega|p2a: Gyarados|Gyarados|Gyaradosite\n|-ability|p2a: Gyarados|Mold Breaker\n|move|p2a: Gyarados|Waterfall|p1a: Umbreon\n|-damage|p1a: Umbreon|62/100\n|move|p1a: Umbreon|Foul Play|p2a: Gyarados\n|-resisted|p2a: Gyarados|1\n|-damage|p2a: Gyarados|1/100\n|\n|-heal|p1a: Umbreon|68/100|[from] item: Leftovers\n|-end|p1a: Umbreon|move: Taunt\n|upkeep\n|turn|7\n|\n|t:|1776165478\n|move|p2a: Gyarados|Waterfall|p1a: Umbreon\n|-damage|p1a: Umbreon|26/100\n|move|p1a: Umbreon|Foul Play|p2a: Gyarados\n|-resisted|p2a: Gyarados|1\n|-damage|p2a: Gyarados|0 fnt\n|faint|p2a: Gyarados\n|\n|-heal|p1a: Umbreon|32/100|[from] item: Leftovers\n|upkeep\n|\n|t:|1776165497\n|switch|p2a: Houndoom|Houndoom, L50, M|100/100\n|-damage|p2a: Houndoom|76/100|[from] Stealth Rock\n|turn|8\n|j| p74\n|inactive|harap has 30 seconds left.\n|\n|t:|1776165529\n|move|p2a: Houndoom|Fire Blast|p1a: Umbreon\n|-damage|p1a: Umbreon|0 fnt\n|faint|p1a: Umbreon\n|\n|upkeep\n|\n|t:|1776165534\n|switch|p1a: Azumarill|Azumarill, L50, F|100/100\n|turn|9\n|\n|t:|1776165541\n|switch|p2a: Glimmora|Glimmora, L50, M|100/100\n|-damage|p2a: Glimmora|88/100|[from] Stealth Rock\n|move|p1a: Azumarill|Aqua Jet|p2a: Glimmora\n|-supereffective|p2a: Glimmora|1\n|-damage|p2a: Glimmora|52/100\n|-activate|p2a: Glimmora|ability: Toxic Debris\n|-sidestart|p1: harap|move: Toxic Spikes\n|\n|upkeep\n|turn|10\n|\n|t:|1776165557\n|switch|p1a: Skarmory|Skarmory, L50, M|78/100\n|move|p2a: Glimmora|Mortal Spin|p1a: Skarmory\n|-immune|p1a: Skarmory\n|\n|upkeep\n|turn|11\n|\n|t:|1776165567\n|detailschange|p1a: Skarmory|Skarmory-Mega, L50, M\n|-mega|p1a: Skarmory|Skarmory|Skarmorite\n|move|p1a: Skarmory|Drill Run|p2a: Glimmora\n|-supereffective|p2a: Glimmora|2\n|-damage|p2a: Glimmora|0 fnt\n|-activate|p2a: Glimmora|ability: Toxic Debris\n|-sidestart|p1: harap|move: Toxic Spikes\n|faint|p2a: Glimmora\n|\n|upkeep\n|\n|t:|1776165575\n|switch|p2a: Houndoom|Houndoom, L50, M|76/100\n|-damage|p2a: Houndoom|51/100|[from] Stealth Rock\n|turn|12\n|\n|t:|1776165582\n|move|p2a: Houndoom|Fire Blast|p1a: Skarmory\n|-supereffective|p1a: Skarmory|1\n|-damage|p1a: Skarmory|0 fnt\n|faint|p1a: Skarmory\n|\n|upkeep\n|\n|t:|1776165587\n|switch|p1a: Azumarill|Azumarill, L50, F|100/100\n|-status|p1a: Azumarill|tox\n|turn|13\n|\n|t:|1776165592\n|move|p1a: Azumarill|Aqua Jet|p2a: Houndoom\n|-supereffective|p2a: Houndoom|1\n|-damage|p2a: Houndoom|0 fnt\n|faint|p2a: Houndoom\n|\n|win|harap\n|raw|harap's rating: 1261 &rarr; <strong>1287</strong><br />(+26 for winning)\n|raw|chessboxer316's rating: 1273 &rarr; <strong>1247</strong><br />(-26 for losing)\n|l|\u2606chessboxer316\n|player|p2|\n|l|\u2606harap\n|player|p1|\n",
  "uploadtime": 1776165621,
  "views": 2,
  "formatid": "gen9championsbssregma",
  "rating": 1247,
  "private": 0,
  "password": null
}