{
  "id": "gen9championsbssregma-2588678956",
  "format": "[Gen 9 Champions] BSS Reg M-A",
  "players": [
    "meteor1101",
    "ninano200"
  ],
  "log": "|j|\u2606meteor1101\n|j|\u2606ninano200\n|t:|1776656856\n|gametype|singles\n|player|p1|meteor1101|acetrainerf|1358\n|player|p2|ninano200|169|1431\n|gen|9\n|tier|[Gen 9 Champions] BSS Reg M-A\n|rated|\n|rule|Species Clause: Limit one of each Pok\u00e9mon\n|rule|Item Clause: Limit 1 of each item\n|clearpoke\n|poke|p1|Kingambit, L50, M|\n|poke|p1|Meowscarada, L50, M|\n|poke|p1|Basculegion, L50, M|\n|poke|p1|Mimikyu, L50, F|\n|poke|p1|Victreebel, L50, M|\n|poke|p1|Dragonite, L50, F|\n|poke|p2|Charizard, L50, F|\n|poke|p2|Mimikyu, L50, F|\n|poke|p2|Greninja, L50, M|\n|poke|p2|Hippowdon, L50, F|\n|poke|p2|Corviknight, L50, M|\n|poke|p2|Lucario, L50, M|\n|teampreview|3\n|inactive|Battle timer is ON: inactive players will automatically lose when time's up. (requested by ninano200)\n|inactive|meteor1101 has 60 seconds left.\n|\n|t:|1776656905\n|teamsize|p1|3\n|teamsize|p2|3\n|start\n|switch|p1a: Meowscarada|Meowscarada, L50, M|100/100\n|switch|p2a: Corviknight|Corviknight, L50, M|100/100\n|-ability|p2a: Corviknight|Pressure\n|turn|1\n|\n|t:|1776656909\n|move|p1a: Meowscarada|Knock Off|p2a: Corviknight\n|-start|p1a: Meowscarada|typechange|Dark|[from] ability: Protean\n|-damage|p2a: Corviknight|71/100\n|-enditem|p2a: Corviknight|Leftovers|[from] move: Knock Off|[of] p1a: Meowscarada\n|move|p2a: Corviknight|U-turn|p1a: Meowscarada\n|-supereffective|p1a: Meowscarada|1\n|-damage|p1a: Meowscarada|53/100\n|\n|t:|1776656913\n|switch|p2a: Lucario|Lucario, L50, M|100/100|[from] U-turn\n|\n|upkeep\n|turn|2\n|\n|t:|1776656917\n|switch|p1a: Dragonite|Dragonite, L50, F|100/100\n|detailschange|p2a: Lucario|Lucario-Mega, L50, M\n|-mega|p2a: Lucario|Lucario|Lucarionite\n|move|p2a: Lucario|Bullet Punch|p1a: Dragonite\n|-damage|p1a: Dragonite|81/100\n|\n|upkeep\n|turn|3\n|\n|t:|1776656923\n|detailschange|p1a: Dragonite|Dragonite-Mega, L50, F\n|-mega|p1a: Dragonite|Dragonite|Dragoninite\n|move|p2a: Lucario|Meteor Mash|p1a: Dragonite\n|-damage|p1a: Dragonite|11/100\n|move|p1a: Dragonite|Flamethrower|p2a: Lucario\n|-supereffective|p2a: Lucario|1\n|-crit|p2a: Lucario\n|-damage|p2a: Lucario|0 fnt\n|faint|p2a: Lucario\n|\n|upkeep\n|\n|t:|1776656930\n|switch|p2a: Mimikyu|Mimikyu, L50, F|100/100\n|turn|4\n|\n|t:|1776656933\n|switch|p1a: Meowscarada|Meowscarada, L50, M|53/100\n|move|p2a: Mimikyu|Swords Dance|p2a: Mimikyu\n|-boost|p2a: Mimikyu|atk|2\n|\n|upkeep\n|turn|5\n|\n|t:|1776656936\n|move|p1a: Meowscarada|Triple Axel|p2a: Mimikyu\n|-start|p1a: Meowscarada|typechange|Ice|[from] ability: Protean\n|-activate|p2a: Mimikyu|ability: Disguise\n|-damage|p2a: Mimikyu|100/100\n|detailschange|p2a: Mimikyu|Mimikyu-Busted, L50, F\n|-damage|p2a: Mimikyu|89/100|[from] pokemon: Mimikyu-Busted\n|-damage|p2a: Mimikyu|65/100\n|-damage|p2a: Mimikyu|33/100\n|-hitcount|p2a: Mimikyu|3\n|move|p2a: Mimikyu|Drain Punch|p1a: Meowscarada\n|-supereffective|p1a: Meowscarada|1\n|-damage|p1a: Meowscarada|0 fnt\n|-heal|p2a: Mimikyu|59/100|[from] drain|[of] p1a: Meowscarada\n|faint|p1a: Meowscarada\n|\n|upkeep\n|\n|t:|1776656947\n|switch|p1a: Mimikyu|Mimikyu, L50, F|100/100\n|turn|6\n|\n|t:|1776656952\n|switch|p2a: Corviknight|Corviknight, L50, M|71/100\n|-ability|p2a: Corviknight|Pressure\n|move|p1a: Mimikyu|Shadow Sneak|p2a: Corviknight\n|-crit|p2a: Corviknight\n|-damage|p2a: Corviknight|53/100\n|\n|upkeep\n|turn|7\n|\n|t:|1776656955\n|move|p1a: Mimikyu|Swords Dance|p1a: Mimikyu\n|-boost|p1a: Mimikyu|atk|2\n|move|p2a: Corviknight|Roost|p2a: Corviknight\n|-heal|p2a: Corviknight|100/100\n|-singleturn|p2a: Corviknight|move: Roost\n|\n|upkeep\n|turn|8\n|\n|t:|1776656960\n|move|p1a: Mimikyu|Swords Dance|p1a: Mimikyu\n|-boost|p1a: Mimikyu|atk|2\n|move|p2a: Corviknight|Iron Defense|p2a: Corviknight\n|-boost|p2a: Corviknight|def|2\n|\n|upkeep\n|turn|9\n|\n|t:|1776656963\n|move|p1a: Mimikyu|Shadow Claw|p2a: Corviknight\n|-damage|p2a: Corviknight|72/100\n|move|p2a: Corviknight|Iron Defense|p2a: Corviknight\n|-boost|p2a: Corviknight|def|2\n|\n|upkeep\n|turn|10\n|-message|ninano200 forfeited.\n|\n|win|meteor1101\n|raw|meteor1101's rating: 1358 &rarr; <strong>1382</strong><br />(+24 for winning)\n|raw|ninano200's rating: 1431 &rarr; <strong>1407</strong><br />(-24 for losing)\n|l|\u2606ninano200\n|player|p2|\n|l|\u2606meteor1101\n|player|p1|\n",
  "uploadtime": 1776657015,
  "views": 0,
  "formatid": "gen9championsbssregma",
  "rating": 1382,
  "private": 0,
  "password": null
}