{
  "id": "gen9championsbssregma-2587070367",
  "format": "[Gen 9 Champions] BSS Reg M-A",
  "players": [
    "jaics",
    "mega.CHIVA"
  ],
  "log": "|j|\u2606jaics\n|j|\u2606mega.CHIVA\n|t:|1776489379\n|gametype|singles\n|player|p1|jaics|hoopster|1221\n|player|p2|mega.CHIVA|unknown|1189\n|gen|9\n|tier|[Gen 9 Champions] BSS Reg M-A\n|rated|\n|rule|Species Clause: Limit one of each Pok\u00e9mon\n|rule|Item Clause: Limit 1 of each item\n|clearpoke\n|poke|p1|Delphox, L50, M|\n|poke|p1|Espeon, L50, M|\n|poke|p1|Meowscarada, L50, M|\n|poke|p1|Garganacl, L50, F|\n|poke|p1|Scizor, L50, M|\n|poke|p1|Glimmora, L50, M|\n|poke|p2|Corviknight, L50, M|\n|poke|p2|Garchomp, L50, M|\n|poke|p2|Hawlucha, L50, M|\n|poke|p2|Sylveon, L50, F|\n|poke|p2|Greninja, L50, M|\n|poke|p2|Blastoise, L50, M|\n|teampreview|3\n|\n|t:|1776489410\n|teamsize|p1|3\n|teamsize|p2|3\n|start\n|switch|p1a: Meowscarada|Meowscarada, L50, M|100/100\n|switch|p2a: Sylveon|Sylveon, L50, F|100/100\n|turn|1\n|\n|t:|1776489417\n|move|p1a: Meowscarada|U-turn|p2a: Sylveon\n|-start|p1a: Meowscarada|typechange|Bug|[from] ability: Protean\n|-resisted|p2a: Sylveon|1\n|-damage|p2a: Sylveon|82/100\n|\n|t:|1776489420\n|switch|p1a: Glimmora|Glimmora, L50, M|100/100|[from] U-turn\n|move|p2a: Sylveon|Hyper Voice|p1a: Glimmora\n|-resisted|p1a: Glimmora|1\n|-damage|p1a: Glimmora|59/100\n|\n|upkeep\n|turn|2\n|\n|t:|1776489426\n|move|p1a: Glimmora|Stealth Rock|p2a: Sylveon\n|-sidestart|p2: mega.CHIVA|move: Stealth Rock\n|move|p2a: Sylveon|Psychic|p1a: Glimmora\n|-supereffective|p1a: Glimmora|1\n|-damage|p1a: Glimmora|0 fnt\n|faint|p1a: Glimmora\n|\n|upkeep\n|\n|t:|1776489434\n|switch|p1a: Delphox|Delphox, L50, M|100/100\n|turn|3\n|\n|t:|1776489440\n|detailschange|p1a: Delphox|Delphox-Mega, L50, M\n|-mega|p1a: Delphox|Delphox|Delphoxite\n|move|p1a: Delphox|Psychic|p2a: Sylveon\n|-damage|p2a: Sylveon|41/100\n|move|p2a: Sylveon|Shadow Ball|p1a: Delphox\n|-supereffective|p1a: Delphox|1\n|-damage|p1a: Delphox|48/100\n|\n|upkeep\n|turn|4\n|\n|t:|1776489447\n|move|p1a: Delphox|Psychic|p2a: Sylveon\n|-damage|p2a: Sylveon|4/100\n|move|p2a: Sylveon|Shadow Ball|p1a: Delphox\n|-supereffective|p1a: Delphox|1\n|-damage|p1a: Delphox|0 fnt\n|faint|p1a: Delphox\n|\n|upkeep\n|\n|t:|1776489450\n|switch|p1a: Meowscarada|Meowscarada, L50, M|100/100\n|turn|5\n|\n|t:|1776489463\n|move|p1a: Meowscarada|Flower Trick|p2a: Sylveon\n|-start|p1a: Meowscarada|typechange|Grass|[from] ability: Protean\n|-crit|p2a: Sylveon\n|-damage|p2a: Sylveon|0 fnt\n|faint|p2a: Sylveon\n|\n|upkeep\n|\n|t:|1776489469\n|switch|p2a: Greninja|Greninja, L50, M|100/100\n|-damage|p2a: Greninja|88/100|[from] Stealth Rock\n|turn|6\n|\n|t:|1776489473\n|move|p1a: Meowscarada|Flower Trick|p2a: Greninja\n|-supereffective|p2a: Greninja|1\n|-crit|p2a: Greninja\n|-damage|p2a: Greninja|0 fnt\n|faint|p2a: Greninja\n|\n|upkeep\n|\n|t:|1776489478\n|switch|p2a: Hawlucha|Hawlucha, L50, M|100/100\n|-damage|p2a: Hawlucha|88/100|[from] Stealth Rock\n|turn|7\n|\n|t:|1776489484\n|detailschange|p2a: Hawlucha|Hawlucha-Mega, L50, M\n|-mega|p2a: Hawlucha|Hawlucha|Hawluchanite\n|move|p1a: Meowscarada|Flower Trick|p2a: Hawlucha\n|-resisted|p2a: Hawlucha|1\n|-crit|p2a: Hawlucha\n|-damage|p2a: Hawlucha|61/100\n|move|p2a: Hawlucha|Flying Press|p1a: Meowscarada\n|-supereffective|p1a: Meowscarada|1\n|-damage|p1a: Meowscarada|0 fnt\n|faint|p1a: Meowscarada\n|\n|win|mega.CHIVA\n|raw|jaics's rating: 1221 &rarr; <strong>1194</strong><br />(-27 for losing)\n|raw|mega.CHIVA's rating: 1189 &rarr; <strong>1216</strong><br />(+27 for winning)\n",
  "uploadtime": 1776489495,
  "views": 3,
  "formatid": "gen9championsbssregma",
  "rating": 1194,
  "private": 0,
  "password": null
}