{
  "id": "gen9championsbssregma-2582970002",
  "format": "[Gen 9 Champions] BSS Reg M-A",
  "players": [
    "perdicionn",
    "deokso king"
  ],
  "log": "|j|\u2606perdicionn\n|j|\u2606deokso king\n|t:|1776129497\n|gametype|singles\n|player|p1|perdicionn|crasherwake|1240\n|player|p2|deokso king|bellelba|1182\n|gen|9\n|tier|[Gen 9 Champions] BSS Reg M-A\n|rated|\n|rule|Species Clause: Limit one of each Pok\u00e9mon\n|rule|Item Clause: Limit 1 of each item\n|clearpoke\n|poke|p1|Aegislash, L50, M|\n|poke|p1|Kingambit, L50, M|\n|poke|p1|Volcarona, L50, F|\n|poke|p1|Gyarados, L50, M|\n|poke|p1|Starmie, L50|\n|poke|p1|Manectric, L50, M|\n|poke|p2|Serperior, L50, F|\n|poke|p2|Kingambit, L50, M|\n|poke|p2|Garchomp, L50, M|\n|poke|p2|Gardevoir, L50, F|\n|poke|p2|Scizor, L50, F|\n|poke|p2|Primarina, L50, F|\n|teampreview|3\n|inactive|Battle timer is ON: inactive players will automatically lose when time's up. (requested by deokso king)\n|\n|t:|1776129526\n|teamsize|p1|3\n|teamsize|p2|3\n|start\n|switch|p1a: Volcarona|Volcarona, L50, F|100/100\n|switch|p2a: Garchomp|Garchomp, L50, M, shiny|100/100\n|turn|1\n|\n|t:|1776129530\n|switch|p1a: Gyarados|Gyarados, L50, M|100/100\n|-ability|p1a: Gyarados|Intimidate|boost\n|-unboost|p2a: Garchomp|atk|1\n|move|p2a: Garchomp|Dragon Tail|p1a: Gyarados\n|-damage|p1a: Gyarados|74/100\n|drag|p1a: Starmie|Starmie, L50|100/100\n|\n|upkeep\n|turn|2\n|\n|t:|1776129541\n|detailschange|p1a: Starmie|Starmie-Mega, L50\n|-mega|p1a: Starmie|Starmie|Starminite\n|move|p1a: Starmie|Ice Spinner|p2a: Garchomp\n|-supereffective|p2a: Garchomp|2\n|-damage|p2a: Garchomp|0 fnt\n|-damage|p1a: Starmie|89/100|[from] ability: Rough Skin|[of] p2a: Garchomp\n|faint|p2a: Garchomp\n|\n|upkeep\n|j| p74\n|\n|t:|1776129552\n|switch|p2a: Kingambit|Kingambit, L50, M|100/100\n|-activate|p2a: Kingambit|ability: Supreme Overlord\n|-start|p2a: Kingambit|fallen1|[silent]\n|turn|3\n|\n|t:|1776129555\n|move|p1a: Starmie|Bulk Up|p1a: Starmie\n|-boost|p1a: Starmie|atk|1\n|-boost|p1a: Starmie|def|1\n|move|p2a: Kingambit|Kowtow Cleave|p1a: Starmie\n|-supereffective|p1a: Starmie|1\n|-damage|p1a: Starmie|0 fnt\n|faint|p1a: Starmie\n|\n|upkeep\n|\n|t:|1776129556\n|switch|p1a: Volcarona|Volcarona, L50, F|100/100\n|turn|4\n|\n|t:|1776129570\n|move|p1a: Volcarona|Fiery Dance|p2a: Kingambit\n|-supereffective|p2a: Kingambit|1\n|-damage|p2a: Kingambit|21/100\n|move|p2a: Kingambit|Kowtow Cleave|p1a: Volcarona\n|-damage|p1a: Volcarona|9/100\n|\n|upkeep\n|turn|5\n|\n|t:|1776129579\n|move|p2a: Kingambit|Sucker Punch||[still]\n|-fail|p2a: Kingambit\n|move|p1a: Volcarona|Quiver Dance|p1a: Volcarona\n|-boost|p1a: Volcarona|spa|1\n|-boost|p1a: Volcarona|spd|1\n|-boost|p1a: Volcarona|spe|1\n|\n|upkeep\n|turn|6\n|\n|t:|1776129587\n|move|p2a: Kingambit|Sucker Punch|p1a: Volcarona|[miss]\n|-miss|p2a: Kingambit|p1a: Volcarona\n|move|p1a: Volcarona|Fiery Dance|p2a: Kingambit\n|-supereffective|p2a: Kingambit|1\n|-damage|p2a: Kingambit|0 fnt\n|faint|p2a: Kingambit\n|-end|p2a: Kingambit|fallen1|[silent]\n|\n|upkeep\n|\n|t:|1776129592\n|switch|p2a: Gardevoir|Gardevoir, L50, F|100/100\n|-ability|p2a: Gardevoir|Flame Body|Trace|[from] ability: Trace|[of] p1a: Volcarona\n|turn|7\n|\n|t:|1776129598\n|detailschange|p2a: Gardevoir|Gardevoir-Mega, L50, F\n|-mega|p2a: Gardevoir|Gardevoir|Gardevoirite\n|move|p2a: Gardevoir|Vacuum Wave|p1a: Volcarona\n|-resisted|p1a: Volcarona|1\n|-damage|p1a: Volcarona|2/100\n|move|p1a: Volcarona|Giga Drain|p2a: Gardevoir\n|-damage|p2a: Gardevoir|66/100\n|-heal|p1a: Volcarona|21/100|[from] drain|[of] p2a: Gardevoir\n|\n|upkeep\n|turn|8\n|j| Cold Steel III\n|\n|t:|1776129613\n|move|p1a: Volcarona|Bug Buzz|p2a: Gardevoir\n|-damage|p2a: Gardevoir|13/100\n|move|p2a: Gardevoir|Psychic Noise|p1a: Volcarona\n|-damage|p1a: Volcarona|0 fnt\n|faint|p1a: Volcarona\n|\n|upkeep\n|\n|t:|1776129616\n|switch|p1a: Gyarados|Gyarados, L50, M|74/100\n|-ability|p1a: Gyarados|Intimidate|boost\n|-unboost|p2a: Gardevoir|atk|1\n|turn|9\n|\n|t:|1776129621\n|move|p1a: Gyarados|Waterfall|p2a: Gardevoir\n|-damage|p2a: Gardevoir|0 fnt\n|faint|p2a: Gardevoir\n|\n|win|perdicionn\n|raw|perdicionn's rating: 1240 &rarr; <strong>1261</strong><br />(+21 for winning)\n|raw|deokso king's rating: 1182 &rarr; <strong>1161</strong><br />(-21 for losing)\n|l|\u2606deokso king\n|player|p2|\n|l|\u2606perdicionn\n|player|p1|\n",
  "uploadtime": 1776129685,
  "views": 2,
  "formatid": "gen9championsbssregma",
  "rating": 1161,
  "private": 0,
  "password": null
}