{
  "id": "gen9championsbssregma-2580796499",
  "format": "[Gen 9 Champions] BSS Reg M-A",
  "players": [
    "IronSpider22",
    "Juytre"
  ],
  "log": "|j|\u2606IronSpider22\n|j|\u2606Juytre\n|inactive|Battle timer is ON: inactive players will automatically lose when time's up.\n|t:|1775933201\n|gametype|singles\n|player|p1|IronSpider22|steven|\n|player|p2|Juytre|roxie-masters|\n|gen|9\n|tier|[Gen 9 Champions] BSS Reg M-A\n|rated|Tournament battle\n|rule|Species Clause: Limit one of each Pok\u00e9mon\n|rule|Item Clause: Limit 1 of each item\n|clearpoke\n|poke|p1|Sneasler, L50, M|\n|poke|p1|Basculegion, L50, M|\n|poke|p1|Meowscarada, L50, M|\n|poke|p1|Lopunny, L50, M|\n|poke|p1|Armarouge, L50, F|\n|poke|p1|Dragapult, L50, M|\n|poke|p2|Blastoise, L50, F|\n|poke|p2|Feraligatr, L50, M|\n|poke|p2|Hatterene, L50, F|\n|poke|p2|Dragapult, L50, M|\n|poke|p2|Kingambit, L50, F|\n|poke|p2|Lucario, L50, M|\n|teampreview|3\n|c|\u2606Juytre|Glhf\n|\n|t:|1775933224\n|teamsize|p1|3\n|teamsize|p2|3\n|start\n|switch|p1a: Sneasler|Sneasler, L50, M|100/100\n|switch|p2a: Feraligatr|Feraligatr, L50, M|100/100\n|turn|1\n|\n|t:|1775933230\n|detailschange|p2a: Feraligatr|Feraligatr-Mega, L50, M\n|-mega|p2a: Feraligatr|Feraligatr|Feraligite\n|move|p1a: Sneasler|Fake Out|p2a: Feraligatr\n|-damage|p2a: Feraligatr|86/100\n|cant|p2a: Feraligatr|flinch\n|\n|upkeep\n|turn|2\n|\n|t:|1775933236\n|move|p1a: Sneasler|Dire Claw|p2a: Feraligatr\n|-damage|p2a: Feraligatr|36/100\n|-status|p2a: Feraligatr|psn\n|move|p2a: Feraligatr|Dragon Dance|p2a: Feraligatr\n|-boost|p2a: Feraligatr|atk|1\n|-boost|p2a: Feraligatr|spe|1\n|\n|-damage|p2a: Feraligatr|24/100 psn|[from] psn\n|upkeep\n|turn|3\n|c|\u2606Juytre|Damn\n|j| TheNewBrends11@!\n|\n|t:|1775933244\n|move|p2a: Feraligatr|Earthquake|p1a: Sneasler\n|-supereffective|p1a: Sneasler|1\n|-damage|p1a: Sneasler|0 fnt\n|faint|p1a: Sneasler\n|\n|-damage|p2a: Feraligatr|12/100 psn|[from] psn\n|upkeep\n|\n|t:|1775933251\n|switch|p1a: Basculegion|Basculegion, L50, M|100/100\n|turn|4\n|\n|t:|1775933259\n|move|p2a: Feraligatr|Double-Edge|p1a: Basculegion\n|-damage|p1a: Basculegion|0 fnt\n|faint|p1a: Basculegion\n|-damage|p2a: Feraligatr|0 fnt|[from] Recoil\n|faint|p2a: Feraligatr\n|\n|upkeep\n|\n|t:|1775933264\n|switch|p2a: Dragapult|Dragapult, L50, M|100/100\n|switch|p1a: Lopunny|Lopunny, L50, M|100/100\n|turn|5\n|\n|t:|1775933268\n|detailschange|p1a: Lopunny|Lopunny-Mega, L50, M\n|-mega|p1a: Lopunny|Lopunny|Lopunnite\n|move|p2a: Dragapult|Draco Meteor|p1a: Lopunny|[miss]\n|-miss|p2a: Dragapult|p1a: Lopunny\n|move|p1a: Lopunny|Play Rough|p2a: Dragapult\n|-supereffective|p2a: Dragapult|1\n|-damage|p2a: Dragapult|11/100\n|\n|upkeep\n|turn|6\n|c|\u2606Juytre|Ok\n|\n|t:|1775933276\n|move|p2a: Dragapult|Draco Meteor|p1a: Lopunny\n|-crit|p1a: Lopunny\n|-damage|p1a: Lopunny|0 fnt\n|-unboost|p2a: Dragapult|spa|2\n|faint|p1a: Lopunny\n|\n|win|Juytre\n|n|\u2606IronSpider22|ironspider22\n|n|\u2606Juytre|juytre\n|n| TheNewBrends11@!|thenewbrends11\n|c|\u2606Juytre|Gg\n|l|\u2606IronSpider22\n|player|p1|\n|j| klini\n|l| klini\n",
  "uploadtime": 1775933524,
  "views": 14,
  "formatid": "gen9championsbssregma",
  "rating": null,
  "private": 0,
  "password": null
}