{
  "id": "gen9championsbssregma-2586288272",
  "format": "[Gen 9 Champions] BSS Reg M-A",
  "players": [
    "st1test",
    "Bbbkty"
  ],
  "log": "|j|\u2606st1test\n|j|\u2606Bbbkty\n|t:|1776421611\n|gametype|singles\n|player|p1|st1test|unknownf|1025\n|player|p2|Bbbkty|2|1094\n|gen|9\n|tier|[Gen 9 Champions] BSS Reg M-A\n|rated|\n|rule|Species Clause: Limit one of each Pok\u00e9mon\n|rule|Item Clause: Limit 1 of each item\n|clearpoke\n|poke|p1|Starmie, L50|\n|poke|p1|Corviknight, L50, M|\n|poke|p1|Clefable, L50, M|\n|poke|p1|Skeledirge, L50, F|\n|poke|p1|Rotom-Wash, L50|\n|poke|p1|Kingambit, L50, M|\n|poke|p2|Clefable, L50, F|\n|poke|p2|Charizard, L50, M|\n|poke|p2|Mimikyu, L50, M|\n|poke|p2|Kingambit, L50, F|\n|poke|p2|Espathra, L50, M|\n|poke|p2|Glimmora, L50, M|\n|teampreview|3\n|inactive|Battle timer is ON: inactive players will automatically lose when time's up. (requested by st1test)\n|\n|t:|1776421640\n|teamsize|p1|3\n|teamsize|p2|3\n|start\n|switch|p1a: Rotom|Rotom-Wash, L50|100/100\n|switch|p2a: Glimmora|Glimmora, L50, M, shiny|100/100\n|turn|1\n|\n|t:|1776421655\n|move|p1a: Rotom|Trick|p2a: Glimmora\n|-activate|p1a: Rotom|move: Trick|[of] p2a: Glimmora\n|-item|p2a: Glimmora|Choice Scarf|[from] move: Trick\n|-item|p1a: Rotom|Focus Sash|[from] move: Trick\n|move|p2a: Glimmora|Stealth Rock|p1a: Rotom\n|-sidestart|p1: st1test|move: Stealth Rock\n|\n|upkeep\n|turn|2\n|\n|t:|1776421661\n|switch|p2a: Espathra|Espathra, L50, M, shiny|100/100\n|move|p1a: Rotom|Hydro Pump|p2a: Espathra\n|-damage|p2a: Espathra|33/100\n|-enditem|p2a: Espathra|Sitrus Berry|[eat]\n|-heal|p2a: Espathra|58/100|[from] item: Sitrus Berry\n|\n|upkeep\n|turn|3\n|\n|t:|1776421673\n|move|p1a: Rotom|Volt Switch|p2a: Espathra\n|-damage|p2a: Espathra|19/100\n|\n|t:|1776421677\n|switch|p1a: Starmie|Starmie, L50|100/100|[from] Volt Switch\n|-damage|p1a: Starmie|88/100|[from] Stealth Rock\n|move|p2a: Espathra|Calm Mind|p2a: Espathra\n|-boost|p2a: Espathra|spa|1\n|-boost|p2a: Espathra|spd|1\n|\n|-ability|p2a: Espathra|Speed Boost|boost\n|-boost|p2a: Espathra|spe|1\n|upkeep\n|turn|4\n|\n|t:|1776421689\n|detailschange|p1a: Starmie|Starmie-Mega, L50\n|-mega|p1a: Starmie|Starmie|Starminite\n|move|p2a: Espathra|Protect|p2a: Espathra\n|-singleturn|p2a: Espathra|Protect\n|move|p1a: Starmie|Aqua Jet|p2a: Espathra\n|-activate|p2a: Espathra|move: Protect\n|\n|-ability|p2a: Espathra|Speed Boost|boost\n|-boost|p2a: Espathra|spe|1\n|upkeep\n|turn|5\n|\n|t:|1776421698\n|move|p1a: Starmie|Aqua Jet|p2a: Espathra\n|-damage|p2a: Espathra|0 fnt\n|faint|p2a: Espathra\n|\n|upkeep\n|\n|t:|1776421701\n|switch|p2a: Clefable|Clefable, L50, F, shiny|100/100\n|turn|6\n|\n|t:|1776421708\n|detailschange|p2a: Clefable|Clefable-Mega, L50, F, shiny\n|-mega|p2a: Clefable|Clefable|Clefablite\n|move|p1a: Starmie|Liquidation|p2a: Clefable\n|-damage|p2a: Clefable|47/100\n|move|p2a: Clefable|Calm Mind|p2a: Clefable\n|-boost|p2a: Clefable|spa|1\n|-boost|p2a: Clefable|spd|1\n|\n|upkeep\n|turn|7\n|\n|t:|1776421715\n|move|p1a: Starmie|Liquidation|p2a: Clefable\n|-damage|p2a: Clefable|0 fnt\n|faint|p2a: Clefable\n|\n|upkeep\n|\n|t:|1776421718\n|switch|p2a: Glimmora|Glimmora, L50, M, shiny|100/100\n|turn|8\n|\n|t:|1776421722\n|move|p2a: Glimmora|Power Gem|p1a: Starmie\n|-damage|p1a: Starmie|38/100\n|move|p1a: Starmie|Liquidation|p2a: Glimmora\n|-supereffective|p2a: Glimmora|1\n|-damage|p2a: Glimmora|0 fnt\n|-activate|p2a: Glimmora|ability: Toxic Debris\n|-sidestart|p1: st1test|move: Toxic Spikes\n|faint|p2a: Glimmora\n|\n|win|st1test\n|raw|st1test's rating: 1025 &rarr; <strong>1068</strong><br />(+43 for winning)\n|raw|Bbbkty's rating: 1094 &rarr; <strong>1065</strong><br />(-29 for losing)\n",
  "uploadtime": 1776421725,
  "views": 8,
  "formatid": "gen9championsbssregma",
  "rating": 1065,
  "private": 0,
  "password": null
}