{
  "id": "gen9championsbssregma-2585541463",
  "format": "[Gen 9 Champions] BSS Reg M-A",
  "players": [
    "TrainerXay",
    "Millygan15"
  ],
  "log": "|j|\u2606TrainerXay\n|j|\u2606Millygan15\n|t:|1776354361\n|gametype|singles\n|player|p1|TrainerXay|hilbert-wonderlauncher|1085\n|player|p2|Millygan15|volkner|1027\n|gen|9\n|tier|[Gen 9 Champions] BSS Reg M-A\n|rated|\n|rule|Species Clause: Limit one of each Pok\u00e9mon\n|rule|Item Clause: Limit 1 of each item\n|clearpoke\n|poke|p1|Meowscarada, L50, M|\n|poke|p1|Lopunny, L50, M|\n|poke|p1|Sableye, L50, M|\n|poke|p1|Slowking-Galar, L50, M|\n|poke|p1|Raichu-Alola, L50, F|\n|poke|p1|Aegislash, L50, F|\n|poke|p2|Garchomp, L50, F|\n|poke|p2|Meganium, L50, F|\n|poke|p2|Incineroar, L50, M|\n|poke|p2|Empoleon, L50, M|\n|poke|p2|Ariados, L50, F|\n|poke|p2|Toucannon, L50, F|\n|teampreview|3\n|inactive|Battle timer is ON: inactive players will automatically lose when time's up. (requested by TrainerXay)\n|inactive|TrainerXay has 60 seconds left.\n|inactive|Millygan15 has 60 seconds left.\n|\n|t:|1776354404\n|teamsize|p1|3\n|teamsize|p2|3\n|start\n|switch|p1a: Lopunny|Lopunny, L50, M|100/100\n|switch|p2a: Incineroar|Incineroar, L50, M|100/100\n|-ability|p2a: Incineroar|Intimidate|boost\n|-unboost|p1a: Lopunny|atk|1\n|turn|1\n|\n|t:|1776354416\n|detailschange|p1a: Lopunny|Lopunny-Mega, L50, M\n|-mega|p1a: Lopunny|Lopunny|Lopunnite\n|move|p1a: Lopunny|Fake Out|p2a: Incineroar\n|-damage|p2a: Incineroar|83/100\n|cant|p2a: Incineroar|flinch\n|\n|upkeep\n|turn|2\n|\n|t:|1776354428\n|move|p1a: Lopunny|Close Combat|p2a: Incineroar\n|-supereffective|p2a: Incineroar|1\n|-damage|p2a: Incineroar|0 fnt\n|-unboost|p1a: Lopunny|def|1\n|-unboost|p1a: Lopunny|spd|1\n|faint|p2a: Incineroar\n|\n|upkeep\n|\n|t:|1776354431\n|switch|p2a: Toucannon|Toucannon, L50, F|100/100\n|turn|3\n|\n|t:|1776354441\n|switch|p1a: Aegislash|Aegislash, L50, F|100/100\n|move|p2a: Toucannon|Flame Charge|p1a: Aegislash\n|-supereffective|p1a: Aegislash|1\n|-damage|p1a: Aegislash|72/100\n|-boost|p2a: Toucannon|spe|1\n|\n|-heal|p1a: Aegislash|78/100|[from] item: Leftovers\n|upkeep\n|turn|4\n|\n|t:|1776354455\n|move|p1a: Aegislash|King's Shield|p1a: Aegislash\n|-singleturn|p1a: Aegislash|Protect\n|move|p2a: Toucannon|Tailwind|p2a: Toucannon\n|-sidestart|p2: Millygan15|move: Tailwind\n|\n|-heal|p1a: Aegislash|84/100|[from] item: Leftovers\n|upkeep\n|turn|5\n|\n|t:|1776354461\n|move|p2a: Toucannon|Rock Blast|p1a: Aegislash\n|-resisted|p1a: Aegislash|1\n|-damage|p1a: Aegislash|81/100\n|-resisted|p1a: Aegislash|1\n|-damage|p1a: Aegislash|78/100\n|-resisted|p1a: Aegislash|1\n|-crit|p1a: Aegislash\n|-damage|p1a: Aegislash|73/100\n|-resisted|p1a: Aegislash|1\n|-damage|p1a: Aegislash|70/100\n|-resisted|p1a: Aegislash|1\n|-crit|p1a: Aegislash\n|-damage|p1a: Aegislash|65/100\n|-hitcount|p1a: Aegislash|5\n|cant|p1a: Aegislash|flinch\n|\n|-heal|p1a: Aegislash|71/100|[from] item: Leftovers\n|upkeep\n|turn|6\n|\n|t:|1776354483\n|move|p1a: Aegislash|King's Shield|p1a: Aegislash\n|-singleturn|p1a: Aegislash|Protect\n|move|p2a: Toucannon|Rock Blast|p1a: Aegislash\n|-activate|p1a: Aegislash|move: Protect\n|\n|-heal|p1a: Aegislash|77/100|[from] item: Leftovers\n|upkeep\n|turn|7\n|\n|t:|1776354502\n|move|p2a: Toucannon|Flame Charge|p1a: Aegislash\n|-supereffective|p1a: Aegislash|1\n|-damage|p1a: Aegislash|50/100\n|-boost|p2a: Toucannon|spe|1\n|cant|p1a: Aegislash|flinch\n|\n|-heal|p1a: Aegislash|56/100|[from] item: Leftovers\n|-sideend|p2: Millygan15|move: Tailwind\n|upkeep\n|turn|8\n|inactive|TrainerXay has 30 seconds left.\n|inactive|TrainerXay has 20 seconds left.\n|\n|t:|1776354540\n|move|p1a: Aegislash|King's Shield|p1a: Aegislash\n|-singleturn|p1a: Aegislash|Protect\n|move|p2a: Toucannon|Rock Blast|p1a: Aegislash\n|-activate|p1a: Aegislash|move: Protect\n|\n|-heal|p1a: Aegislash|62/100|[from] item: Leftovers\n|upkeep\n|turn|9\n|\n|t:|1776354551\n|switch|p1a: Slowking|Slowking-Galar, L50, M|100/100\n|move|p2a: Toucannon|Rock Blast|p1a: Slowking\n|-damage|p1a: Slowking|94/100\n|-damage|p1a: Slowking|87/100\n|-damage|p1a: Slowking|80/100\n|-damage|p1a: Slowking|73/100\n|-damage|p1a: Slowking|67/100\n|-hitcount|p1a: Slowking|5\n|\n|upkeep\n|turn|10\n|\n|t:|1776354557\n|move|p2a: Toucannon|Rock Blast|p1a: Slowking\n|-damage|p1a: Slowking|60/100\n|-damage|p1a: Slowking|53/100\n|-damage|p1a: Slowking|47/100\n|-enditem|p1a: Slowking|Sitrus Berry|[eat]\n|-heal|p1a: Slowking|71/100|[from] item: Sitrus Berry\n|-damage|p1a: Slowking|65/100\n|-damage|p1a: Slowking|58/100\n|-hitcount|p1a: Slowking|5\n|-prepare|p1a: Slowking|Chilly Reception|[premajor]\n|move|p1a: Slowking|Chilly Reception|p1a: Slowking\n|-weather|Snowscape\n|\n|t:|1776354560\n|switch|p1a: Lopunny|Lopunny-Mega, L50, M|100/100|[from] Chilly Reception\n|\n|-weather|Snowscape|[upkeep]\n|upkeep\n|turn|11\n|\n|t:|1776354577\n|move|p1a: Lopunny|Fake Out|p2a: Toucannon\n|-damage|p2a: Toucannon|67/100\n|cant|p2a: Toucannon|flinch\n|\n|-weather|Snowscape|[upkeep]\n|upkeep\n|turn|12\n|\n|t:|1776354587\n|switch|p1a: Slowking|Slowking-Galar, L50, M|92/100\n|move|p2a: Toucannon|Bullet Seed|p1a: Slowking\n|-resisted|p1a: Slowking|1\n|-damage|p1a: Slowking|88/100\n|-resisted|p1a: Slowking|1\n|-damage|p1a: Slowking|85/100\n|-resisted|p1a: Slowking|1\n|-damage|p1a: Slowking|82/100\n|-resisted|p1a: Slowking|1\n|-damage|p1a: Slowking|79/100\n|-resisted|p1a: Slowking|1\n|-damage|p1a: Slowking|76/100\n|-hitcount|p1a: Slowking|5\n|\n|-weather|Snowscape|[upkeep]\n|upkeep\n|turn|13\n|\n|t:|1776354600\n|move|p2a: Toucannon|Rock Blast|p1a: Slowking\n|-damage|p1a: Slowking|69/100\n|-damage|p1a: Slowking|62/100\n|-damage|p1a: Slowking|55/100\n|-damage|p1a: Slowking|49/100\n|-damage|p1a: Slowking|42/100\n|-hitcount|p1a: Slowking|5\n|-prepare|p1a: Slowking|Chilly Reception|[premajor]\n|cant|p1a: Slowking|flinch\n|\n|-weather|Snowscape|[upkeep]\n|upkeep\n|turn|14\n|\n|t:|1776354609\n|move|p2a: Toucannon|Rock Blast|p1a: Slowking\n|-damage|p1a: Slowking|36/100\n|-damage|p1a: Slowking|29/100\n|-damage|p1a: Slowking|22/100\n|-damage|p1a: Slowking|16/100\n|-damage|p1a: Slowking|9/100\n|-hitcount|p1a: Slowking|5\n|-prepare|p1a: Slowking|Chilly Reception|[premajor]\n|move|p1a: Slowking|Chilly Reception|p1a: Slowking\n|\n|t:|1776354614\n|switch|p1a: Lopunny|Lopunny-Mega, L50, M|100/100|[from] Chilly Reception\n|\n|-weather|none\n|upkeep\n|turn|15\n|-message|Millygan15 forfeited.\n|\n|win|TrainerXay\n|raw|TrainerXay's rating: 1085 &rarr; <strong>1108</strong><br />(+23 for winning)\n|raw|Millygan15's rating: 1027 &rarr; <strong>1015</strong><br />(-12 for losing)\n|l|\u2606Millygan15\n|player|p2|\n",
  "uploadtime": 1776354653,
  "views": 5,
  "formatid": "gen9championsbssregma",
  "rating": 1015,
  "private": 0,
  "password": null
}