{
  "id": "gen9championsbssregma-2582432920",
  "format": "[Gen 9 Champions] BSS Reg M-A",
  "players": [
    "csgogo",
    "gshs5"
  ],
  "log": "|j|\u2606csgogo\n|j|\u2606gshs5\n|t:|1776091348\n|gametype|singles\n|player|p1|csgogo|hiker-gen4|1116\n|player|p2|gshs5|266|1112\n|gen|9\n|tier|[Gen 9 Champions] BSS Reg M-A\n|rated|\n|rule|Species Clause: Limit one of each Pok\u00e9mon\n|rule|Item Clause: Limit 1 of each item\n|clearpoke\n|poke|p1|Feraligatr, L50, M|\n|poke|p1|Hydreigon, L50, F|\n|poke|p1|Hippowdon, L50, F|\n|poke|p1|Archaludon, L50, F|\n|poke|p1|Rotom-Wash, L50|\n|poke|p1|Lopunny, L50, M|\n|poke|p2|Absol, L50, F|\n|poke|p2|Gyarados, L50, M|\n|poke|p2|Garchomp, L50, F|\n|poke|p2|Zoroark-Hisui, L50, F|\n|poke|p2|Empoleon, L50, M|\n|poke|p2|Gardevoir, L50, F|\n|teampreview|3\n|inactive|Battle timer is ON: inactive players will automatically lose when time's up. (requested by gshs5)\n|inactive|csgogo has 60 seconds left.\n|\n|t:|1776091427\n|teamsize|p1|3\n|teamsize|p2|3\n|start\n|switch|p1a: Rotom|Rotom-Wash, L50|100/100\n|switch|p2a: Gyarados|Gyarados, L50, M|100/100\n|-ability|p2a: Gyarados|Intimidate|boost\n|-unboost|p1a: Rotom|atk|1\n|turn|1\n|\n|t:|1776091445\n|switch|p2a: Gardevoir|Gardevoir, L50, F|100/100\n|-ability|p2a: Gardevoir|Levitate|Trace|[from] ability: Trace|[of] p1a: Rotom\n|move|p1a: Rotom|Will-O-Wisp|p2a: Gardevoir\n|-status|p2a: Gardevoir|brn\n|\n|-damage|p2a: Gardevoir|95/100 brn|[from] brn\n|upkeep\n|turn|2\n|\n|t:|1776091458\n|move|p2a: Gardevoir|Moonblast|p1a: Rotom\n|-damage|p1a: Rotom|60/100\n|move|p1a: Rotom|Volt Switch|p2a: Gardevoir\n|-crit|p2a: Gardevoir\n|-damage|p2a: Gardevoir|53/100 brn\n|\n|t:|1776091466\n|switch|p1a: Lopunny|Lopunny, L50, M|100/100|[from] Volt Switch\n|\n|-damage|p2a: Gardevoir|47/100 brn|[from] brn\n|upkeep\n|turn|3\n|\n|t:|1776091474\n|switch|p2a: Gyarados|Gyarados, L50, M|100/100\n|-ability|p2a: Gyarados|Intimidate|boost\n|-unboost|p1a: Lopunny|atk|1\n|detailschange|p1a: Lopunny|Lopunny-Mega, L50, M\n|-mega|p1a: Lopunny|Lopunny|Lopunnite\n|move|p1a: Lopunny|Fake Out|p2a: Gyarados\n|-damage|p2a: Gyarados|90/100\n|\n|upkeep\n|turn|4\n|\n|t:|1776091483\n|move|p1a: Lopunny|U-turn|p2a: Gyarados\n|-resisted|p2a: Gyarados|1\n|-crit|p2a: Gyarados\n|-damage|p2a: Gyarados|73/100\n|\n|t:|1776091486\n|switch|p1a: Rotom|Rotom-Wash, L50|60/100|[from] U-turn\n|move|p2a: Gyarados|Dragon Tail|p1a: Rotom\n|-damage|p1a: Rotom|46/100\n|drag|p1a: Archaludon|Archaludon, L50, F|100/100\n|\n|upkeep\n|turn|5\n|\n|t:|1776091499\n|move|p2a: Gyarados|Thunder Wave|p1a: Archaludon\n|-status|p1a: Archaludon|par\n|move|p1a: Archaludon|Stealth Rock|p2a: Gyarados\n|-sidestart|p2: gshs5|move: Stealth Rock\n|\n|upkeep\n|turn|6\n|\n|t:|1776091510\n|move|p1a: Archaludon|Flash Cannon|p2a: Gyarados\n|-resisted|p2a: Gyarados|1\n|-damage|p2a: Gyarados|58/100\n|move|p2a: Gyarados|Dragon Tail|p1a: Archaludon\n|-damage|p1a: Archaludon|92/100 par\n|-ability|p1a: Archaludon|Stamina|boost\n|-boost|p1a: Archaludon|def|1\n|drag|p1a: Lopunny|Lopunny-Mega, L50, M|100/100\n|\n|upkeep\n|turn|7\n|\n|t:|1776091524\n|move|p1a: Lopunny|Fake Out|p2a: Gyarados\n|-damage|p2a: Gyarados|42/100\n|-enditem|p2a: Gyarados|Sitrus Berry|[eat]\n|-heal|p2a: Gyarados|67/100|[from] item: Sitrus Berry\n|cant|p2a: Gyarados|flinch\n|\n|upkeep\n|turn|8\n|\n|t:|1776091536\n|move|p1a: Lopunny|U-turn|p2a: Gyarados\n|-resisted|p2a: Gyarados|1\n|-damage|p2a: Gyarados|58/100\n|\n|t:|1776091539\n|switch|p1a: Archaludon|Archaludon, L50, F|92/100 par|[from] U-turn\n|move|p2a: Gyarados|Thunder Wave|p1a: Archaludon\n|-fail|p1a: Archaludon|par\n|\n|upkeep\n|turn|9\n|\n|t:|1776091549\n|move|p2a: Gyarados|Dragon Tail|p1a: Archaludon\n|-damage|p1a: Archaludon|83/100 par\n|-ability|p1a: Archaludon|Stamina|boost\n|-boost|p1a: Archaludon|def|1\n|drag|p1a: Lopunny|Lopunny-Mega, L50, M|100/100\n|\n|upkeep\n|turn|10\n|\n|t:|1776091557\n|move|p1a: Lopunny|Fake Out|p2a: Gyarados\n|-damage|p2a: Gyarados|42/100\n|cant|p2a: Gyarados|flinch\n|\n|upkeep\n|turn|11\n|\n|t:|1776091564\n|move|p1a: Lopunny|U-turn|p2a: Gyarados\n|-resisted|p2a: Gyarados|1\n|-damage|p2a: Gyarados|32/100\n|\n|t:|1776091568\n|switch|p1a: Archaludon|Archaludon, L50, F|83/100 par|[from] U-turn\n|move|p2a: Gyarados|Dragon Tail|p1a: Archaludon\n|-damage|p1a: Archaludon|74/100 par\n|-ability|p1a: Archaludon|Stamina|boost\n|-boost|p1a: Archaludon|def|1\n|drag|p1a: Lopunny|Lopunny-Mega, L50, M|100/100\n|\n|upkeep\n|turn|12\n|\n|t:|1776091578\n|move|p1a: Lopunny|Fake Out|p2a: Gyarados\n|-damage|p2a: Gyarados|14/100\n|cant|p2a: Gyarados|flinch\n|\n|upkeep\n|turn|13\n|\n|t:|1776091586\n|move|p1a: Lopunny|High Jump Kick|p2a: Gyarados\n|-resisted|p2a: Gyarados|1\n|-damage|p2a: Gyarados|0 fnt\n|faint|p2a: Gyarados\n|\n|upkeep\n|\n|t:|1776091595\n|switch|p2a: Gardevoir|Gardevoir, L50, F|47/100 brn\n|-damage|p2a: Gardevoir|35/100 brn|[from] Stealth Rock\n|-ability|p2a: Gardevoir|Scrappy|Trace|[from] ability: Trace|[of] p1a: Lopunny\n|turn|14\n|\n|t:|1776091605\n|switch|p1a: Archaludon|Archaludon, L50, F|74/100 par\n|move|p2a: Gardevoir|Moonblast|p1a: Archaludon\n|-damage|p1a: Archaludon|20/100 par\n|-ability|p1a: Archaludon|Stamina|boost\n|-boost|p1a: Archaludon|def|1\n|\n|-damage|p2a: Gardevoir|30/100 brn|[from] brn\n|upkeep\n|turn|15\n|\n|t:|1776091615\n|move|p2a: Gardevoir|Moonblast|p1a: Archaludon\n|-damage|p1a: Archaludon|0 fnt\n|faint|p1a: Archaludon\n|\n|-damage|p2a: Gardevoir|24/100 brn|[from] brn\n|upkeep\n|\n|t:|1776091622\n|switch|p1a: Lopunny|Lopunny-Mega, L50, M|100/100\n|turn|16\n|\n|t:|1776091626\n|move|p1a: Lopunny|Fake Out|p2a: Gardevoir\n|-damage|p2a: Gardevoir|0 fnt\n|faint|p2a: Gardevoir\n|\n|upkeep\n|\n|t:|1776091629\n|switch|p2a: Garchomp|Garchomp, L50, F|100/100\n|-damage|p2a: Garchomp|94/100|[from] Stealth Rock\n|turn|17\n|\n|t:|1776091635\n|detailschange|p2a: Garchomp|Garchomp-Mega, L50, F\n|-mega|p2a: Garchomp|Garchomp|Garchompite\n|move|p1a: Lopunny|Triple Axel|p2a: Garchomp\n|-supereffective|p2a: Garchomp|2\n|-damage|p2a: Garchomp|66/100\n|-supereffective|p2a: Garchomp|2\n|-damage|p2a: Garchomp|16/100\n|-supereffective|p2a: Garchomp|2\n|-damage|p2a: Garchomp|0 fnt\n|faint|p2a: Garchomp\n|-hitcount|p2: Garchomp|3\n|\n|win|csgogo\n|raw|csgogo's rating: 1116 &rarr; <strong>1141</strong><br />(+25 for winning)\n|raw|gshs5's rating: 1112 &rarr; <strong>1087</strong><br />(-25 for losing)\n",
  "uploadtime": 1776091638,
  "views": 4,
  "formatid": "gen9championsbssregma",
  "rating": 1087,
  "private": 0,
  "password": null
}