{
  "id": "gen9championsbssregma-2582189720",
  "format": "[Gen 9 Champions] BSS Reg M-A",
  "players": [
    "weakertt",
    "fizzwizz2109"
  ],
  "log": "|j|\u2606weakertt\n|j|\u2606fizzwizz2109\n|t:|1776069276\n|gametype|singles\n|player|p1|weakertt|170|1203\n|player|p2|fizzwizz2109|170|1236\n|gen|9\n|tier|[Gen 9 Champions] BSS Reg M-A\n|rated|\n|rule|Species Clause: Limit one of each Pok\u00e9mon\n|rule|Item Clause: Limit 1 of each item\n|clearpoke\n|poke|p1|Garchomp, L50, M|\n|poke|p1|Azumarill, L50, F|\n|poke|p1|Venusaur, L50, M|\n|poke|p1|Skeledirge, L50, M|\n|poke|p1|Kingambit, L50, M|\n|poke|p1|Aerodactyl, L50, M|\n|poke|p2|Garchomp, L50, F|\n|poke|p2|Skeledirge, L50, F|\n|poke|p2|Sneasler, L50, M|\n|poke|p2|Araquanid, L50, M|\n|poke|p2|Meowscarada, L50, M|\n|poke|p2|Glimmora, L50, M|\n|teampreview|3\n|inactive|Battle timer is ON: inactive players will automatically lose when time's up. (requested by fizzwizz2109)\n|inactive|weakertt has 60 seconds left.\n|\n|t:|1776069318\n|teamsize|p1|3\n|teamsize|p2|3\n|start\n|switch|p1a: Aerodactyl|Aerodactyl, L50, M|100/100\n|switch|p2a: Glimmora|Glimmora, L50, M|100/100\n|-ability|p1a: Aerodactyl|Unnerve\n|turn|1\n|inactive|weakertt has 30 seconds left.\n|\n|t:|1776069352\n|switch|p1a: Garchomp|Garchomp, L50, M|100/100\n|move|p2a: Glimmora|Stealth Rock|p1a: Garchomp\n|-sidestart|p1: weakertt|move: Stealth Rock\n|\n|upkeep\n|turn|2\n|\n|t:|1776069365\n|detailschange|p2a: Glimmora|Glimmora-Mega, L50, M\n|-mega|p2a: Glimmora|Glimmora|Glimmoranite\n|move|p1a: Garchomp|Scale Shot|p2a: Glimmora\n|-damage|p2a: Glimmora|84/100\n|-damage|p2a: Glimmora|69/100\n|-hitcount|p2a: Glimmora|2\n|-unboost|p1a: Garchomp|def|1\n|-boost|p1a: Garchomp|spe|1\n|move|p2a: Glimmora|Flash Cannon|p1a: Garchomp\n|-damage|p1a: Garchomp|68/100\n|\n|upkeep\n|turn|3\n|\n|t:|1776069390\n|switch|p2a: Meowscarada|Meowscarada, L50, M|100/100\n|move|p1a: Garchomp|Earthquake|p2a: Meowscarada\n|-resisted|p2a: Meowscarada|1\n|-damage|p2a: Meowscarada|58/100\n|\n|upkeep\n|turn|4\n|inactive|weakertt has 30 seconds left.\n|\n|t:|1776069422\n|move|p2a: Meowscarada|Triple Axel|p1a: Garchomp\n|-start|p2a: Meowscarada|typechange|Ice|[from] ability: Protean\n|-supereffective|p1a: Garchomp|2\n|-damage|p1a: Garchomp|9/100\n|-damage|p2a: Meowscarada|46/100|[from] ability: Rough Skin|[of] p1a: Garchomp\n|-hitcount|p1a: Garchomp|1\n|move|p1a: Garchomp|Scale Shot|p2a: Meowscarada\n|-damage|p2a: Meowscarada|26/100\n|-damage|p2a: Meowscarada|4/100\n|-damage|p2a: Meowscarada|0 fnt\n|faint|p2a: Meowscarada\n|-hitcount|p2: Meowscarada|3\n|-unboost|p1a: Garchomp|def|1\n|-boost|p1a: Garchomp|spe|1\n|\n|upkeep\n|j| xXcrossbowXx\n|\n|t:|1776069434\n|switch|p2a: Sneasler|Sneasler, L50, M|100/100\n|turn|5\n|\n|t:|1776069441\n|move|p1a: Garchomp|Earthquake|p2a: Sneasler\n|-supereffective|p2a: Sneasler|1\n|-enditem|p2a: Sneasler|Focus Sash\n|-damage|p2a: Sneasler|1/100\n|move|p2a: Sneasler|Acrobatics|p1a: Garchomp\n|-damage|p1a: Garchomp|0 fnt\n|-damage|p2a: Sneasler|0 fnt|[from] ability: Rough Skin|[of] p1a: Garchomp\n|faint|p1a: Garchomp\n|faint|p2a: Sneasler\n|\n|upkeep\n|\n|t:|1776069457\n|switch|p2a: Glimmora|Glimmora-Mega, L50, M|69/100\n|switch|p1a: Venusaur|Venusaur, L50, M|100/100\n|-damage|p1a: Venusaur|88/100|[from] Stealth Rock\n|turn|6\n|\n|t:|1776069471\n|detailschange|p1a: Venusaur|Venusaur-Mega, L50, M\n|-mega|p1a: Venusaur|Venusaur|Venusaurite\n|move|p2a: Glimmora|Sludge Wave|p1a: Venusaur\n|-damage|p1a: Venusaur|23/100\n|move|p1a: Venusaur|Giga Drain|p2a: Glimmora\n|-damage|p2a: Glimmora|33/100\n|-heal|p1a: Venusaur|38/100|[from] drain|[of] p2a: Glimmora\n|\n|upkeep\n|turn|7\n|\n|t:|1776069491\n|move|p2a: Glimmora|Sludge Wave|p1a: Venusaur\n|-damage|p1a: Venusaur|0 fnt\n|faint|p1a: Venusaur\n|\n|upkeep\n|\n|t:|1776069495\n|switch|p1a: Aerodactyl|Aerodactyl, L50, M|100/100\n|-ability|p1a: Aerodactyl|Unnerve\n|-damage|p1a: Aerodactyl|76/100|[from] Stealth Rock\n|turn|8\n|j| p74\n|\n|t:|1776069505\n|move|p1a: Aerodactyl|Stone Edge|p2a: Glimmora\n|-crit|p2a: Glimmora\n|-damage|p2a: Glimmora|0 fnt\n|faint|p2a: Glimmora\n|\n|win|weakertt\n|raw|weakertt's rating: 1203 &rarr; <strong>1230</strong><br />(+27 for winning)\n|raw|fizzwizz2109's rating: 1236 &rarr; <strong>1209</strong><br />(-27 for losing)\n|l|\u2606weakertt\n|player|p1|\n|l| xXcrossbowXx\n",
  "uploadtime": 1776069535,
  "views": 3,
  "formatid": "gen9championsbssregma",
  "rating": 1209,
  "private": 0,
  "password": null
}