{
  "id": "gen9championsbssregma-2587806064",
  "format": "[Gen 9 Champions] BSS Reg M-A",
  "players": [
    "Hinya",
    "coldrollin"
  ],
  "log": "|j|\u2606Hinya\n|j|\u2606coldrollin\n|t:|1776565873\n|gametype|singles\n|player|p1|Hinya|arezu|1225\n|player|p2|coldrollin|bugcatcher-gen4dp|1281\n|gen|9\n|tier|[Gen 9 Champions] BSS Reg M-A\n|rated|\n|rule|Species Clause: Limit one of each Pok\u00e9mon\n|rule|Item Clause: Limit 1 of each item\n|clearpoke\n|poke|p1|Greninja, L50, M|\n|poke|p1|Charizard, L50, F|\n|poke|p1|Hippowdon, L50, M|\n|poke|p1|Mimikyu, L50, M|\n|poke|p1|Corviknight, L50, M, shiny|\n|poke|p1|Lucario, L50, M|\n|poke|p2|Ninetales-Alola, L50, F|\n|poke|p2|Garchomp, L50, M|\n|poke|p2|Sneasler, L50, M|\n|poke|p2|Kingambit, L50, F|\n|poke|p2|Blastoise, L50, F|\n|poke|p2|Volcarona, L50, F|\n|teampreview|3\n|inactive|Battle timer is ON: inactive players will automatically lose when time's up. (requested by Hinya)\n|\n|t:|1776565902\n|teamsize|p1|3\n|teamsize|p2|3\n|start\n|switch|p1a: \uac1c\uad74\ub2cc\uc790|Greninja, L50, M|100/100\n|switch|p2a: Garchomp|Garchomp, L50, M|100/100\n|turn|1\n|\n|t:|1776565911\n|move|p1a: \uac1c\uad74\ub2cc\uc790|Surf|p2a: Garchomp\n|-damage|p2a: Garchomp|55/100\n|move|p2a: Garchomp|Stealth Rock|p1a: \uac1c\uad74\ub2cc\uc790\n|-sidestart|p1: Hinya|move: Stealth Rock\n|\n|upkeep\n|turn|2\n|\n|t:|1776565915\n|move|p1a: \uac1c\uad74\ub2cc\uc790|Surf|p2a: Garchomp\n|-damage|p2a: Garchomp|8/100\n|move|p2a: Garchomp|Dragon Tail|p1a: \uac1c\uad74\ub2cc\uc790\n|-damage|p1a: \uac1c\uad74\ub2cc\uc790|47/100\n|drag|p1a: \ub530\ub77c\ud050|Mimikyu, L50, M|100/100\n|-damage|p1a: \ub530\ub77c\ud050|89/100|[from] Stealth Rock\n|\n|upkeep\n|turn|3\n|\n|t:|1776565918\n|move|p1a: \ub530\ub77c\ud050|Shadow Sneak|p2a: Garchomp\n|-damage|p2a: Garchomp|0 fnt\n|-damage|p1a: \ub530\ub77c\ud050|77/100|[from] ability: Rough Skin|[of] p2a: Garchomp\n|faint|p2a: Garchomp\n|\n|upkeep\n|\n|t:|1776565921\n|switch|p2a: Volcarona|Volcarona, L50, F|100/100\n|turn|4\n|\n|t:|1776565931\n|move|p2a: Volcarona|Giga Drain|p1a: \ub530\ub77c\ud050\n|-activate|p1a: \ub530\ub77c\ud050|ability: Disguise\n|-damage|p1a: \ub530\ub77c\ud050|77/100\n|detailschange|p1a: \ub530\ub77c\ud050|Mimikyu-Busted, L50, M\n|-damage|p1a: \ub530\ub77c\ud050|65/100|[from] pokemon: Mimikyu-Busted\n|move|p1a: \ub530\ub77c\ud050|Swords Dance|p1a: \ub530\ub77c\ud050\n|-boost|p1a: \ub530\ub77c\ud050|atk|2\n|\n|upkeep\n|turn|5\n|\n|t:|1776565935\n|move|p1a: \ub530\ub77c\ud050|Shadow Sneak|p2a: Volcarona\n|-damage|p2a: Volcarona|67/100\n|-status|p1a: \ub530\ub77c\ud050|brn|[from] ability: Flame Body|[of] p2a: Volcarona\n|-enditem|p1a: \ub530\ub77c\ud050|Lum Berry|[eat]\n|-curestatus|p1a: \ub530\ub77c\ud050|brn|[msg]\n|move|p2a: Volcarona|Quiver Dance|p2a: Volcarona\n|-boost|p2a: Volcarona|spa|1\n|-boost|p2a: Volcarona|spd|1\n|-boost|p2a: Volcarona|spe|1\n|\n|upkeep\n|turn|6\n|\n|t:|1776565945\n|move|p1a: \ub530\ub77c\ud050|Shadow Sneak|p2a: Volcarona\n|-damage|p2a: Volcarona|37/100\n|-enditem|p2a: Volcarona|Sitrus Berry|[eat]\n|-heal|p2a: Volcarona|62/100|[from] item: Sitrus Berry\n|move|p2a: Volcarona|Quiver Dance|p2a: Volcarona\n|-boost|p2a: Volcarona|spa|1\n|-boost|p2a: Volcarona|spd|1\n|-boost|p2a: Volcarona|spe|1\n|\n|upkeep\n|turn|7\n|\n|t:|1776565949\n|move|p2a: Volcarona|Morning Sun|p2a: Volcarona\n|-heal|p2a: Volcarona|100/100\n|move|p1a: \ub530\ub77c\ud050|Swords Dance|p1a: \ub530\ub77c\ud050\n|-boost|p1a: \ub530\ub77c\ud050|atk|2\n|\n|upkeep\n|turn|8\n|\n|t:|1776565967\n|move|p1a: \ub530\ub77c\ud050|Shadow Sneak|p2a: Volcarona\n|-damage|p2a: Volcarona|55/100\n|move|p2a: Volcarona|Giga Drain|p1a: \ub530\ub77c\ud050\n|-damage|p1a: \ub530\ub77c\ud050|19/100\n|-heal|p2a: Volcarona|74/100|[from] drain|[of] p1a: \ub530\ub77c\ud050\n|\n|upkeep\n|turn|9\n|\n|t:|1776565973\n|move|p1a: \ub530\ub77c\ud050|Shadow Sneak|p2a: Volcarona\n|-damage|p2a: Volcarona|24/100\n|-status|p1a: \ub530\ub77c\ud050|brn|[from] ability: Flame Body|[of] p2a: Volcarona\n|move|p2a: Volcarona|Giga Drain|p1a: \ub530\ub77c\ud050\n|-damage|p1a: \ub530\ub77c\ud050|0 fnt\n|-heal|p2a: Volcarona|32/100|[from] drain|[of] p1a: \ub530\ub77c\ud050\n|faint|p1a: \ub530\ub77c\ud050\n|\n|upkeep\n|\n|t:|1776565978\n|switch|p1a: \uac1c\uad74\ub2cc\uc790|Greninja, L50, M|47/100\n|-damage|p1a: \uac1c\uad74\ub2cc\uc790|35/100|[from] Stealth Rock\n|turn|10\n|\n|t:|1776565983\n|move|p1a: \uac1c\uad74\ub2cc\uc790|Water Shuriken|p2a: Volcarona\n|-supereffective|p2a: Volcarona|1\n|-damage|p2a: Volcarona|25/100\n|-supereffective|p2a: Volcarona|1\n|-damage|p2a: Volcarona|18/100\n|-supereffective|p2a: Volcarona|1\n|-damage|p2a: Volcarona|10/100\n|-supereffective|p2a: Volcarona|1\n|-damage|p2a: Volcarona|3/100\n|-supereffective|p2a: Volcarona|1\n|-damage|p2a: Volcarona|0 fnt\n|faint|p2a: Volcarona\n|-hitcount|p2: Volcarona|5\n|\n|upkeep\n|\n|t:|1776565986\n|switch|p2a: Blastoise|Blastoise, L50, F|100/100\n|turn|11\n|\n|t:|1776565993\n|detailschange|p2a: Blastoise|Blastoise-Mega, L50, F\n|-mega|p2a: Blastoise|Blastoise|Blastoisinite\n|move|p1a: \uac1c\uad74\ub2cc\uc790|Taunt|p2a: Blastoise\n|-start|p2a: Blastoise|move: Taunt\n|cant|p2a: Blastoise|move: Taunt|Shell Smash\n|\n|upkeep\n|turn|12\n|\n|t:|1776566000\n|move|p1a: \uac1c\uad74\ub2cc\uc790|Dark Pulse|p2a: Blastoise\n|-damage|p2a: Blastoise|63/100\n|move|p2a: Blastoise|Water Pulse|p1a: \uac1c\uad74\ub2cc\uc790\n|-resisted|p1a: \uac1c\uad74\ub2cc\uc790|1\n|-damage|p1a: \uac1c\uad74\ub2cc\uc790|0 fnt\n|faint|p1a: \uac1c\uad74\ub2cc\uc790\n|\n|upkeep\n|\n|t:|1776566006\n|switch|p1a: \ub9ac\uc790\ubabd|Charizard, L50, F|100/100\n|-damage|p1a: \ub9ac\uc790\ubabd|51/100|[from] Stealth Rock\n|turn|13\n|\n|t:|1776566010\n|detailschange|p1a: \ub9ac\uc790\ubabd|Charizard-Mega-X, L50, F\n|-mega|p1a: \ub9ac\uc790\ubabd|Charizard|Charizardite X\n|move|p1a: \ub9ac\uc790\ubabd|Thunder Punch|p2a: Blastoise\n|-supereffective|p2a: Blastoise|1\n|-damage|p2a: Blastoise|0 fnt\n|faint|p2a: Blastoise\n|\n|win|Hinya\n|raw|Hinya's rating: 1225 &rarr; <strong>1254</strong><br />(+29 for winning)\n|raw|coldrollin's rating: 1281 &rarr; <strong>1252</strong><br />(-29 for losing)\n|l|\u2606coldrollin\n|player|p2|\n",
  "uploadtime": 1776566017,
  "views": 6,
  "formatid": "gen9championsbssregma",
  "rating": 1252,
  "private": 0,
  "password": null
}