{
  "id": "gen9championsbssregma-2585607933",
  "format": "[Gen 9 Champions] BSS Reg M-A",
  "players": [
    "TrainerXay",
    "mrboogy"
  ],
  "log": "|j|\u2606TrainerXay\n|j|\u2606mrboogy\n|t:|1776358579\n|gametype|singles\n|player|p1|TrainerXay|hilbert-wonderlauncher|1139\n|player|p2|mrboogy|scientist|1221\n|gen|9\n|tier|[Gen 9 Champions] BSS Reg M-A\n|rated|\n|rule|Species Clause: Limit one of each Pok\u00e9mon\n|rule|Item Clause: Limit 1 of each item\n|clearpoke\n|poke|p1|Meowscarada, L50, M|\n|poke|p1|Lopunny, L50, F|\n|poke|p1|Sableye, L50, M|\n|poke|p1|Slowking-Galar, L50, F|\n|poke|p1|Raichu-Alola, L50, F|\n|poke|p1|Aegislash, L50, F|\n|poke|p2|Lopunny, L50, F|\n|poke|p2|Serperior, L50, M|\n|poke|p2|Mamoswine, L50, F|\n|poke|p2|Skeledirge, L50, F|\n|poke|p2|Glimmora, L50, M|\n|poke|p2|Tyranitar, L50, F|\n|teampreview|3\n|inactive|Battle timer is ON: inactive players will automatically lose when time's up. (requested by mrboogy)\n|inactive|TrainerXay also wants the timer to be on.\n|inactive|TrainerXay has 60 seconds left.\n|\n|t:|1776358610\n|teamsize|p1|3\n|teamsize|p2|3\n|start\n|switch|p1a: Lopunny|Lopunny, L50, F|100/100\n|switch|p2a: Mamoswine|Mamoswine, L50, F|100/100\n|turn|1\n|\n|t:|1776358625\n|detailschange|p1a: Lopunny|Lopunny-Mega, L50, F\n|-mega|p1a: Lopunny|Lopunny|Lopunnite\n|move|p1a: Lopunny|Fake Out|p2a: Mamoswine\n|-damage|p2a: Mamoswine|73/100\n|cant|p2a: Mamoswine|flinch\n|\n|upkeep\n|turn|2\n|\n|t:|1776358630\n|move|p2a: Mamoswine|Icicle Crash|p1a: Lopunny\n|-damage|p1a: Lopunny|44/100\n|move|p1a: Lopunny|Close Combat|p2a: Mamoswine\n|-supereffective|p2a: Mamoswine|1\n|-damage|p2a: Mamoswine|0 fnt\n|-unboost|p1a: Lopunny|def|1\n|-unboost|p1a: Lopunny|spd|1\n|faint|p2a: Mamoswine\n|\n|upkeep\n|\n|t:|1776358633\n|switch|p2a: Glimmora|Glimmora, L50, M|100/100\n|turn|3\n|\n|t:|1776358655\n|detailschange|p2a: Glimmora|Glimmora-Mega, L50, M\n|-mega|p2a: Glimmora|Glimmora|Glimmoranite\n|move|p1a: Lopunny|Triple Axel|p2a: Glimmora\n|-damage|p2a: Glimmora|92/100\n|-damage|p2a: Glimmora|76/100\n|-damage|p2a: Glimmora|54/100\n|-hitcount|p2a: Glimmora|3\n|move|p2a: Glimmora|Dazzling Gleam|p1a: Lopunny\n|-supereffective|p1a: Lopunny|1\n|-damage|p1a: Lopunny|0 fnt\n|faint|p1a: Lopunny\n|\n|upkeep\n|\n|t:|1776358667\n|switch|p1a: Meowscarada|Meowscarada, L50, M|100/100\n|turn|4\n|\n|t:|1776358679\n|move|p1a: Meowscarada|Triple Axel|p2a: Glimmora\n|-start|p1a: Meowscarada|typechange|Ice|[from] ability: Protean\n|-damage|p2a: Glimmora|42/100\n|-damage|p2a: Glimmora|21/100\n|-damage|p2a: Glimmora|0 fnt\n|faint|p2a: Glimmora\n|-hitcount|p2: Glimmora|3\n|\n|upkeep\n|\n|t:|1776358690\n|switch|p2a: Tyranitar|Tyranitar, L50, F|100/100\n|-weather|Sandstorm|[from] ability: Sand Stream|[of] p2a: Tyranitar\n|turn|5\n|\n|t:|1776358693\n|switch|p1a: Slowking|Slowking-Galar, L50, F|100/100\n|move|p2a: Tyranitar|Stone Edge|p1a: Slowking|[miss]\n|-miss|p2a: Tyranitar|p1a: Slowking\n|\n|-weather|Sandstorm|[upkeep]\n|-damage|p1a: Slowking|95/100|[from] Sandstorm\n|upkeep\n|turn|6\n|\n|t:|1776358699\n|move|p2a: Tyranitar|Knock Off|p1a: Slowking\n|-supereffective|p1a: Slowking|1\n|-damage|p1a: Slowking|23/100\n|-enditem|p1a: Slowking|Sitrus Berry|[from] move: Knock Off|[of] p2a: Tyranitar\n|-prepare|p1a: Slowking|Chilly Reception|[premajor]\n|move|p1a: Slowking|Chilly Reception|p1a: Slowking\n|-weather|Snowscape\n|\n|t:|1776358707\n|switch|p1a: Meowscarada|Meowscarada, L50, M|100/100|[from] Chilly Reception\n|\n|-weather|Snowscape|[upkeep]\n|upkeep\n|turn|7\n|\n|t:|1776358715\n|move|p2a: Tyranitar|Protect|p2a: Tyranitar\n|-singleturn|p2a: Tyranitar|Protect\n|move|p1a: Meowscarada|U-turn|p2a: Tyranitar\n|-start|p1a: Meowscarada|typechange|Bug|[from] ability: Protean\n|-activate|p2a: Tyranitar|move: Protect\n|\n|-weather|Snowscape|[upkeep]\n|upkeep\n|turn|8\n|\n|t:|1776358717\n|move|p1a: Meowscarada|U-turn|p2a: Tyranitar\n|-supereffective|p2a: Tyranitar|1\n|-damage|p2a: Tyranitar|41/100\n|\n|t:|1776358720\n|switch|p1a: Slowking|Slowking-Galar, L50, F|56/100|[from] U-turn\n|move|p2a: Tyranitar|Stone Edge|p1a: Slowking\n|-damage|p1a: Slowking|21/100\n|\n|-weather|Snowscape|[upkeep]\n|upkeep\n|turn|9\n|\n|t:|1776358727\n|move|p2a: Tyranitar|Earthquake|p1a: Slowking\n|-supereffective|p1a: Slowking|1\n|-damage|p1a: Slowking|0 fnt\n|faint|p1a: Slowking\n|\n|-weather|Snowscape|[upkeep]\n|upkeep\n|\n|t:|1776358729\n|switch|p1a: Meowscarada|Meowscarada, L50, M|100/100\n|turn|10\n|\n|t:|1776358739\n|move|p1a: Meowscarada|U-turn|p2a: Tyranitar\n|-start|p1a: Meowscarada|typechange|Bug|[from] ability: Protean\n|-supereffective|p2a: Tyranitar|1\n|-damage|p2a: Tyranitar|0 fnt\n|faint|p2a: Tyranitar\n|\n|win|TrainerXay\n|raw|TrainerXay's rating: 1139 &rarr; <strong>1170</strong><br />(+31 for winning)\n|raw|mrboogy's rating: 1221 &rarr; <strong>1190</strong><br />(-31 for losing)\n|l|\u2606mrboogy\n|player|p2|\n|c|\u2606TrainerXay|Gg\n",
  "uploadtime": 1776358787,
  "views": 8,
  "formatid": "gen9championsbssregma",
  "rating": 1170,
  "private": 0,
  "password": null
}