{
  "id": "gen9championsbssregma-2583801576",
  "format": "[Gen 9 Champions] BSS Reg M-A",
  "players": [
    "Saphir Alpha",
    "hyperhugo"
  ],
  "log": "|j|\u2606Saphir Alpha\n|j|\u2606hyperhugo\n|t:|1776198716\n|gametype|singles\n|player|p1|Saphir Alpha|norman-gen3|1047\n|player|p2|hyperhugo|lucas|1102\n|gen|9\n|tier|[Gen 9 Champions] BSS Reg M-A\n|rated|\n|rule|Species Clause: Limit one of each Pok\u00e9mon\n|rule|Item Clause: Limit 1 of each item\n|clearpoke\n|poke|p1|Aerodactyl, L50, M|\n|poke|p1|Charizard, L50, M|\n|poke|p1|Starmie, L50|\n|poke|p1|Ditto, L50|\n|poke|p1|Aegislash, L50, M|\n|poke|p1|Dragonite, L50, M|\n|poke|p2|Floette-Eternal, L50, F|\n|poke|p2|Kommo-o, L50, F|\n|poke|p2|Meowstic, L50, M|\n|poke|p2|Skeledirge, L50, F|\n|poke|p2|Blastoise, L50, F|\n|poke|p2|Kleavor, L50, M|\n|teampreview|3\n|inactive|Battle timer is ON: inactive players will automatically lose when time's up. (requested by Saphir Alpha)\n|\n|t:|1776198742\n|teamsize|p1|3\n|teamsize|p2|3\n|start\n|switch|p1a: Aerodactyl|Aerodactyl, L50, M|100/100\n|switch|p2a: Meowstic|Meowstic, L50, M, shiny|100/100\n|-ability|p1a: Aerodactyl|Unnerve\n|turn|1\n|\n|t:|1776198749\n|move|p2a: Meowstic|Reflect|p2a: Meowstic\n|-sidestart|p2: hyperhugo|Reflect\n|move|p1a: Aerodactyl|Stealth Rock|p2a: Meowstic\n|-sidestart|p2: hyperhugo|move: Stealth Rock\n|\n|upkeep\n|turn|2\n|\n|t:|1776198752\n|move|p2a: Meowstic|Light Screen|p2a: Meowstic\n|-sidestart|p2: hyperhugo|move: Light Screen\n|move|p1a: Aerodactyl|Taunt|p2a: Meowstic\n|-start|p2a: Meowstic|move: Taunt\n|\n|upkeep\n|turn|3\n|inactive|hyperhugo has 30 seconds left.\n|\n|t:|1776198781\n|switch|p2a: Floette|Floette-Eternal, L50, F, shiny|100/100\n|-damage|p2a: Floette|89/100|[from] Stealth Rock\n|move|p1a: Aerodactyl|Stone Edge|p2a: Floette|[miss]\n|-miss|p1a: Aerodactyl|p2a: Floette\n|\n|upkeep\n|turn|4\n|\n|t:|1776198789\n|detailschange|p2a: Floette|Floette-Mega, L50, F, shiny\n|-mega|p2a: Floette|Floette|Floettite\n|-ability|p2a: Floette|Fairy Aura\n|move|p1a: Aerodactyl|Taunt|p2a: Floette\n|-start|p2a: Floette|move: Taunt\n|move|p2a: Floette|Moonblast|p1a: Aerodactyl\n|-enditem|p1a: Aerodactyl|Focus Sash\n|-damage|p1a: Aerodactyl|1/100\n|\n|upkeep\n|turn|5\n|\n|t:|1776198798\n|move|p1a: Aerodactyl|Stone Edge|p2a: Floette\n|-damage|p2a: Floette|58/100\n|move|p2a: Floette|Giga Drain|p1a: Aerodactyl\n|-crit|p1a: Aerodactyl\n|-damage|p1a: Aerodactyl|0 fnt\n|-heal|p2a: Floette|59/100|[from] drain|[of] p1a: Aerodactyl\n|faint|p1a: Aerodactyl\n|\n|-sideend|p2: hyperhugo|Reflect\n|upkeep\n|\n|t:|1776198809\n|switch|p1a: Aegislash|Aegislash, L50, M|100/100\n|turn|6\n|\n|t:|1776198812\n|move|p2a: Floette|Light of Ruin|p1a: Aegislash\n|-resisted|p1a: Aegislash|1\n|-damage|p1a: Aegislash|48/100\n|-damage|p2a: Floette|32/100|[from] Recoil\n|-formechange|p1a: Aegislash|Aegislash-Blade|\n|move|p1a: Aegislash|Iron Head|p2a: Floette\n|-supereffective|p2a: Floette|1\n|-damage|p2a: Floette|0 fnt\n|faint|p2a: Floette\n|\n|-heal|p1a: Aegislash|53/100|[from] item: Leftovers\n|-sideend|p2: hyperhugo|move: Light Screen\n|upkeep\n|\n|t:|1776198817\n|switch|p2a: Meowstic|Meowstic, L50, M, shiny|100/100\n|-damage|p2a: Meowstic|88/100|[from] Stealth Rock\n|turn|7\n|\n|t:|1776198826\n|move|p2a: Meowstic|Reflect|p2a: Meowstic\n|-sidestart|p2: hyperhugo|Reflect\n|move|p1a: Aegislash|Shadow Ball|p2a: Meowstic\n|-supereffective|p2a: Meowstic|1\n|-damage|p2a: Meowstic|0 fnt\n|faint|p2a: Meowstic\n|\n|-heal|p1a: Aegislash|59/100|[from] item: Leftovers\n|upkeep\n|\n|t:|1776198828\n|switch|p2a: Skeledirge|Skeledirge, L50, F, shiny|100/100\n|-damage|p2a: Skeledirge|76/100|[from] Stealth Rock\n|turn|8\n|\n|t:|1776198837\n|-formechange|p1a: Aegislash|Aegislash|\n|move|p1a: Aegislash|King's Shield|p1a: Aegislash\n|-singleturn|p1a: Aegislash|Protect\n|move|p2a: Skeledirge|Torch Song|p1a: Aegislash\n|-activate|p1a: Aegislash|move: Protect\n|\n|-heal|p1a: Aegislash|65/100|[from] item: Leftovers\n|upkeep\n|turn|9\n|\n|t:|1776198845\n|move|p2a: Skeledirge|Torch Song|p1a: Aegislash\n|-supereffective|p1a: Aegislash|1\n|-damage|p1a: Aegislash|4/100\n|-boost|p2a: Skeledirge|spa|1\n|-heal|p2a: Skeledirge|82/100|[from] item: Shell Bell|[of] p1a: Aegislash\n|-formechange|p1a: Aegislash|Aegislash-Blade|\n|move|p1a: Aegislash|Shadow Ball|p2a: Skeledirge\n|-supereffective|p2a: Skeledirge|1\n|-damage|p2a: Skeledirge|0 fnt\n|faint|p2a: Skeledirge\n|\n|win|Saphir Alpha\n|raw|Saphir Alpha's rating: 1047 &rarr; <strong>1085</strong><br />(+38 for winning)\n|raw|hyperhugo's rating: 1102 &rarr; <strong>1073</strong><br />(-29 for losing)\n|c|\u2606Saphir Alpha|gg.\n|l|\u2606hyperhugo\n|player|p2|\n",
  "uploadtime": 1776198857,
  "views": 2,
  "formatid": "gen9championsbssregma",
  "rating": 1073,
  "private": 0,
  "password": null
}