{
  "id": "gen9championsbssregma-2589515286",
  "format": "[Gen 9 Champions] BSS Reg M-A",
  "players": [
    "scrubs mackenzie",
    "mega.CHIVA"
  ],
  "log": "|j|\u2606scrubs mackenzie\n|j|\u2606mega.CHIVA\n|t:|1776729992\n|gametype|singles\n|player|p1|scrubs mackenzie|266|1000\n|player|p2|mega.CHIVA|unknown|1068\n|gen|9\n|tier|[Gen 9 Champions] BSS Reg M-A\n|rated|\n|rule|Species Clause: Limit one of each Pok\u00e9mon\n|rule|Item Clause: Limit 1 of each item\n|clearpoke\n|poke|p1|Incineroar, L50, F|\n|poke|p1|Whimsicott, L50, F|\n|poke|p1|Feraligatr, L50, F|\n|poke|p1|Mamoswine, L50, M|\n|poke|p1|Aerodactyl, L50, M|\n|poke|p1|Tsareena, L50, F|\n|poke|p2|Corviknight, L50, M|\n|poke|p2|Garchomp, L50, M|\n|poke|p2|Hawlucha, L50, M|\n|poke|p2|Sylveon, L50, F|\n|poke|p2|Greninja, L50, M|\n|poke|p2|Blastoise, L50, M|\n|teampreview|3\n|\n|t:|1776730009\n|teamsize|p1|3\n|teamsize|p2|3\n|start\n|switch|p1a: Incineroar|Incineroar, L50, F|100/100\n|switch|p2a: Sylveon|Sylveon, L50, F|100/100\n|-ability|p1a: Incineroar|Intimidate|boost\n|-unboost|p2a: Sylveon|atk|1\n|turn|1\n|c|\u2606scrubs mackenzie|oh fuck im in single\n|\n|t:|1776730030\n|move|p1a: Incineroar|Fake Out|p2a: Sylveon\n|-damage|p2a: Sylveon|83/100\n|cant|p2a: Sylveon|flinch\n|\n|upkeep\n|turn|2\n|\n|t:|1776730035\n|move|p2a: Sylveon|Hyper Voice|p1a: Incineroar\n|-damage|p1a: Incineroar|42/100\n|-enditem|p1a: Incineroar|Sitrus Berry|[eat]\n|-heal|p1a: Incineroar|67/100|[from] item: Sitrus Berry\n|move|p1a: Incineroar|Parting Shot|p2a: Sylveon\n|-unboost|p2a: Sylveon|atk|1\n|-unboost|p2a: Sylveon|spa|1\n|\n|t:|1776730043\n|switch|p1a: Tsareena|Tsareena, L50, F|100/100|[from] Parting Shot\n|\n|upkeep\n|turn|3\n|\n|t:|1776730050\n|switch|p2a: Hawlucha|Hawlucha, L50, M|100/100\n|move|p1a: Tsareena|Power Whip|p2a: Hawlucha\n|-resisted|p2a: Hawlucha|1\n|-damage|p2a: Hawlucha|58/100\n|\n|upkeep\n|turn|4\n|\n|t:|1776730059\n|switch|p1a: Incineroar|Incineroar, L50, F|67/100\n|-ability|p1a: Incineroar|Intimidate|boost\n|-unboost|p2a: Hawlucha|atk|1\n|detailschange|p2a: Hawlucha|Hawlucha-Mega, L50, M\n|-mega|p2a: Hawlucha|Hawlucha|Hawluchanite\n|move|p2a: Hawlucha|Dual Wingbeat|p1a: Incineroar\n|-damage|p1a: Incineroar|52/100\n|-damage|p1a: Incineroar|35/100\n|-hitcount|p1a: Incineroar|2\n|\n|upkeep\n|turn|5\n|\n|t:|1776730069\n|switch|p1a: Tsareena|Tsareena, L50, F|100/100\n|move|p2a: Hawlucha|Cross Chop|p1a: Tsareena\n|-crit|p1a: Tsareena\n|-damage|p1a: Tsareena|18/100\n|\n|upkeep\n|turn|6\n|\n|t:|1776730076\n|move|p1a: Tsareena|Protect|p1a: Tsareena\n|-singleturn|p1a: Tsareena|Protect\n|move|p2a: Hawlucha|Dual Wingbeat|p1a: Tsareena\n|-activate|p1a: Tsareena|move: Protect\n|\n|upkeep\n|turn|7\n|\n|t:|1776730081\n|switch|p1a: Incineroar|Incineroar, L50, F|35/100\n|-ability|p1a: Incineroar|Intimidate|boost\n|-unboost|p2a: Hawlucha|atk|1\n|move|p2a: Hawlucha|Dual Wingbeat|p1a: Incineroar\n|-damage|p1a: Incineroar|23/100\n|-damage|p1a: Incineroar|11/100\n|-hitcount|p1a: Incineroar|2\n|\n|upkeep\n|turn|8\n|\n|t:|1776730090\n|switch|p2a: Sylveon|Sylveon, L50, F|83/100\n|move|p1a: Incineroar|Fake Out|p2a: Sylveon\n|-damage|p2a: Sylveon|64/100\n|\n|upkeep\n|turn|9\n|\n|t:|1776730096\n|switch|p1a: Whimsicott|Whimsicott, L50, F|100/100\n|move|p2a: Sylveon|Hyper Voice|p1a: Whimsicott\n|-damage|p1a: Whimsicott|29/100\n|\n|upkeep\n|turn|10\n|\n|t:|1776730102\n|move|p1a: Whimsicott|Tailwind|p1a: Whimsicott\n|-sidestart|p1: scrubs mackenzie|move: Tailwind\n|move|p2a: Sylveon|Hyper Voice|p1a: Whimsicott\n|-damage|p1a: Whimsicott|0 fnt\n|faint|p1a: Whimsicott\n|\n|upkeep\n|\n|t:|1776730107\n|switch|p1a: Tsareena|Tsareena, L50, F|18/100\n|turn|11\n|\n|t:|1776730111\n|move|p1a: Tsareena|Triple Axel|p2a: Sylveon\n|-damage|p2a: Sylveon|54/100\n|-damage|p2a: Sylveon|38/100\n|-damage|p2a: Sylveon|10/100\n|-hitcount|p2a: Sylveon|3\n|move|p2a: Sylveon|Hyper Voice|p1a: Tsareena\n|-damage|p1a: Tsareena|0 fnt\n|faint|p1a: Tsareena\n|\n|upkeep\n|\n|t:|1776730119\n|switch|p1a: Incineroar|Incineroar, L50, F|11/100\n|-ability|p1a: Incineroar|Intimidate|boost\n|-unboost|p2a: Sylveon|atk|1\n|turn|12\n|\n|t:|1776730124\n|move|p1a: Incineroar|Fake Out|p2a: Sylveon\n|-damage|p2a: Sylveon|0 fnt\n|faint|p2a: Sylveon\n|\n|upkeep\n|\n|t:|1776730128\n|switch|p2a: Hawlucha|Hawlucha-Mega, L50, M|58/100\n|turn|13\n|\n|t:|1776730131\n|move|p2a: Hawlucha|Cross Chop|p1a: Incineroar\n|-supereffective|p1a: Incineroar|1\n|-damage|p1a: Incineroar|0 fnt\n|faint|p1a: Incineroar\n|\n|win|mega.CHIVA\n|raw|scrubs mackenzie's rating: 1000 &rarr; <strong>1000</strong><br />(+0 for losing)\n|raw|mega.CHIVA's rating: 1068 &rarr; <strong>1092</strong><br />(+24 for winning)\n",
  "uploadtime": 1776730136,
  "views": 2,
  "formatid": "gen9championsbssregma",
  "rating": 1000,
  "private": 0,
  "password": null
}