{
  "id": "gen9championsbssregma-2585592806",
  "format": "[Gen 9 Champions] BSS Reg M-A",
  "players": [
    "Cazador492",
    "csdfgs7 7 ie"
  ],
  "log": "|j|\u203dCazador492\n|j|\u2606csdfgs7 7 ie\n|t:|1776357623\n|gametype|singles\n|player|p1|Cazador492|skyla|1050\n|player|p2|csdfgs7 7 ie|170|1000\n|gen|9\n|tier|[Gen 9 Champions] BSS Reg M-A\n|rated|\n|rule|Species Clause: Limit one of each Pok\u00e9mon\n|rule|Item Clause: Limit 1 of each item\n|clearpoke\n|poke|p1|Tyranitar, L50, F|\n|poke|p1|Rotom-Wash, L50|\n|poke|p1|Scizor, L50, M|\n|poke|p1|Garchomp, L50, F|\n|poke|p1|Charizard, L50, M|\n|poke|p1|Gengar, L50, M|\n|poke|p2|Sneasler, L50, F|\n|poke|p2|Garchomp, L50, F|\n|poke|p2|Primarina, L50, F|\n|poke|p2|Hippowdon, L50, F|\n|poke|p2|Archaludon, L50, M|\n|poke|p2|Gengar, L50, F|\n|teampreview|3\n|\n|t:|1776357679\n|teamsize|p1|3\n|teamsize|p2|3\n|start\n|switch|p1a: Rotom|Rotom-Wash, L50|100/100\n|switch|p2a: Hippowdon|Hippowdon, L50, F|100/100\n|-weather|Sandstorm|[from] ability: Sand Stream|[of] p2a: Hippowdon\n|turn|1\n|\n|t:|1776357695\n|move|p1a: Rotom|Hydro Pump|p2a: Hippowdon\n|-supereffective|p2a: Hippowdon|1\n|-damage|p2a: Hippowdon|31/100\n|move|p2a: Hippowdon|Stealth Rock|p1a: Rotom\n|-sidestart|p1: Cazador492|move: Stealth Rock\n|\n|-weather|Sandstorm|[upkeep]\n|-damage|p1a: Rotom|95/100|[from] Sandstorm\n|-heal|p2a: Hippowdon|37/100|[from] item: Leftovers\n|upkeep\n|turn|2\n|\n|t:|1776357707\n|switch|p2a: Garchomp|Garchomp, L50, F|100/100\n|move|p1a: Rotom|Hydro Pump|p2a: Garchomp|[miss]\n|-miss|p1a: Rotom|p2a: Garchomp\n|\n|-weather|Sandstorm|[upkeep]\n|-damage|p1a: Rotom|89/100|[from] Sandstorm\n|upkeep\n|turn|3\n|\n|t:|1776357718\n|move|p2a: Garchomp|Dragon Claw|p1a: Rotom\n|-damage|p1a: Rotom|44/100\n|-enditem|p1a: Rotom|Sitrus Berry|[eat]\n|-heal|p1a: Rotom|69/100|[from] item: Sitrus Berry\n|move|p1a: Rotom|Will-O-Wisp|p2a: Garchomp\n|-status|p2a: Garchomp|brn\n|\n|-weather|Sandstorm|[upkeep]\n|-damage|p1a: Rotom|64/100|[from] Sandstorm\n|-damage|p2a: Garchomp|94/100 brn|[from] brn\n|upkeep\n|turn|4\n|\n|t:|1776357730\n|move|p2a: Garchomp|Dragon Claw|p1a: Rotom\n|-damage|p1a: Rotom|41/100\n|move|p1a: Rotom|Hydro Pump|p2a: Garchomp|[miss]\n|-miss|p1a: Rotom|p2a: Garchomp\n|\n|-weather|Sandstorm|[upkeep]\n|-damage|p1a: Rotom|35/100|[from] Sandstorm\n|-damage|p2a: Garchomp|88/100 brn|[from] brn\n|upkeep\n|turn|5\n|\n|t:|1776357743\n|move|p2a: Garchomp|Dragon Claw|p1a: Rotom\n|-damage|p1a: Rotom|12/100\n|move|p1a: Rotom|Hydro Pump|p2a: Garchomp\n|-damage|p2a: Garchomp|43/100 brn\n|\n|-weather|none\n|-damage|p2a: Garchomp|37/100 brn|[from] brn\n|upkeep\n|turn|6\n|\n|t:|1776357763\n|move|p2a: Garchomp|Dragon Claw|p1a: Rotom\n|-damage|p1a: Rotom|0 fnt\n|faint|p1a: Rotom\n|\n|-damage|p2a: Garchomp|31/100 brn|[from] brn\n|upkeep\n|\n|t:|1776357770\n|switch|p1a: Gengar|Gengar, L50, M, shiny|100/100\n|-damage|p1a: Gengar|89/100|[from] Stealth Rock\n|turn|7\n|inactive|Battle timer is ON: inactive players will automatically lose when time's up. (requested by csdfgs7 7 ie)\n|\n|t:|1776357788\n|switch|p2a: Hippowdon|Hippowdon, L50, F|37/100\n|-weather|Sandstorm|[from] ability: Sand Stream|[of] p2a: Hippowdon\n|move|p1a: Gengar|Shadow Ball|p2a: Hippowdon\n|-damage|p2a: Hippowdon|0 fnt\n|faint|p2a: Hippowdon\n|\n|-weather|Sandstorm|[upkeep]\n|-damage|p1a: Gengar|83/100|[from] Sandstorm\n|upkeep\n|\n|t:|1776357794\n|switch|p2a: Garchomp|Garchomp, L50, F|31/100 brn\n|turn|8\n|\n|t:|1776357802\n|move|p1a: Gengar|Shadow Ball|p2a: Garchomp\n|-damage|p2a: Garchomp|0 fnt\n|faint|p2a: Garchomp\n|\n|-weather|Sandstorm|[upkeep]\n|-damage|p1a: Gengar|77/100|[from] Sandstorm\n|upkeep\n|\n|t:|1776357807\n|switch|p2a: Sneasler|Sneasler, L50, F|100/100\n|turn|9\n|\n|t:|1776357818\n|switch|p1a: Garchomp|Garchomp, L50, F|100/100\n|-damage|p1a: Garchomp|94/100|[from] Stealth Rock\n|move|p2a: Sneasler|Dire Claw|p1a: Garchomp\n|-resisted|p1a: Garchomp|1\n|-crit|p1a: Garchomp\n|-damage|p1a: Garchomp|62/100\n|-status|p1a: Garchomp|psn\n|-damage|p2a: Sneasler|88/100|[from] ability: Rough Skin|[of] p1a: Garchomp\n|\n|-weather|Sandstorm|[upkeep]\n|-damage|p2a: Sneasler|82/100|[from] Sandstorm\n|-damage|p1a: Garchomp|50/100 psn|[from] psn\n|upkeep\n|turn|10\n|\n|t:|1776357833\n|switch|p1a: Gengar|Gengar, L50, M, shiny|77/100\n|-damage|p1a: Gengar|65/100|[from] Stealth Rock\n|move|p2a: Sneasler|Close Combat|p1a: Gengar\n|-immune|p1a: Gengar\n|\n|-weather|Sandstorm|[upkeep]\n|-damage|p1a: Gengar|59/100|[from] Sandstorm\n|-damage|p2a: Sneasler|77/100|[from] Sandstorm\n|upkeep\n|turn|11\n|\n|t:|1776357843\n|move|p1a: Gengar|Psychic|p2a: Sneasler\n|-supereffective|p2a: Sneasler|2\n|-damage|p2a: Sneasler|0 fnt\n|faint|p2a: Sneasler\n|\n|win|Cazador492\n|raw|Cazador492's rating: 1050 &rarr; <strong>1078</strong><br />(+28 for winning)\n|raw|csdfgs7 7 ie's rating: 1000 &rarr; <strong>1000</strong><br />(+0 for losing)\n|l|\u2606csdfgs7 7 ie\n|player|p2|\n",
  "uploadtime": 1776357853,
  "views": 29,
  "formatid": "gen9championsbssregma",
  "rating": 1000,
  "private": 0,
  "password": null
}