{
  "id": "gen9championsbssregma-2585460734",
  "format": "[Gen 9 Champions] BSS Reg M-A",
  "players": [
    "Keyan_Sans",
    "WhatATwat2"
  ],
  "log": "|j|\u2606Keyan_Sans\n|j|\u2606WhatATwat2\n|t:|1776348807\n|gametype|singles\n|player|p1|Keyan_Sans|hugh|1239\n|player|p2|WhatATwat2|102|1169\n|gen|9\n|tier|[Gen 9 Champions] BSS Reg M-A\n|rated|\n|rule|Species Clause: Limit one of each Pok\u00e9mon\n|rule|Item Clause: Limit 1 of each item\n|clearpoke\n|poke|p1|Aegislash, L50, M|\n|poke|p1|Primarina, L50, F|\n|poke|p1|Glimmora, L50, F|\n|poke|p1|Meowscarada, L50, F|\n|poke|p1|Dragonite, L50, F|\n|poke|p1|Lopunny, L50, F|\n|poke|p2|Basculegion, L50, M|\n|poke|p2|Glimmora, L50, M|\n|poke|p2|Excadrill, L50, M|\n|poke|p2|Kingambit, L50, F|\n|poke|p2|Gengar, L50, F|\n|poke|p2|Clefable, L50, M|\n|teampreview|3\n|inactive|Battle timer is ON: inactive players will automatically lose when time's up. (requested by Keyan_Sans)\n|inactive|WhatATwat2 has 60 seconds left.\n|inactive|Keyan_Sans has 60 seconds left.\n|\n|t:|1776348846\n|teamsize|p1|3\n|teamsize|p2|3\n|start\n|switch|p1a: Glimmora|Glimmora, L50, F|100/100\n|switch|p2a: Glimmora|Glimmora, L50, M|100/100\n|turn|1\n|\n|t:|1776348849\n|move|p2a: Glimmora|Mud Shot|p1a: Glimmora\n|-supereffective|p1a: Glimmora|2\n|-enditem|p1a: Glimmora|Focus Sash\n|-damage|p1a: Glimmora|1/100\n|-unboost|p1a: Glimmora|spe|1\n|move|p1a: Glimmora|Earth Power|p2a: Glimmora\n|-supereffective|p2a: Glimmora|2\n|-enditem|p2a: Glimmora|Focus Sash\n|-damage|p2a: Glimmora|1/100\n|\n|upkeep\n|turn|2\n|\n|t:|1776348860\n|move|p2a: Glimmora|Mud Shot|p1a: Glimmora\n|-supereffective|p1a: Glimmora|2\n|-damage|p1a: Glimmora|0 fnt\n|faint|p1a: Glimmora\n|\n|upkeep\n|\n|t:|1776348870\n|switch|p1a: Meowscarada|Meowscarada, L50, F|100/100\n|turn|3\n|\n|t:|1776348877\n|move|p1a: Meowscarada|U-turn|p2a: Glimmora\n|-start|p1a: Meowscarada|typechange|Bug|[from] ability: Protean\n|-resisted|p2a: Glimmora|1\n|-damage|p2a: Glimmora|0 fnt\n|-activate|p2a: Glimmora|ability: Toxic Debris\n|-sidestart|p1: Keyan_Sans|move: Toxic Spikes\n|faint|p2a: Glimmora\n|\n|t:|1776348879\n|switch|p1a: Lopunny|Lopunny, L50, F|100/100|[from] U-turn\n|-status|p1a: Lopunny|psn\n|\n|-damage|p1a: Lopunny|88/100 psn|[from] psn\n|upkeep\n|\n|t:|1776348894\n|switch|p2a: Clefable|Clefable, L50, M|100/100\n|turn|4\n|\n|t:|1776348897\n|detailschange|p1a: Lopunny|Lopunny-Mega, L50, F\n|-mega|p1a: Lopunny|Lopunny|Lopunnite\n|move|p1a: Lopunny|Fake Out|p2a: Clefable\n|-damage|p2a: Clefable|77/100\n|cant|p2a: Clefable|flinch\n|\n|-heal|p2a: Clefable|83/100|[from] item: Leftovers\n|-damage|p1a: Lopunny|76/100 psn|[from] psn\n|upkeep\n|turn|5\n|\n|t:|1776348901\n|move|p1a: Lopunny|Triple Axel|p2a: Clefable\n|-damage|p2a: Clefable|74/100\n|-damage|p2a: Clefable|57/100\n|-damage|p2a: Clefable|33/100\n|-hitcount|p2a: Clefable|3\n|move|p2a: Clefable|Moonblast|p1a: Lopunny\n|-supereffective|p1a: Lopunny|1\n|-crit|p1a: Lopunny\n|-damage|p1a: Lopunny|0 fnt\n|faint|p1a: Lopunny\n|\n|-heal|p2a: Clefable|39/100|[from] item: Leftovers\n|upkeep\n|\n|t:|1776348911\n|switch|p1a: Meowscarada|Meowscarada, L50, F|100/100\n|-status|p1a: Meowscarada|psn\n|turn|6\n|\n|t:|1776348916\n|move|p1a: Meowscarada|Flower Trick|p2a: Clefable\n|-start|p1a: Meowscarada|typechange|Grass|[from] ability: Protean\n|-crit|p2a: Clefable\n|-damage|p2a: Clefable|0 fnt\n|faint|p2a: Clefable\n|\n|-damage|p1a: Meowscarada|89/100 psn|[from] psn\n|upkeep\n|\n|t:|1776348920\n|switch|p2a: Excadrill|Excadrill, L50, M|100/100\n|-ability|p2a: Excadrill|Mold Breaker\n|turn|7\n|\n|t:|1776348934\n|move|p1a: Meowscarada|Flower Trick|p2a: Excadrill\n|-crit|p2a: Excadrill\n|-damage|p2a: Excadrill|27/100\n|move|p2a: Excadrill|Rapid Spin|p1a: Meowscarada\n|-damage|p1a: Meowscarada|62/100 psn\n|-boost|p2a: Excadrill|spe|1\n|\n|-damage|p1a: Meowscarada|50/100 psn|[from] psn\n|upkeep\n|turn|8\n|\n|t:|1776348937\n|move|p1a: Meowscarada|Flower Trick|p2a: Excadrill\n|-crit|p2a: Excadrill\n|-damage|p2a: Excadrill|0 fnt\n|faint|p2a: Excadrill\n|\n|win|Keyan_Sans\n|raw|Keyan_Sans's rating: 1239 &rarr; <strong>1259</strong><br />(+20 for winning)\n|raw|WhatATwat2's rating: 1169 &rarr; <strong>1149</strong><br />(-20 for losing)\n",
  "uploadtime": 1776348939,
  "views": 15,
  "formatid": "gen9championsbssregma",
  "rating": 1149,
  "private": 0,
  "password": null
}