{
  "id": "gen9championsbssregma-2588772592",
  "format": "[Gen 9 Champions] BSS Reg M-A",
  "players": [
    "Josep71",
    "not master anymore"
  ],
  "log": "|j|\u2606Josep71\n|j|\u2606not master anymore\n|t:|1776668848\n|gametype|singles\n|player|p1|Josep71|red|1365\n|player|p2|not master anymore|170|1355\n|gen|9\n|tier|[Gen 9 Champions] BSS Reg M-A\n|rated|\n|rule|Species Clause: Limit one of each Pok\u00e9mon\n|rule|Item Clause: Limit 1 of each item\n|clearpoke\n|poke|p1|Kangaskhan, L50, F|\n|poke|p1|Delphox, L50, M|\n|poke|p1|Araquanid, L50, M|\n|poke|p1|Hydreigon, L50, M|\n|poke|p1|Archaludon, L50, M|\n|poke|p1|Skeledirge, L50, M|\n|poke|p2|Farigiraf, L50, F|\n|poke|p2|Floette-Eternal, L50, F|\n|poke|p2|Corviknight, L50, F|\n|poke|p2|Lopunny, L50, F|\n|poke|p2|Charizard, L50, F|\n|poke|p2|Espeon, L50, M|\n|teampreview|3\n|inactive|Battle timer is ON: inactive players will automatically lose when time's up. (requested by not master anymore)\n|inactive|Josep71 has 60 seconds left.\n|\n|t:|1776668922\n|teamsize|p1|3\n|teamsize|p2|3\n|start\n|switch|p1a: Araquanid|Araquanid, L50, M|100/100\n|switch|p2a: Espeon|Espeon, L50, M|100/100\n|turn|1\n|\n|t:|1776668927\n|move|p2a: Espeon|Yawn|p1a: Araquanid\n|-start|p1a: Araquanid|move: Yawn|[of] p2a: Espeon\n|move|p1a: Araquanid|Sticky Web|p2a: Espeon\n|move|p2a: Espeon|Sticky Web|p1a: Araquanid|[from] ability: Magic Bounce\n|-sidestart|p1: Josep71|move: Sticky Web\n|\n|upkeep\n|turn|2\n|\n|t:|1776668947\n|move|p2a: Espeon|Substitute|p2a: Espeon\n|-start|p2a: Espeon|Substitute\n|-damage|p2a: Espeon|76/100\n|move|p1a: Araquanid|Liquidation|p2a: Espeon\n|-end|p2a: Espeon|Substitute\n|\n|-end|p1a: Araquanid|move: Yawn|[silent]\n|-status|p1a: Araquanid|slp\n|upkeep\n|turn|3\n|\n|t:|1776668957\n|switch|p1a: Kangaskhan|Kangaskhan, L50, F|100/100\n|-activate|p1a: Kangaskhan|move: Sticky Web\n|-unboost|p1a: Kangaskhan|spe|1\n|move|p2a: Espeon|Substitute|p2a: Espeon\n|-start|p2a: Espeon|Substitute\n|-damage|p2a: Espeon|51/100\n|\n|upkeep\n|turn|4\n|\n|t:|1776668978\n|detailschange|p1a: Kangaskhan|Kangaskhan-Mega, L50, F\n|-mega|p1a: Kangaskhan|Kangaskhan|Kangaskhanite\n|move|p1a: Kangaskhan|Fake Out|p2a: Espeon\n|-end|p2a: Espeon|Substitute\n|-damage|p2a: Espeon|42/100\n|-hitcount|p2a: Espeon|2\n|cant|p2a: Espeon|flinch\n|\n|upkeep\n|turn|5\n|\n|t:|1776668998\n|switch|p1a: Araquanid|Araquanid, L50, M|100/100 slp\n|-activate|p1a: Araquanid|move: Sticky Web\n|-unboost|p1a: Araquanid|spe|1\n|move|p2a: Espeon|Baton Pass|p2a: Espeon\n|\n|t:|1776669005\n|switch|p2a: Lopunny|Lopunny, L50, F|100/100|[from] Baton Pass\n|\n|upkeep\n|turn|6\n|\n|t:|1776669015\n|switch|p1a: Skeledirge|Skeledirge, L50, M|100/100\n|-activate|p1a: Skeledirge|move: Sticky Web\n|-unboost|p1a: Skeledirge|spe|1\n|move|p2a: Lopunny|Cotton Guard|p2a: Lopunny\n|-boost|p2a: Lopunny|def|3\n|\n|upkeep\n|turn|7\n|\n|t:|1776669024\n|move|p2a: Lopunny|Baton Pass|p2a: Lopunny\n|\n|t:|1776669026\n|switch|p2a: Floette|Floette-Eternal, L50, F|100/100|[from] Baton Pass\n|move|p1a: Skeledirge|Will-O-Wisp|p2a: Floette\n|-status|p2a: Floette|brn\n|\n|-damage|p2a: Floette|95/100 brn|[from] brn\n|upkeep\n|turn|8\n|\n|t:|1776669043\n|move|p2a: Floette|Moonblast|p1a: Skeledirge\n|-resisted|p1a: Skeledirge|1\n|-damage|p1a: Skeledirge|81/100\n|move|p1a: Skeledirge|Torch Song|p2a: Floette\n|-damage|p2a: Floette|66/100 brn\n|-boost|p1a: Skeledirge|spa|1\n|\n|-heal|p1a: Skeledirge|87/100|[from] item: Leftovers\n|-damage|p2a: Floette|60/100 brn|[from] brn\n|upkeep\n|turn|9\n|-message|not master anymore forfeited.\n|\n|win|Josep71\n|raw|Josep71's rating: 1365 &rarr; <strong>1384</strong><br />(+19 for winning)\n|raw|not master anymore's rating: 1355 &rarr; <strong>1336</strong><br />(-19 for losing)\n|l|\u2606not master anymore\n|player|p2|\n",
  "uploadtime": 1776669062,
  "views": 8,
  "formatid": "gen9championsbssregma",
  "rating": 1336,
  "private": 0,
  "password": null
}