{
  "id": "gen9championsbssregma-2588820281",
  "format": "[Gen 9 Champions] BSS Reg M-A",
  "players": [
    "Aletargua",
    "Bbbkty"
  ],
  "log": "|j|\u2606Aletargua\n|j|\u2606Bbbkty\n|t:|1776674857\n|gametype|singles\n|player|p1|Aletargua|ingo|1130\n|player|p2|Bbbkty|1|1137\n|gen|9\n|tier|[Gen 9 Champions] BSS Reg M-A\n|rated|\n|rule|Species Clause: Limit one of each Pok\u00e9mon\n|rule|Item Clause: Limit 1 of each item\n|clearpoke\n|poke|p1|Absol, L50, M, shiny|\n|poke|p1|Alakazam, L50, F, shiny|\n|poke|p1|Ceruledge, L50, F, shiny|\n|poke|p1|Pelipper, L50, M, shiny|\n|poke|p1|Archaludon, L50, M, shiny|\n|poke|p1|Basculegion, L50, M, shiny|\n|poke|p2|Clefable, L50, F|\n|poke|p2|Charizard, L50, M|\n|poke|p2|Mimikyu, L50, M|\n|poke|p2|Kingambit, L50, F|\n|poke|p2|Espathra, L50, M|\n|poke|p2|Glimmora, L50, M|\n|teampreview|3\n|inactive|Battle timer is ON: inactive players will automatically lose when time's up. (requested by Aletargua)\n|\n|t:|1776674870\n|teamsize|p1|3\n|teamsize|p2|3\n|start\n|switch|p1a: Basculegion|Basculegion, L50, M, shiny|100/100\n|switch|p2a: Glimmora|Glimmora, L50, M|100/100\n|turn|1\n|\n|t:|1776674880\n|move|p1a: Basculegion|Aqua Jet|p2a: Glimmora\n|-supereffective|p2a: Glimmora|1\n|-damage|p2a: Glimmora|19/100\n|-activate|p2a: Glimmora|ability: Toxic Debris\n|-sidestart|p1: Aletargua|move: Toxic Spikes\n|move|p2a: Glimmora|Stealth Rock|p1a: Basculegion\n|-sidestart|p1: Aletargua|move: Stealth Rock\n|\n|upkeep\n|turn|2\n|\n|t:|1776674886\n|move|p1a: Basculegion|Aqua Jet|p2a: Glimmora\n|-supereffective|p2a: Glimmora|1\n|-damage|p2a: Glimmora|0 fnt\n|-activate|p2a: Glimmora|ability: Toxic Debris\n|-sidestart|p1: Aletargua|move: Toxic Spikes\n|faint|p2a: Glimmora\n|\n|upkeep\n|\n|t:|1776674889\n|switch|p2a: Espathra|Espathra, L50, M|100/100\n|turn|3\n|\n|t:|1776674894\n|move|p2a: Espathra|Protect|p2a: Espathra\n|-singleturn|p2a: Espathra|Protect\n|move|p1a: Basculegion|Wave Crash|p2a: Espathra\n|-activate|p2a: Espathra|move: Protect\n|\n|-ability|p2a: Espathra|Speed Boost|boost\n|-boost|p2a: Espathra|spe|1\n|upkeep\n|turn|4\n|\n|t:|1776674900\n|move|p2a: Espathra|Baton Pass|p2a: Espathra\n|\n|t:|1776674903\n|switch|p2a: Clefable|Clefable, L50, F|100/100|[from] Baton Pass\n|move|p1a: Basculegion|Wave Crash|p2a: Clefable\n|-damage|p2a: Clefable|27/100\n|-damage|p1a: Basculegion|76/100|[from] Recoil\n|\n|upkeep\n|turn|5\n|\n|t:|1776674911\n|detailschange|p2a: Clefable|Clefable-Mega, L50, F\n|-mega|p2a: Clefable|Clefable|Clefablite\n|move|p1a: Basculegion|Aqua Jet|p2a: Clefable\n|-damage|p2a: Clefable|3/100\n|move|p2a: Clefable|Moonlight|p2a: Clefable\n|-heal|p2a: Clefable|53/100\n|\n|upkeep\n|turn|6\n|\n|t:|1776674923\n|move|p2a: Clefable|Moonlight|p2a: Clefable\n|-heal|p2a: Clefable|100/100\n|move|p1a: Basculegion|Wave Crash|p2a: Clefable\n|-damage|p2a: Clefable|32/100\n|-damage|p1a: Basculegion|52/100|[from] Recoil\n|\n|upkeep\n|turn|7\n|\n|t:|1776674932\n|move|p2a: Clefable|Moonlight|p2a: Clefable\n|-heal|p2a: Clefable|82/100\n|move|p1a: Basculegion|Wave Crash|p2a: Clefable\n|-damage|p2a: Clefable|16/100\n|-damage|p1a: Basculegion|30/100|[from] Recoil\n|\n|upkeep\n|turn|8\n|\n|t:|1776674942\n|move|p2a: Clefable|Moonlight|p2a: Clefable\n|-heal|p2a: Clefable|66/100\n|move|p1a: Basculegion|Wave Crash|p2a: Clefable\n|-damage|p2a: Clefable|3/100\n|-damage|p1a: Basculegion|9/100|[from] Recoil\n|\n|upkeep\n|turn|9\n|\n|t:|1776674956\n|switch|p2a: Espathra|Espathra, L50, M|100/100\n|move|p1a: Basculegion|Aqua Jet|p2a: Espathra\n|-damage|p2a: Espathra|52/100\n|\n|upkeep\n|turn|10\n|\n|t:|1776674962\n|move|p2a: Espathra|Protect|p2a: Espathra\n|-singleturn|p2a: Espathra|Protect\n|move|p1a: Basculegion|Wave Crash|p2a: Espathra\n|-activate|p2a: Espathra|move: Protect\n|\n|-ability|p2a: Espathra|Speed Boost|boost\n|-boost|p2a: Espathra|spe|1\n|upkeep\n|turn|11\n|\n|t:|1776674973\n|move|p1a: Basculegion|Aqua Jet|p2a: Espathra\n|-damage|p2a: Espathra|5/100\n|-enditem|p2a: Espathra|Sitrus Berry|[eat]\n|-heal|p2a: Espathra|30/100|[from] item: Sitrus Berry\n|move|p2a: Espathra|Calm Mind|p2a: Espathra\n|-boost|p2a: Espathra|spa|1\n|-boost|p2a: Espathra|spd|1\n|\n|-ability|p2a: Espathra|Speed Boost|boost\n|-boost|p2a: Espathra|spe|1\n|upkeep\n|turn|12\n|\n|t:|1776674980\n|move|p2a: Espathra|Protect|p2a: Espathra\n|-singleturn|p2a: Espathra|Protect\n|move|p1a: Basculegion|Aqua Jet|p2a: Espathra\n|-activate|p2a: Espathra|move: Protect\n|\n|-ability|p2a: Espathra|Speed Boost|boost\n|-boost|p2a: Espathra|spe|1\n|upkeep\n|turn|13\n|\n|t:|1776674987\n|move|p1a: Basculegion|Aqua Jet|p2a: Espathra\n|-damage|p2a: Espathra|0 fnt\n|faint|p2a: Espathra\n|\n|upkeep\n|\n|t:|1776674991\n|switch|p2a: Clefable|Clefable-Mega, L50, F|3/100\n|turn|14\n|\n|t:|1776674993\n|move|p1a: Basculegion|Aqua Jet|p2a: Clefable\n|-damage|p2a: Clefable|0 fnt\n|faint|p2a: Clefable\n|\n|win|Aletargua\n|raw|Aletargua's rating: 1130 &rarr; <strong>1156</strong><br />(+26 for winning)\n|raw|Bbbkty's rating: 1137 &rarr; <strong>1111</strong><br />(-26 for losing)\n",
  "uploadtime": 1776674996,
  "views": 1,
  "formatid": "gen9championsbssregma",
  "rating": 1111,
  "private": 0,
  "password": null
}