{
  "id": "gen9championsbssregma-2581156150",
  "format": "[Gen 9 Champions] BSS Reg M-A",
  "players": [
    "CloudWatcherTian",
    "chrismjkim2"
  ],
  "log": "|j|\u2606CloudWatcherTian\n|j|\u2606chrismjkim2\n|t:|1775965303\n|gametype|singles\n|player|p1|CloudWatcherTian|birdkeeper|1131\n|player|p2|chrismjkim2|skyla|1060\n|gen|9\n|tier|[Gen 9 Champions] BSS Reg M-A\n|rated|\n|rule|Species Clause: Limit one of each Pok\u00e9mon\n|rule|Item Clause: Limit 1 of each item\n|clearpoke\n|poke|p1|Sneasler, L50, F|\n|poke|p1|Gyarados, L50, M|\n|poke|p1|Incineroar, L50, F|\n|poke|p1|Gliscor, L50, M|\n|poke|p1|Bellibolt, L50, F|\n|poke|p1|Mamoswine, L50, M|\n|poke|p2|Delphox, L50, M|\n|poke|p2|Primarina, L50, M|\n|poke|p2|Corviknight, L50, F|\n|poke|p2|Garchomp, L50, M|\n|poke|p2|Lopunny, L50, M|\n|poke|p2|Rotom-Heat, L50|\n|teampreview|3\n|inactive|Battle timer is ON: inactive players will automatically lose when time's up. (requested by chrismjkim2)\n|c|\u2606CloudWatcherTian|Welcome, glhf!\n|inactive|CloudWatcherTian has 60 seconds left.\n|inactive|chrismjkim2 has 60 seconds left.\n|\n|t:|1775965342\n|teamsize|p1|3\n|teamsize|p2|3\n|start\n|switch|p1a: Igarashi|Gyarados, L50, M, shiny|100/100\n|switch|p2a: Lopunny|Lopunny, L50, M|100/100\n|-ability|p1a: Igarashi|Intimidate|boost\n|-unboost|p2a: Lopunny|atk|1\n|turn|1\n|\n|t:|1775965358\n|switch|p1a: Sasha|Sneasler, L50, F, shiny|100/100\n|detailschange|p2a: Lopunny|Lopunny-Mega, L50, M\n|-mega|p2a: Lopunny|Lopunny|Lopunnite\n|move|p2a: Lopunny|Fake Out|p1a: Sasha\n|-damage|p1a: Sasha|77/100\n|\n|upkeep\n|turn|2\n|\n|t:|1775965371\n|move|p1a: Sasha|Fake Out|p2a: Lopunny\n|-damage|p2a: Lopunny|82/100\n|cant|p2a: Lopunny|flinch\n|\n|upkeep\n|turn|3\n|\n|t:|1775965377\n|move|p1a: Sasha|Upper Hand||[still]\n|-fail|p1a: Sasha\n|move|p2a: Lopunny|U-turn|p1a: Sasha\n|-resisted|p1a: Sasha|2\n|-damage|p1a: Sasha|70/100\n|\n|t:|1775965381\n|switch|p2a: Corviknight|Corviknight, L50, F|100/100|[from] U-turn\n|-ability|p2a: Corviknight|Pressure\n|\n|upkeep\n|turn|4\n|\n|t:|1775965396\n|switch|p1a: Gene|Bellibolt, L50, F, shiny|100/100\n|move|p2a: Corviknight|Iron Defense|p2a: Corviknight\n|-boost|p2a: Corviknight|def|2\n|\n|upkeep\n|turn|5\n|\n|t:|1775965405\n|move|p2a: Corviknight|Body Press|p1a: Gene\n|-damage|p1a: Gene|57/100\n|-start|p1a: Gene|Charge|Body Press|[from] ability: Electromorphosis\n|move|p1a: Gene|Volt Switch|p2a: Corviknight\n|-supereffective|p2a: Corviknight|1\n|-damage|p2a: Corviknight|0 fnt\n|faint|p2a: Corviknight\n|-end|p1a: Gene|Charge|[silent]\n|c|\u2606CloudWatcherTian|Bellibolt to the rescue!\n|\n|t:|1775965418\n|switch|p1a: Sasha|Sneasler, L50, F, shiny|70/100|[from] Volt Switch\n|\n|upkeep\n|\n|t:|1775965425\n|switch|p2a: Primarina|Primarina, L50, M|100/100\n|turn|6\n|\n|t:|1775965437\n|move|p1a: Sasha|Fake Out|p2a: Primarina\n|-damage|p2a: Primarina|83/100\n|cant|p2a: Primarina|flinch\n|\n|upkeep\n|turn|7\n|\n|t:|1775965443\n|move|p1a: Sasha|Dire Claw|p2a: Primarina\n|-supereffective|p2a: Primarina|1\n|-damage|p2a: Primarina|0 fnt\n|faint|p2a: Primarina\n|\n|upkeep\n|\n|t:|1775965447\n|switch|p2a: Lopunny|Lopunny-Mega, L50, M|82/100\n|turn|8\n|\n|t:|1775965451\n|move|p2a: Lopunny|Fake Out|p1a: Sasha\n|-damage|p1a: Sasha|29/100\n|cant|p1a: Sasha|flinch\n|\n|upkeep\n|turn|9\n|\n|t:|1775965457\n|move|p2a: Lopunny|Facade|p1a: Sasha\n|-damage|p1a: Sasha|0 fnt\n|faint|p1a: Sasha\n|\n|upkeep\n|\n|t:|1775965462\n|switch|p1a: Igarashi|Gyarados, L50, M, shiny|100/100\n|-ability|p1a: Igarashi|Intimidate|boost\n|-fail|p2a: Lopunny|unboost|Attack|[from] ability: Scrappy|[of] p2a: Lopunny\n|turn|10\n|\n|t:|1775965476\n|move|p2a: Lopunny|Facade|p1a: Igarashi\n|-damage|p1a: Igarashi|56/100\n|move|p1a: Igarashi|Waterfall|p2a: Lopunny\n|-damage|p2a: Lopunny|26/100\n|\n|upkeep\n|turn|11\n|-message|chrismjkim2 forfeited.\n|\n|win|CloudWatcherTian\n|raw|CloudWatcherTian's rating: 1131 &rarr; <strong>1151</strong><br />(+20 for winning)\n|raw|chrismjkim2's rating: 1060 &rarr; <strong>1045</strong><br />(-15 for losing)\n|l|\u2606chrismjkim2\n|player|p2|\n|c|\u2606CloudWatcherTian|GGs!\n",
  "uploadtime": 1775965500,
  "views": 10,
  "formatid": "gen9championsbssregma",
  "rating": 1045,
  "private": 0,
  "password": null
}