{
  "id": "gen9championsbssregma-2580822732",
  "format": "[Gen 9 Champions] BSS Reg M-A",
  "players": [
    "Meteorplayz_",
    "Yani Aprieto"
  ],
  "log": "|j|\u2606Meteorplayz_\n|j|\u2606Yani Aprieto\n|t:|1775935332\n|gametype|singles\n|player|p1|Meteorplayz_|winona-gen6|1027\n|player|p2|Yani Aprieto|caitlin|1000\n|gen|9\n|tier|[Gen 9 Champions] BSS Reg M-A\n|rated|\n|rule|Species Clause: Limit one of each Pok\u00e9mon\n|rule|Item Clause: Limit 1 of each item\n|clearpoke\n|poke|p1|Meowscarada, L50, M|\n|poke|p1|Milotic, L50, F|\n|poke|p1|Aegislash, L50, F|\n|poke|p1|Dragonite, L50, M|\n|poke|p1|Slowking-Galar, L50, M|\n|poke|p1|Lopunny, L50, F|\n|poke|p2|Beedrill, L50, F|\n|poke|p2|Gengar, L50, F|\n|poke|p2|Slowking-Galar, L50, F|\n|poke|p2|Toxapex, L50, F|\n|poke|p2|Salazzle, L50, F|\n|poke|p2|Sneasler, L50, F|\n|teampreview|3\n|\n|t:|1775935356\n|teamsize|p1|3\n|teamsize|p2|3\n|start\n|switch|p1a: Slowking|Slowking-Galar, L50, M|100/100\n|switch|p2a: Beedrill|Beedrill, L50, F, shiny|100/100\n|turn|1\n|\n|t:|1775935365\n|detailschange|p2a: Beedrill|Beedrill-Mega, L50, F, shiny\n|-mega|p2a: Beedrill|Beedrill|Beedrillite\n|move|p2a: Beedrill|U-turn|p1a: Slowking\n|-damage|p1a: Slowking|41/100\n|\n|t:|1775935376\n|switch|p2a: Gengar|Gengar, L50, F, shiny|100/100|[from] U-turn\n|move|p1a: Slowking|Future Sight|p2a: Gengar\n|-start|p1a: Slowking|move: Future Sight\n|\n|upkeep\n|turn|2\n|\n|t:|1775935398\n|move|p2a: Gengar|Shadow Ball|p1a: Slowking\n|-supereffective|p1a: Slowking|1\n|-damage|p1a: Slowking|0 fnt\n|faint|p1a: Slowking\n|\n|upkeep\n|\n|t:|1775935403\n|switch|p1a: Lopunny|Lopunny, L50, F|100/100\n|turn|3\n|\n|t:|1775935407\n|switch|p2a: Toxapex|Toxapex, L50, F, shiny|100/100\n|detailschange|p1a: Lopunny|Lopunny-Mega, L50, F\n|-mega|p1a: Lopunny|Lopunny|Lopunnite\n|move|p1a: Lopunny|Fake Out|p2a: Toxapex\n|-damage|p2a: Toxapex|86/100\n|\n|-end|p2a: Toxapex|move: Future Sight\n|-supereffective|p2a: Toxapex|1\n|-damage|p2a: Toxapex|20/100\n|-heal|p2a: Toxapex|26/100|[from] item: Leftovers\n|upkeep\n|turn|4\n|\n|t:|1775935419\n|move|p2a: Toxapex|Baneful Bunker|p2a: Toxapex\n|-singleturn|p2a: Toxapex|move: Protect\n|move|p1a: Lopunny|U-turn|p2a: Toxapex\n|-activate|p2a: Toxapex|move: Protect\n|-status|p1a: Lopunny|psn\n|\n|-heal|p2a: Toxapex|32/100|[from] item: Leftovers\n|-damage|p1a: Lopunny|88/100 psn|[from] psn\n|upkeep\n|turn|5\n|\n|t:|1775935429\n|move|p1a: Lopunny|U-turn|p2a: Toxapex\n|-resisted|p2a: Toxapex|1\n|-damage|p2a: Toxapex|23/100\n|\n|t:|1775935437\n|switch|p1a: Aegislash|Aegislash, L50, F|100/100|[from] U-turn\n|move|p2a: Toxapex|Recover|p2a: Toxapex\n|-heal|p2a: Toxapex|73/100\n|\n|-heal|p2a: Toxapex|79/100|[from] item: Leftovers\n|upkeep\n|turn|6\n|\n|t:|1775935451\n|move|p2a: Toxapex|Baneful Bunker|p2a: Toxapex\n|-singleturn|p2a: Toxapex|move: Protect\n|move|p1a: Aegislash|Swords Dance|p1a: Aegislash\n|-boost|p1a: Aegislash|atk|2\n|\n|-heal|p2a: Toxapex|85/100|[from] item: Leftovers\n|upkeep\n|turn|7\n|\n|t:|1775935461\n|move|p1a: Aegislash|Swords Dance|p1a: Aegislash\n|-boost|p1a: Aegislash|atk|2\n|move|p2a: Toxapex|Infestation|p1a: Aegislash\n|-resisted|p1a: Aegislash|2\n|-damage|p1a: Aegislash|99/100\n|-activate|p1a: Aegislash|move: Infestation|[of] p2a: Toxapex\n|\n|-heal|p1a: Aegislash|100/100|[from] item: Leftovers\n|-heal|p2a: Toxapex|90/100|[from] item: Leftovers\n|-damage|p1a: Aegislash|89/100|[from] move: Infestation|[partiallytrapped]\n|upkeep\n|turn|8\n|\n|t:|1775935473\n|move|p1a: Aegislash|Swords Dance|p1a: Aegislash\n|-boost|p1a: Aegislash|atk|2\n|move|p2a: Toxapex|Infestation|p1a: Aegislash\n|-resisted|p1a: Aegislash|2\n|-damage|p1a: Aegislash|88/100\n|\n|-heal|p1a: Aegislash|94/100|[from] item: Leftovers\n|-heal|p2a: Toxapex|96/100|[from] item: Leftovers\n|-damage|p1a: Aegislash|82/100|[from] move: Infestation|[partiallytrapped]\n|upkeep\n|turn|9\n|\n|t:|1775935483\n|move|p2a: Toxapex|Baneful Bunker|p2a: Toxapex\n|-singleturn|p2a: Toxapex|move: Protect\n|-formechange|p1a: Aegislash|Aegislash-Blade|\n|move|p1a: Aegislash|Poltergeist|p2a: Toxapex\n|-activate|p2a: Toxapex|move: Protect\n|\n|-heal|p1a: Aegislash|88/100|[from] item: Leftovers\n|-heal|p2a: Toxapex|100/100|[from] item: Leftovers\n|-damage|p1a: Aegislash|76/100|[from] move: Infestation|[partiallytrapped]\n|upkeep\n|turn|10\n|\n|t:|1775935494\n|move|p1a: Aegislash|Poltergeist|p2a: Toxapex\n|-activate|p2a: Toxapex|move: Poltergeist|Leftovers\n|-damage|p2a: Toxapex|0 fnt\n|faint|p2a: Toxapex\n|\n|-heal|p1a: Aegislash|82/100|[from] item: Leftovers\n|-end|p1a: Aegislash|Infestation|[partiallytrapped]|[silent]\n|upkeep\n|\n|t:|1775935503\n|switch|p2a: Beedrill|Beedrill-Mega, L50, F, shiny|100/100\n|turn|11\n|inactive|Battle timer is ON: inactive players will automatically lose when time's up. (requested by Yani Aprieto)\n|inactive|Meteorplayz_ has 60 seconds left.\n|\n|t:|1775935600\n|move|p1a: Aegislash|Shadow Sneak|p2a: Beedrill\n|-damage|p2a: Beedrill|0 fnt\n|faint|p2a: Beedrill\n|\n|-heal|p1a: Aegislash|88/100|[from] item: Leftovers\n|upkeep\n|\n|t:|1775935607\n|switch|p2a: Gengar|Gengar, L50, F, shiny|100/100\n|turn|12\n|\n|t:|1775935617\n|move|p1a: Aegislash|Shadow Sneak|p2a: Gengar\n|-supereffective|p2a: Gengar|1\n|-damage|p2a: Gengar|0 fnt\n|-start|p1a: Aegislash|Disable|Shadow Sneak|[from] ability: Cursed Body|[of] p2a: Gengar\n|faint|p2a: Gengar\n|\n|win|Meteorplayz_\n|raw|Meteorplayz_'s rating: 1027 &rarr; <strong>1060</strong><br />(+33 for winning)\n|raw|Yani Aprieto's rating: 1000 &rarr; <strong>1000</strong><br />(+0 for losing)\n",
  "uploadtime": 1775935618,
  "views": 14,
  "formatid": "gen9championsbssregma",
  "rating": 1000,
  "private": 0,
  "password": null
}