{
  "id": "gen9championsbssregma-2586827328",
  "format": "[Gen 9 Champions] BSS Reg M-A",
  "players": [
    "manhuang",
    "bandozo100"
  ],
  "log": "|j|\u2606manhuang\n|j|\u2606bandozo100\n|t:|1776463207\n|gametype|singles\n|player|p1|manhuang|cynthia|1216\n|player|p2|bandozo100|lacey|1184\n|gen|9\n|tier|[Gen 9 Champions] BSS Reg M-A\n|rated|\n|rule|Species Clause: Limit one of each Pok\u00e9mon\n|rule|Item Clause: Limit 1 of each item\n|clearpoke\n|poke|p1|Scizor, L50, M|\n|poke|p1|Ceruledge, L50, M|\n|poke|p1|Corviknight, L50, F|\n|poke|p1|Hydreigon, L50, F|\n|poke|p1|Rotom-Wash, L50|\n|poke|p1|Ninetales-Alola, L50, M|\n|poke|p2|Emboar, L50, F|\n|poke|p2|Meowscarada, L50, M|\n|poke|p2|Primarina, L50, M|\n|poke|p2|Garchomp, L50, F|\n|poke|p2|Rotom-Heat, L50|\n|poke|p2|Archaludon, L50, F|\n|teampreview|3\n|inactive|Battle timer is ON: inactive players will automatically lose when time's up. (requested by manhuang)\n|inactive|manhuang has 60 seconds left.\n|\n|t:|1776463254\n|teamsize|p1|3\n|teamsize|p2|3\n|start\n|switch|p1a: Rotom|Rotom-Wash, L50|100/100\n|switch|p2a: Bridget|Archaludon, L50, F|100/100\n|turn|1\n|\n|t:|1776463257\n|move|p2a: Bridget|Stealth Rock|p1a: Rotom\n|-sidestart|p1: manhuang|move: Stealth Rock\n|move|p1a: Rotom|Will-O-Wisp|p2a: Bridget\n|-status|p2a: Bridget|brn\n|\n|-damage|p2a: Bridget|94/100 brn|[from] brn\n|upkeep\n|turn|2\n|\n|t:|1776463268\n|move|p2a: Bridget|Draco Meteor|p1a: Rotom\n|-damage|p1a: Rotom|46/100\n|-unboost|p2a: Bridget|spa|2\n|-enditem|p1a: Rotom|Sitrus Berry|[eat]\n|-heal|p1a: Rotom|71/100|[from] item: Sitrus Berry\n|-enditem|p2a: Bridget|White Herb\n|-clearnegativeboost|p2a: Bridget|[silent]\n|move|p1a: Rotom|Hydro Pump|p2a: Bridget\n|-resisted|p2a: Bridget|1\n|-damage|p2a: Bridget|65/100 brn\n|\n|-damage|p2a: Bridget|59/100 brn|[from] brn\n|upkeep\n|turn|3\n|\n|t:|1776463277\n|move|p2a: Bridget|Draco Meteor|p1a: Rotom\n|-damage|p1a: Rotom|15/100\n|-unboost|p2a: Bridget|spa|2\n|move|p1a: Rotom|Pain Split|p2a: Bridget\n|-sethp|p2a: Bridget|37/100 brn|[from] move: Pain Split|[silent]\n|-sethp|p1a: Rotom|39/100|[from] move: Pain Split\n|\n|-damage|p2a: Bridget|31/100 brn|[from] brn\n|upkeep\n|turn|4\n|\n|t:|1776463284\n|move|p2a: Bridget|Draco Meteor|p1a: Rotom\n|-damage|p1a: Rotom|8/100\n|-unboost|p2a: Bridget|spa|2\n|move|p1a: Rotom|Volt Switch|p2a: Bridget\n|-resisted|p2a: Bridget|1\n|-damage|p2a: Bridget|10/100 brn\n|\n|t:|1776463288\n|switch|p1a: Scizor|Scizor, L50, M|100/100|[from] Volt Switch\n|-damage|p1a: Scizor|88/100|[from] Stealth Rock\n|\n|-damage|p2a: Bridget|4/100 brn|[from] brn\n|upkeep\n|turn|5\n|\n|t:|1776463292\n|detailschange|p1a: Scizor|Scizor-Mega, L50, M\n|-mega|p1a: Scizor|Scizor|Scizorite\n|move|p2a: Bridget|Thunderbolt|p1a: Scizor\n|-damage|p1a: Scizor|79/100\n|move|p1a: Scizor|Swords Dance|p1a: Scizor\n|-boost|p1a: Scizor|atk|2\n|\n|-damage|p2a: Bridget|0 fnt|[from] brn\n|faint|p2a: Bridget\n|upkeep\n|\n|t:|1776463293\n|switch|p2a: Emboar|Emboar, L50, F|100/100\n|turn|6\n|\n|t:|1776463304\n|switch|p1a: Ceruledge|Ceruledge, L50, M|100/100\n|-damage|p1a: Ceruledge|75/100|[from] Stealth Rock\n|detailschange|p2a: Emboar|Emboar-Mega, L50, F\n|-mega|p2a: Emboar|Emboar|Emboarite\n|-ability|p2a: Emboar|Mold Breaker\n|move|p2a: Emboar|Flare Blitz|p1a: Ceruledge\n|-resisted|p1a: Ceruledge|1\n|-crit|p1a: Ceruledge\n|-damage|p1a: Ceruledge|0 fnt\n|faint|p1a: Ceruledge\n|-damage|p2a: Emboar|81/100|[from] Recoil\n|\n|upkeep\n|\n|t:|1776463311\n|switch|p1a: Scizor|Scizor-Mega, L50, M|79/100\n|-damage|p1a: Scizor|66/100|[from] Stealth Rock\n|turn|7\n|\n|t:|1776463313\n|move|p1a: Scizor|Bullet Punch|p2a: Emboar\n|-resisted|p2a: Emboar|1\n|-damage|p2a: Emboar|63/100\n|move|p2a: Emboar|Flare Blitz|p1a: Scizor\n|-supereffective|p1a: Scizor|2\n|-damage|p1a: Scizor|0 fnt\n|faint|p1a: Scizor\n|-damage|p2a: Emboar|44/100|[from] Recoil\n|\n|upkeep\n|\n|t:|1776463316\n|switch|p1a: Rotom|Rotom-Wash, L50|8/100\n|-damage|p1a: Rotom|0 fnt|[from] Stealth Rock\n|faint|p1a: Rotom\n|\n|win|bandozo100\n|raw|manhuang's rating: 1216 &rarr; <strong>1189</strong><br />(-27 for losing)\n|raw|bandozo100's rating: 1184 &rarr; <strong>1211</strong><br />(+27 for winning)\n|l|\u2606manhuang\n|player|p1|\n",
  "uploadtime": 1776463325,
  "views": 2,
  "formatid": "gen9championsbssregma",
  "rating": 1189,
  "private": 0,
  "password": null
}