{
  "id": "gen9championsbssregma-2586147349",
  "format": "[Gen 9 Champions] BSS Reg M-A",
  "players": [
    "Zilitburn",
    "bryannoah2309"
  ],
  "log": "|j|\u2606Zilitburn\n|j|\u2606bryannoah2309\n|t:|1776404967\n|gametype|singles\n|player|p1|Zilitburn|1|1216\n|player|p2|bryannoah2309|silver|1287\n|gen|9\n|tier|[Gen 9 Champions] BSS Reg M-A\n|rated|\n|rule|Species Clause: Limit one of each Pok\u00e9mon\n|rule|Item Clause: Limit 1 of each item\n|clearpoke\n|poke|p1|Chesnaught, L50, M|\n|poke|p1|Palafin, L50, M|\n|poke|p1|Aegislash, L50, M|\n|poke|p1|Kingambit, L50, F|\n|poke|p1|Farigiraf, L50, F|\n|poke|p1|Floette-Eternal, L50, F|\n|poke|p2|Greninja-*, L50, M|\n|poke|p2|Gengar, L50, M|\n|poke|p2|Garchomp, L50, M|\n|poke|p2|Hatterene, L50, F|\n|poke|p2|Scizor, L50, M|\n|poke|p2|Charizard, L50, M|\n|teampreview|3\n|inactive|Battle timer is ON: inactive players will automatically lose when time's up. (requested by Zilitburn)\n|inactive|Zilitburn has 60 seconds left.\n|inactive|bryannoah2309 has 60 seconds left.\n|\n|t:|1776405026\n|teamsize|p1|3\n|teamsize|p2|3\n|start\n|switch|p1a: Palafin|Palafin, L50, M|100/100\n|switch|p2a: Charizard|Charizard, L50, M, shiny|100/100\n|turn|1\n|\n|t:|1776405038\n|detailschange|p2a: Charizard|Charizard-Mega-Y, L50, M, shiny\n|-mega|p2a: Charizard|Charizard|Charizardite Y\n|-weather|SunnyDay|[from] ability: Drought|[of] p2a: Charizard\n|move|p1a: Palafin|Wave Crash|p2a: Charizard\n|-supereffective|p2a: Charizard|1\n|-damage|p2a: Charizard|31/100\n|-damage|p1a: Palafin|80/100|[from] Recoil\n|move|p2a: Charizard|Flamethrower|p1a: Palafin\n|-resisted|p1a: Palafin|1\n|-damage|p1a: Palafin|17/100\n|\n|-weather|SunnyDay|[upkeep]\n|upkeep\n|turn|2\n|\n|t:|1776405054\n|switch|p2a: Scizor|Scizor, L50, M|100/100\n|move|p1a: Palafin|Jet Punch|p2a: Scizor\n|-damage|p2a: Scizor|86/100\n|\n|-weather|SunnyDay|[upkeep]\n|upkeep\n|turn|3\n|\n|t:|1776405065\n|detailschange|p1a: Palafin|Palafin-Hero, L50, M\n|switch|p1a: Chesnaught|Chesnaught, L50, M|100/100\n|move|p2a: Scizor|U-turn|p1a: Chesnaught\n|-damage|p1a: Chesnaught|68/100\n|\n|t:|1776405070\n|switch|p2a: Charizard|Charizard-Mega-Y, L50, M, shiny|31/100|[from] U-turn\n|\n|-weather|SunnyDay|[upkeep]\n|upkeep\n|turn|4\n|\n|t:|1776405082\n|move|p2a: Charizard|Flamethrower|p1a: Chesnaught\n|-supereffective|p1a: Chesnaught|1\n|-damage|p1a: Chesnaught|0 fnt\n|faint|p1a: Chesnaught\n|\n|-weather|SunnyDay|[upkeep]\n|upkeep\n|\n|t:|1776405086\n|switch|p1a: Palafin|Palafin-Hero, L50, M|17/100\n|-activate|p1a: Palafin|ability: Zero to Hero\n|turn|5\n|\n|t:|1776405099\n|switch|p2a: Scizor|Scizor, L50, M|86/100\n|move|p1a: Palafin|Jet Punch|p2a: Scizor\n|-damage|p2a: Scizor|61/100\n|\n|-weather|none\n|upkeep\n|turn|6\n|\n|t:|1776405119\n|move|p1a: Palafin|Jet Punch|p2a: Scizor\n|-damage|p2a: Scizor|9/100\n|-enditem|p2a: Scizor|Sitrus Berry|[eat]\n|-heal|p2a: Scizor|34/100|[from] item: Sitrus Berry\n|move|p2a: Scizor|Bullet Punch|p1a: Palafin\n|-resisted|p1a: Palafin|1\n|-damage|p1a: Palafin|0 fnt\n|faint|p1a: Palafin\n|\n|upkeep\n|\n|t:|1776405125\n|switch|p1a: Farigiraf|Farigiraf, L50, F|100/100\n|turn|7\n|\n|t:|1776405131\n|move|p2a: Scizor|Close Combat|p1a: Farigiraf\n|-damage|p1a: Farigiraf|54/100\n|-unboost|p2a: Scizor|def|1\n|-unboost|p2a: Scizor|spd|1\n|move|p1a: Farigiraf|Foul Play|p2a: Scizor\n|-damage|p2a: Scizor|0 fnt\n|faint|p2a: Scizor\n|\n|upkeep\n|\n|t:|1776405143\n|switch|p2a: Charizard|Charizard-Mega-Y, L50, M, shiny|31/100\n|-weather|SunnyDay|[from] ability: Drought|[of] p2a: Charizard\n|turn|8\n|\n|t:|1776405155\n|move|p2a: Charizard|Flamethrower|p1a: Farigiraf\n|-damage|p1a: Farigiraf|0 fnt\n|faint|p1a: Farigiraf\n|\n|win|bryannoah2309\n|raw|Zilitburn's rating: 1216 &rarr; <strong>1196</strong><br />(-20 for losing)\n|raw|bryannoah2309's rating: 1287 &rarr; <strong>1307</strong><br />(+20 for winning)\n|l|\u2606Zilitburn\n|player|p1|\n",
  "uploadtime": 1776405165,
  "views": 8,
  "formatid": "gen9championsbssregma",
  "rating": 1196,
  "private": 0,
  "password": null
}