{
  "id": "gen9championsbssregma-2583945174",
  "format": "[Gen 9 Champions] BSS Reg M-A",
  "players": [
    "egjp",
    "ichi1111"
  ],
  "log": "|j|\u2606egjp\n|j|\u2606ichi1111\n|t:|1776210600\n|gametype|singles\n|player|p1|egjp|266|1368\n|player|p2|ichi1111|elesa|1322\n|gen|9\n|tier|[Gen 9 Champions] BSS Reg M-A\n|rated|\n|rule|Species Clause: Limit one of each Pok\u00e9mon\n|rule|Item Clause: Limit 1 of each item\n|clearpoke\n|poke|p1|Garchomp, L50, F|\n|poke|p1|Gengar, L50, F|\n|poke|p1|Hydreigon, L50, F|\n|poke|p1|Toxapex, L50, F|\n|poke|p1|Corviknight, L50, M|\n|poke|p1|Diggersby, L50, F|\n|poke|p2|Corviknight, L50, F|\n|poke|p2|Toxapex, L50, F|\n|poke|p2|Delphox, L50, F|\n|poke|p2|Diggersby, L50, M|\n|poke|p2|Mimikyu, L50, F|\n|poke|p2|Archaludon, L50, M|\n|teampreview|3\n|inactive|Battle timer is ON: inactive players will automatically lose when time's up. (requested by ichi1111)\n|j| p74\n|inactive|egjp has 60 seconds left.\n|inactive|egjp has 30 seconds left.\n|\n|t:|1776210667\n|teamsize|p1|3\n|teamsize|p2|3\n|start\n|switch|p1a: Gengar|Gengar, L50, F|100/100\n|switch|p2a: Delphox|Delphox, L50, F|100/100\n|turn|1\n|\n|t:|1776210672\n|detailschange|p2a: Delphox|Delphox-Mega, L50, F\n|-mega|p2a: Delphox|Delphox|Delphoxite\n|detailschange|p1a: Gengar|Gengar-Mega, L50, F\n|-mega|p1a: Gengar|Gengar|Gengarite\n|move|p1a: Gengar|Protect|p1a: Gengar\n|-singleturn|p1a: Gengar|Protect\n|move|p2a: Delphox|Psychic|p1a: Gengar\n|-activate|p1a: Gengar|move: Protect\n|\n|upkeep\n|turn|2\n|\n|t:|1776210681\n|switch|p1a: Hydreigon|Hydreigon, L50, F|100/100\n|move|p2a: Delphox|Substitute|p2a: Delphox\n|-start|p2a: Delphox|Substitute\n|-damage|p2a: Delphox|76/100\n|\n|upkeep\n|turn|3\n|\n|t:|1776210687\n|move|p1a: Hydreigon|Dark Pulse|p2a: Delphox\n|-supereffective|p2a: Delphox|1\n|-end|p2a: Delphox|Substitute\n|move|p2a: Delphox|Flamethrower|p1a: Hydreigon\n|-resisted|p1a: Hydreigon|1\n|-damage|p1a: Hydreigon|68/100\n|\n|upkeep\n|turn|4\n|\n|t:|1776210710\n|switch|p2a: Archaludon|Archaludon, L50, M|100/100\n|move|p1a: Hydreigon|Dark Pulse|p2a: Archaludon\n|-damage|p2a: Archaludon|39/100\n|-ability|p2a: Archaludon|Stamina|boost\n|-boost|p2a: Archaludon|def|1\n|\n|upkeep\n|turn|5\n|\n|t:|1776210719\n|move|p1a: Hydreigon|Dark Pulse|p2a: Archaludon\n|-damage|p2a: Archaludon|0 fnt\n|faint|p2a: Archaludon\n|\n|upkeep\n|\n|t:|1776210721\n|switch|p2a: Mimikyu|Mimikyu, L50, F|100/100\n|turn|6\n|\n|t:|1776210733\n|switch|p1a: Corviknight|Corviknight, L50, M|100/100\n|-ability|p1a: Corviknight|Pressure\n|move|p2a: Mimikyu|Swords Dance|p2a: Mimikyu\n|-boost|p2a: Mimikyu|atk|2\n|\n|upkeep\n|turn|7\n|\n|t:|1776210744\n|move|p2a: Mimikyu|Shadow Claw|p1a: Corviknight\n|-damage|p1a: Corviknight|63/100\n|move|p1a: Corviknight|U-turn|p2a: Mimikyu\n|-activate|p2a: Mimikyu|ability: Disguise\n|-damage|p2a: Mimikyu|100/100\n|detailschange|p2a: Mimikyu|Mimikyu-Busted, L50, F\n|-damage|p2a: Mimikyu|88/100|[from] pokemon: Mimikyu-Busted\n|\n|t:|1776210752\n|switch|p1a: Gengar|Gengar-Mega, L50, F|100/100|[from] U-turn\n|\n|upkeep\n|turn|8\n|\n|t:|1776210758\n|move|p2a: Mimikyu|Shadow Sneak|p1a: Gengar\n|-supereffective|p1a: Gengar|1\n|-damage|p1a: Gengar|0 fnt\n|faint|p1a: Gengar\n|\n|upkeep\n|\n|t:|1776210770\n|switch|p1a: Corviknight|Corviknight, L50, M|63/100\n|-ability|p1a: Corviknight|Pressure\n|turn|9\n|\n|t:|1776210783\n|move|p2a: Mimikyu|Shadow Claw|p1a: Corviknight\n|-damage|p1a: Corviknight|28/100\n|move|p1a: Corviknight|Roost|p1a: Corviknight\n|-heal|p1a: Corviknight|78/100\n|-singleturn|p1a: Corviknight|move: Roost\n|\n|-heal|p1a: Corviknight|84/100|[from] item: Leftovers\n|upkeep\n|turn|10\n|\n|t:|1776210791\n|move|p2a: Mimikyu|Swords Dance|p2a: Mimikyu\n|-boost|p2a: Mimikyu|atk|2\n|move|p1a: Corviknight|Iron Defense|p1a: Corviknight\n|-boost|p1a: Corviknight|def|2\n|\n|-heal|p1a: Corviknight|90/100|[from] item: Leftovers\n|upkeep\n|turn|11\n|j| Togekiss2000\n|\n|t:|1776210813\n|move|p2a: Mimikyu|Swords Dance|p2a: Mimikyu\n|-boost|p2a: Mimikyu|atk|2\n|move|p1a: Corviknight|U-turn|p2a: Mimikyu\n|-resisted|p2a: Mimikyu|2\n|-damage|p2a: Mimikyu|83/100\n|\n|t:|1776210815\n|switch|p1a: Hydreigon|Hydreigon, L50, F|68/100|[from] U-turn\n|\n|upkeep\n|turn|12\n|\n|t:|1776210828\n|move|p2a: Mimikyu|Shadow Sneak|p1a: Hydreigon\n|-resisted|p1a: Hydreigon|1\n|-damage|p1a: Hydreigon|27/100\n|move|p1a: Hydreigon|U-turn|p2a: Mimikyu\n|-resisted|p2a: Mimikyu|2\n|-damage|p2a: Mimikyu|78/100\n|\n|t:|1776210836\n|switch|p1a: Corviknight|Corviknight, L50, M|90/100|[from] U-turn\n|-ability|p1a: Corviknight|Pressure\n|\n|-heal|p1a: Corviknight|96/100|[from] item: Leftovers\n|upkeep\n|turn|13\n|\n|t:|1776210839\n|move|p2a: Mimikyu|Shadow Claw|p1a: Corviknight\n|-damage|p1a: Corviknight|21/100\n|move|p1a: Corviknight|Iron Defense|p1a: Corviknight\n|-boost|p1a: Corviknight|def|2\n|\n|-heal|p1a: Corviknight|27/100|[from] item: Leftovers\n|upkeep\n|turn|14\n|\n|t:|1776210844\n|move|p2a: Mimikyu|Shadow Claw|p1a: Corviknight\n|-damage|p1a: Corviknight|0 fnt\n|faint|p1a: Corviknight\n|\n|upkeep\n|-message|egjp forfeited.\n|\n|win|ichi1111\n|raw|egjp's rating: 1368 &rarr; <strong>1345</strong><br />(-23 for losing)\n|raw|ichi1111's rating: 1322 &rarr; <strong>1345</strong><br />(+23 for winning)\n|l|\u2606egjp\n|player|p1|\n|l|\u2606ichi1111\n|player|p2|\n|l| Togekiss2000\n",
  "uploadtime": 1776211062,
  "views": 16,
  "formatid": "gen9championsbssregma",
  "rating": 1345,
  "private": 0,
  "password": null
}