{
  "id": "gen9championsbssregma-2588030486",
  "format": "[Gen 9 Champions] BSS Reg M-A",
  "players": [
    "senlim",
    "adfsdfsdfsdaf"
  ],
  "log": "|j|\u2606senlim\n|j|\u2606adfsdfsdfsdaf\n|t:|1776595373\n|gametype|singles\n|player|p1|senlim|lucas|1032\n|player|p2|adfsdfsdfsdaf|2|1035\n|gen|9\n|tier|[Gen 9 Champions] BSS Reg M-A\n|rated|\n|rule|Species Clause: Limit one of each Pok\u00e9mon\n|rule|Item Clause: Limit 1 of each item\n|clearpoke\n|poke|p1|Victreebel, L50, M|\n|poke|p1|Primarina, L50, M|\n|poke|p1|Garchomp, L50, M|\n|poke|p1|Aegislash, L50, M|\n|poke|p1|Clefable, L50, F|\n|poke|p1|Glimmora, L50, F|\n|poke|p2|Feraligatr, L50, F|\n|poke|p2|Aegislash, L50, M|\n|poke|p2|Garchomp, L50, F|\n|poke|p2|Rotom-Heat, L50|\n|poke|p2|Venusaur, L50, F|\n|poke|p2|Clefable, L50, F|\n|teampreview|3\n|\n|t:|1776595404\n|teamsize|p1|3\n|teamsize|p2|3\n|start\n|switch|p1a: Garchomp|Garchomp, L50, M|100/100\n|switch|p2a: Garchomp|Garchomp, L50, F|100/100\n|turn|1\n|\n|t:|1776595411\n|move|p2a: Garchomp|Scale Shot|p1a: Garchomp\n|-supereffective|p1a: Garchomp|1\n|-damage|p1a: Garchomp|83/100\n|-supereffective|p1a: Garchomp|1\n|-damage|p1a: Garchomp|65/100\n|-supereffective|p1a: Garchomp|1\n|-damage|p1a: Garchomp|50/100\n|-enditem|p1a: Garchomp|Sitrus Berry|[eat]\n|-heal|p1a: Garchomp|75/100|[from] item: Sitrus Berry\n|-hitcount|p1a: Garchomp|3\n|-unboost|p2a: Garchomp|def|1\n|-boost|p2a: Garchomp|spe|1\n|move|p1a: Garchomp|Stealth Rock|p2a: Garchomp\n|-sidestart|p2: adfsdfsdfsdaf|move: Stealth Rock\n|\n|upkeep\n|turn|2\n|\n|t:|1776595442\n|move|p2a: Garchomp|Scale Shot|p1a: Garchomp\n|-supereffective|p1a: Garchomp|1\n|-damage|p1a: Garchomp|55/100\n|-supereffective|p1a: Garchomp|1\n|-damage|p1a: Garchomp|37/100\n|-hitcount|p1a: Garchomp|2\n|-unboost|p2a: Garchomp|def|1\n|-boost|p2a: Garchomp|spe|1\n|move|p1a: Garchomp|Earthquake|p2a: Garchomp\n|-damage|p2a: Garchomp|18/100\n|\n|upkeep\n|turn|3\n|\n|t:|1776595455\n|move|p2a: Garchomp|Earthquake|p1a: Garchomp\n|-damage|p1a: Garchomp|3/100\n|move|p1a: Garchomp|Earthquake|p2a: Garchomp\n|-damage|p2a: Garchomp|0 fnt\n|faint|p2a: Garchomp\n|\n|upkeep\n|c|\u2606senlim|unlucky lol\n|\n|t:|1776595462\n|switch|p2a: Venusaur|Venusaur, L50, F|100/100\n|-damage|p2a: Venusaur|88/100|[from] Stealth Rock\n|turn|4\n|\n|t:|1776595468\n|detailschange|p2a: Venusaur|Venusaur-Mega, L50, F\n|-mega|p2a: Venusaur|Venusaur|Venusaurite\n|move|p1a: Garchomp|Earthquake|p2a: Venusaur\n|-damage|p2a: Venusaur|56/100\n|move|p2a: Venusaur|Giga Drain|p1a: Garchomp\n|-damage|p1a: Garchomp|0 fnt\n|-heal|p2a: Venusaur|57/100|[from] drain|[of] p1a: Garchomp\n|faint|p1a: Garchomp\n|\n|upkeep\n|\n|t:|1776595481\n|switch|p1a: rubs my big belly|Victreebel, L50, M|100/100\n|turn|5\n|\n|t:|1776595492\n|detailschange|p1a: rubs my big belly|Victreebel-Mega, L50, M\n|-mega|p1a: rubs my big belly|Victreebel|Victreebelite\n|move|p2a: Venusaur|Synthesis|p2a: Venusaur\n|-heal|p2a: Venusaur|100/100\n|move|p1a: rubs my big belly|Swords Dance|p1a: rubs my big belly\n|-boost|p1a: rubs my big belly|atk|2\n|\n|upkeep\n|turn|6\n|\n|t:|1776595505\n|move|p2a: Venusaur|Sludge Wave|p1a: rubs my big belly\n|-damage|p1a: rubs my big belly|62/100\n|move|p1a: rubs my big belly|Swords Dance|p1a: rubs my big belly\n|-boost|p1a: rubs my big belly|atk|2\n|\n|upkeep\n|turn|7\n|\n|t:|1776595510\n|move|p2a: Venusaur|Sludge Wave|p1a: rubs my big belly\n|-damage|p1a: rubs my big belly|21/100\n|move|p1a: rubs my big belly|Strength Sap|p2a: Venusaur\n|-unboost|p2a: Venusaur|atk|1\n|-heal|p1a: rubs my big belly|79/100\n|\n|upkeep\n|turn|8\n|\n|t:|1776595519\n|move|p1a: rubs my big belly|Sucker Punch|p2a: Venusaur\n|-damage|p2a: Venusaur|40/100\n|move|p2a: Venusaur|Sludge Wave|p1a: rubs my big belly\n|-damage|p1a: rubs my big belly|37/100\n|\n|upkeep\n|turn|9\n|\n|t:|1776595525\n|move|p1a: rubs my big belly|Sucker Punch||[still]\n|-fail|p1a: rubs my big belly\n|move|p2a: Venusaur|Synthesis|p2a: Venusaur\n|-heal|p2a: Venusaur|89/100\n|\n|upkeep\n|turn|10\n|\n|t:|1776595529\n|move|p2a: Venusaur|Sludge Wave|p1a: rubs my big belly\n|-damage|p1a: rubs my big belly|0 fnt\n|-damage|p2a: Venusaur|52/100|[from] ability: Innards Out|[of] p1a: rubs my big belly\n|faint|p1a: rubs my big belly\n|\n|upkeep\n|\n|t:|1776595531\n|switch|p1a: Aegislash|Aegislash, L50, M|100/100\n|turn|11\n|c|\u2606senlim|im so bad\n|inactive|Battle timer is ON: inactive players will automatically lose when time's up. (requested by adfsdfsdfsdaf)\n|\n|t:|1776595538\n|-formechange|p1a: Aegislash|Aegislash-Blade|\n|move|p1a: Aegislash|Poltergeist|p2a: Venusaur\n|-activate|p2a: Venusaur|move: Poltergeist|Venusaurite\n|-damage|p2a: Venusaur|0 fnt\n|faint|p2a: Venusaur\n|\n|upkeep\n|\n|t:|1776595541\n|switch|p2a: Clefable|Clefable, L50, F|100/100\n|-damage|p2a: Clefable|88/100|[from] Stealth Rock\n|turn|12\n|\n|t:|1776595546\n|move|p1a: Aegislash|Swords Dance|p1a: Aegislash\n|-boost|p1a: Aegislash|atk|2\n|move|p2a: Clefable|Thunder Wave|p1a: Aegislash\n|-status|p1a: Aegislash|par\n|\n|upkeep\n|turn|13\n|\n|t:|1776595551\n|move|p2a: Clefable|Fire Blast|p1a: Aegislash|[miss]\n|-miss|p2a: Clefable|p1a: Aegislash\n|move|p1a: Aegislash|Poltergeist|p2a: Clefable\n|-activate|p2a: Clefable|move: Poltergeist|Sitrus Berry\n|-damage|p2a: Clefable|34/100\n|-enditem|p2a: Clefable|Sitrus Berry|[eat]\n|-heal|p2a: Clefable|59/100|[from] item: Sitrus Berry\n|\n|upkeep\n|turn|14\n|\n|t:|1776595559\n|move|p1a: Aegislash|Shadow Sneak|p2a: Clefable\n|-damage|p2a: Clefable|38/100\n|move|p2a: Clefable|Fire Blast|p1a: Aegislash\n|-supereffective|p1a: Aegislash|1\n|-enditem|p1a: Aegislash|Focus Sash\n|-damage|p1a: Aegislash|1/100 par\n|\n|upkeep\n|turn|15\n|\n|t:|1776595565\n|move|p1a: Aegislash|Shadow Sneak|p2a: Clefable\n|-damage|p2a: Clefable|18/100\n|move|p2a: Clefable|Moonblast|p1a: Aegislash\n|-resisted|p1a: Aegislash|1\n|-damage|p1a: Aegislash|0 fnt\n|faint|p1a: Aegislash\n|\n|win|adfsdfsdfsdaf\n|raw|senlim's rating: 1032 &rarr; <strong>1017</strong><br />(-15 for losing)\n|raw|adfsdfsdfsdaf's rating: 1035 &rarr; <strong>1069</strong><br />(+34 for winning)\n",
  "uploadtime": 1776595567,
  "views": 1,
  "formatid": "gen9championsbssregma",
  "rating": 1017,
  "private": 0,
  "password": null
}