{
  "id": "gen9championsbssregma-2585511895",
  "format": "[Gen 9 Champions] BSS Reg M-A",
  "players": [
    "MarkInTime",
    "BBBKTY"
  ],
  "log": "|j|\u2606MarkInTime\n|j|\u2606BBBKTY\n|t:|1776352483\n|gametype|singles\n|player|p1|MarkInTime|ash-kalos|1173\n|player|p2|BBBKTY|265|1187\n|gen|9\n|tier|[Gen 9 Champions] BSS Reg M-A\n|rated|\n|rule|Species Clause: Limit one of each Pok\u00e9mon\n|rule|Item Clause: Limit 1 of each item\n|clearpoke\n|poke|p1|Greninja-*, L50, M|\n|poke|p1|Skarmory, L50, M|\n|poke|p1|Meowscarada, L50, F|\n|poke|p1|Ceruledge, L50, M|\n|poke|p1|Garchomp, L50, F|\n|poke|p1|Clefable, L50, F|\n|poke|p2|Dragapult, L50, F|\n|poke|p2|Alakazam, L50, F|\n|poke|p2|Azumarill, L50, M|\n|poke|p2|Clefable, L50, M|\n|poke|p2|Espathra, L50, F|\n|poke|p2|Glimmora, L50, M|\n|teampreview|3\n|inactive|Battle timer is ON: inactive players will automatically lose when time's up. (requested by BBBKTY)\n|\n|t:|1776352507\n|teamsize|p1|3\n|teamsize|p2|3\n|start\n|switch|p1a: Meowscarada|Meowscarada, L50, F|100/100\n|switch|p2a: Glimmora|Glimmora, L50, M|100/100\n|turn|1\n|j| Tantor8\n|l| Tantor8\n|\n|t:|1776352530\n|move|p1a: Meowscarada|U-turn|p2a: Glimmora\n|-start|p1a: Meowscarada|typechange|Bug|[from] ability: Protean\n|-resisted|p2a: Glimmora|1\n|-damage|p2a: Glimmora|85/100\n|-activate|p2a: Glimmora|ability: Toxic Debris\n|-sidestart|p1: MarkInTime|move: Toxic Spikes\n|\n|t:|1776352532\n|switch|p1a: Skarmory|Skarmory, L50, M|100/100|[from] U-turn\n|move|p2a: Glimmora|Stealth Rock|p1a: Skarmory\n|-sidestart|p1: MarkInTime|move: Stealth Rock\n|\n|upkeep\n|turn|2\n|\n|t:|1776352544\n|move|p1a: Skarmory|Swords Dance|p1a: Skarmory\n|-boost|p1a: Skarmory|atk|2\n|move|p2a: Glimmora|Power Gem|p1a: Skarmory\n|-damage|p1a: Skarmory|43/100\n|\n|upkeep\n|turn|3\n|\n|t:|1776352555\n|detailschange|p1a: Skarmory|Skarmory-Mega, L50, M\n|-mega|p1a: Skarmory|Skarmory|Skarmorite\n|move|p1a: Skarmory|Roost|p1a: Skarmory\n|-heal|p1a: Skarmory|93/100\n|-singleturn|p1a: Skarmory|move: Roost\n|move|p2a: Glimmora|Power Gem|p1a: Skarmory\n|-resisted|p1a: Skarmory|1\n|-damage|p1a: Skarmory|71/100\n|\n|upkeep\n|turn|4\n|inactive|BBBKTY has 30 seconds left.\n|\n|t:|1776352581\n|move|p1a: Skarmory|Drill Run|p2a: Glimmora\n|-supereffective|p2a: Glimmora|2\n|-damage|p2a: Glimmora|0 fnt\n|-activate|p2a: Glimmora|ability: Toxic Debris\n|-sidestart|p1: MarkInTime|move: Toxic Spikes\n|faint|p2a: Glimmora\n|\n|upkeep\n|\n|t:|1776352584\n|switch|p2a: Espathra|Espathra, L50, F, shiny|100/100\n|turn|5\n|\n|t:|1776352591\n|move|p2a: Espathra|Protect|p2a: Espathra\n|-singleturn|p2a: Espathra|Protect\n|move|p1a: Skarmory|Brave Bird|p2a: Espathra\n|-activate|p2a: Espathra|move: Protect\n|\n|-ability|p2a: Espathra|Speed Boost|boost\n|-boost|p2a: Espathra|spe|1\n|upkeep\n|turn|6\n|\n|t:|1776352598\n|move|p2a: Espathra|Calm Mind|p2a: Espathra\n|-boost|p2a: Espathra|spa|1\n|-boost|p2a: Espathra|spd|1\n|move|p1a: Skarmory|Brave Bird|p2a: Espathra\n|-damage|p2a: Espathra|0 fnt\n|faint|p2a: Espathra\n|-damage|p1a: Skarmory|29/100|[from] Recoil\n|\n|upkeep\n|\n|t:|1776352604\n|switch|p2a: Clefable|Clefable, L50, M, shiny|100/100\n|turn|7\n|\n|t:|1776352609\n|detailschange|p2a: Clefable|Clefable-Mega, L50, M, shiny\n|-mega|p2a: Clefable|Clefable|Clefablite\n|move|p1a: Skarmory|Roost|p1a: Skarmory\n|-heal|p1a: Skarmory|79/100\n|-singleturn|p1a: Skarmory|move: Roost\n|move|p2a: Clefable|Cosmic Power|p2a: Clefable\n|-boost|p2a: Clefable|def|1\n|-boost|p2a: Clefable|spd|1\n|\n|upkeep\n|turn|8\n|\n|t:|1776352617\n|move|p1a: Skarmory|Brave Bird|p2a: Clefable\n|-damage|p2a: Clefable|19/100\n|-damage|p1a: Skarmory|46/100|[from] Recoil\n|move|p2a: Clefable|Cosmic Power|p2a: Clefable\n|-boost|p2a: Clefable|def|1\n|-boost|p2a: Clefable|spd|1\n|\n|upkeep\n|turn|9\n|\n|t:|1776352629\n|move|p1a: Skarmory|Brave Bird|p2a: Clefable\n|-damage|p2a: Clefable|0 fnt\n|faint|p2a: Clefable\n|-damage|p1a: Skarmory|39/100|[from] Recoil\n|\n|win|MarkInTime\n|raw|MarkInTime's rating: 1173 &rarr; <strong>1199</strong><br />(+26 for winning)\n|raw|BBBKTY's rating: 1187 &rarr; <strong>1161</strong><br />(-26 for losing)\n|l|\u2606MarkInTime\n|player|p1|\n",
  "uploadtime": 1776352634,
  "views": 4,
  "formatid": "gen9championsbssregma",
  "rating": 1161,
  "private": 0,
  "password": null
}