{
  "id": "gen9championsbssregma-2584319961",
  "format": "[Gen 9 Champions] BSS Reg M-A",
  "players": [
    "jiiiiima",
    "karbain"
  ],
  "log": "|j|\u203djiiiiima\n|j|\u2606karbain\n|t:|1776250858\n|gametype|singles\n|player|p1|jiiiiima|102|1384\n|player|p2|karbain|2|1487\n|gen|9\n|tier|[Gen 9 Champions] BSS Reg M-A\n|rated|\n|rule|Species Clause: Limit one of each Pok\u00e9mon\n|rule|Item Clause: Limit 1 of each item\n|clearpoke\n|poke|p1|Sylveon, L50, M|\n|poke|p1|Garchomp, L50, F|\n|poke|p1|Kingambit, L50, M|\n|poke|p1|Mimikyu, L50, F|\n|poke|p1|Dragonite, L50, F|\n|poke|p1|Venusaur, L50, M|\n|poke|p2|Charizard, L50, M|\n|poke|p2|Greninja-*, L50, F|\n|poke|p2|Gengar, L50, F|\n|poke|p2|Mimikyu, L50, M|\n|poke|p2|Meowscarada, L50, F|\n|poke|p2|Empoleon, L50, F|\n|teampreview|3\n|\n|t:|1776250886\n|teamsize|p1|3\n|teamsize|p2|3\n|start\n|switch|p1a: Sylveon|Sylveon, L50, M|100/100\n|switch|p2a: Greninja|Greninja, L50, F|100/100\n|turn|1\n|inactive|Battle timer is ON: inactive players will automatically lose when time's up. (requested by karbain)\n|\n|t:|1776250919\n|move|p2a: Greninja|Surf|p1a: Sylveon\n|-damage|p1a: Sylveon|72/100\n|move|p1a: Sylveon|Hyper Voice|p2a: Greninja\n|-supereffective|p2a: Greninja|1\n|-enditem|p2a: Greninja|Focus Sash\n|-damage|p2a: Greninja|1/100\n|\n|upkeep\n|turn|2\n|\n|t:|1776250930\n|switch|p2a: Empoleon|Empoleon, L50, F|100/100\n|switch|p1a: Garchomp|Garchomp, L50, F|100/100\n|\n|upkeep\n|turn|3\n|j| p74\n|\n|t:|1776250938\n|move|p1a: Garchomp|Earthquake|p2a: Empoleon\n|-supereffective|p2a: Empoleon|1\n|-damage|p2a: Empoleon|16/100\n|-enditem|p2a: Empoleon|Sitrus Berry|[eat]\n|-heal|p2a: Empoleon|40/100|[from] item: Sitrus Berry\n|move|p2a: Empoleon|Yawn|p1a: Garchomp\n|-start|p1a: Garchomp|move: Yawn|[of] p2a: Empoleon\n|\n|upkeep\n|turn|4\n|\n|t:|1776250946\n|switch|p1a: Sylveon|Sylveon, L50, M|72/100\n|move|p2a: Empoleon|Yawn|p1a: Sylveon\n|-start|p1a: Sylveon|move: Yawn|[of] p2a: Empoleon\n|\n|upkeep\n|turn|5\n|\n|t:|1776250959\n|move|p1a: Sylveon|Misty Terrain|p1a: Sylveon\n|-fieldstart|move: Misty Terrain\n|move|p2a: Empoleon|Stealth Rock|p1a: Sylveon\n|-sidestart|p1: jiiiiima|move: Stealth Rock\n|\n|-end|p1a: Sylveon|move: Yawn|[silent]\n|-activate|p1a: Sylveon|move: Misty Terrain\n|upkeep\n|turn|6\n|\n|t:|1776250965\n|move|p1a: Sylveon|Calm Mind|p1a: Sylveon\n|-boost|p1a: Sylveon|spa|1\n|-boost|p1a: Sylveon|spd|1\n|move|p2a: Empoleon|Flip Turn|p1a: Sylveon\n|-damage|p1a: Sylveon|54/100\n|\n|t:|1776250970\n|switch|p2a: Charizard|Charizard, L50, M|100/100|[from] Flip Turn\n|\n|upkeep\n|turn|7\n|\n|t:|1776250979\n|detailschange|p2a: Charizard|Charizard-Mega-X, L50, M\n|-mega|p2a: Charizard|Charizard|Charizardite X\n|move|p2a: Charizard|Flame Charge|p1a: Sylveon\n|-damage|p1a: Sylveon|10/100\n|-boost|p2a: Charizard|spe|1\n|-enditem|p1a: Sylveon|Sitrus Berry|[eat]\n|-heal|p1a: Sylveon|35/100|[from] item: Sitrus Berry\n|move|p1a: Sylveon|Psyshock|p2a: Charizard\n|-damage|p2a: Charizard|62/100\n|\n|upkeep\n|turn|8\n|\n|t:|1776250997\n|move|p2a: Charizard|Flame Charge|p1a: Sylveon\n|-damage|p1a: Sylveon|0 fnt\n|-boost|p2a: Charizard|spe|1\n|faint|p1a: Sylveon\n|\n|upkeep\n|\n|t:|1776251017\n|switch|p1a: Garchomp|Garchomp, L50, F|100/100\n|-damage|p1a: Garchomp|94/100|[from] Stealth Rock\n|turn|9\n|\n|t:|1776251032\n|move|p2a: Charizard|Outrage|p1a: Garchomp\n|-supereffective|p1a: Garchomp|1\n|-damage|p1a: Garchomp|2/100\n|-damage|p2a: Charizard|50/100|[from] ability: Rough Skin|[of] p1a: Garchomp\n|move|p1a: Garchomp|Earthquake|p2a: Charizard\n|-supereffective|p2a: Charizard|1\n|-damage|p2a: Charizard|0 fnt\n|faint|p2a: Charizard\n|\n|-fieldend|Misty Terrain\n|upkeep\n|\n|t:|1776251043\n|switch|p2a: Greninja|Greninja, L50, F|1/100\n|turn|10\n|\n|t:|1776251047\n|move|p2a: Greninja|Water Shuriken|p1a: Garchomp\n|-damage|p1a: Garchomp|0 fnt\n|faint|p1a: Garchomp\n|-hitcount|p1: Garchomp|1\n|\n|upkeep\n|\n|t:|1776251049\n|switch|p1a: Mimikyu|Mimikyu, L50, F|100/100\n|-damage|p1a: Mimikyu|88/100|[from] Stealth Rock\n|turn|11\n|\n|t:|1776251055\n|switch|p2a: Empoleon|Empoleon, L50, F|40/100\n|move|p1a: Mimikyu|Swords Dance|p1a: Mimikyu\n|-boost|p1a: Mimikyu|atk|2\n|\n|upkeep\n|turn|12\n|\n|t:|1776251061\n|move|p1a: Mimikyu|Shadow Claw|p2a: Empoleon\n|-damage|p2a: Empoleon|0 fnt\n|faint|p2a: Empoleon\n|\n|upkeep\n|\n|t:|1776251067\n|switch|p2a: Greninja|Greninja, L50, F|1/100\n|turn|13\n|\n|t:|1776251070\n|move|p2a: Greninja|Water Shuriken|p1a: Mimikyu\n|-activate|p1a: Mimikyu|ability: Disguise\n|-damage|p1a: Mimikyu|88/100\n|detailschange|p1a: Mimikyu|Mimikyu-Busted, L50, F\n|-damage|p1a: Mimikyu|76/100|[from] pokemon: Mimikyu-Busted\n|-damage|p1a: Mimikyu|65/100\n|-damage|p1a: Mimikyu|53/100\n|-damage|p1a: Mimikyu|43/100\n|-hitcount|p1a: Mimikyu|4\n|move|p1a: Mimikyu|Shadow Sneak|p2a: Greninja\n|-resisted|p2a: Greninja|1\n|-damage|p2a: Greninja|0 fnt\n|faint|p2a: Greninja\n|\n|win|jiiiiima\n|raw|jiiiiima's rating: 1384 &rarr; <strong>1410</strong><br />(+26 for winning)\n|raw|karbain's rating: 1487 &rarr; <strong>1461</strong><br />(-26 for losing)\n|l|\u2606karbain\n|player|p2|\n|l|\u203djiiiiima\n|player|p1|\n",
  "uploadtime": 1776251095,
  "views": 43,
  "formatid": "gen9championsbssregma",
  "rating": 1410,
  "private": 0,
  "password": null
}