{
  "id": "gen9championsbssregma-2581019895",
  "format": "[Gen 9 Champions] BSS Reg M-A",
  "players": [
    "hoshigumo1101",
    "IAMVASH"
  ],
  "log": "|j|\u2606hoshigumo1101\n|j|\u2606IAMVASH\n|t:|1775952336\n|gametype|singles\n|player|p1|hoshigumo1101|acetrainerf|1219\n|player|p2|IAMVASH|1|1171\n|gen|9\n|tier|[Gen 9 Champions] BSS Reg M-A\n|rated|\n|rule|Species Clause: Limit one of each Pok\u00e9mon\n|rule|Item Clause: Limit 1 of each item\n|clearpoke\n|poke|p1|Corviknight, L50, F|\n|poke|p1|Primarina, L50, F|\n|poke|p1|Garchomp, L50, F|\n|poke|p1|Delphox, L50, F|\n|poke|p1|Gyarados, L50, M|\n|poke|p1|Meowscarada, L50, F|\n|poke|p2|Pelipper, L50, F|\n|poke|p2|Meganium, L50, M|\n|poke|p2|Aegislash, L50, F|\n|poke|p2|Basculegion, L50, M|\n|poke|p2|Rotom-Wash, L50|\n|poke|p2|Archaludon, L50, M|\n|teampreview|3\n|\n|t:|1775952355\n|teamsize|p1|3\n|teamsize|p2|3\n|start\n|switch|p1a: Meowscarada|Meowscarada, L50, F|100/100\n|switch|p2a: Pelipper|Pelipper, L50, F|100/100\n|-weather|RainDance|[from] ability: Drizzle|[of] p2a: Pelipper\n|turn|1\n|\n|t:|1775952364\n|move|p1a: Meowscarada|U-turn|p2a: Pelipper\n|-start|p1a: Meowscarada|typechange|Bug|[from] ability: Protean\n|-resisted|p2a: Pelipper|1\n|-damage|p2a: Pelipper|86/100\n|\n|t:|1775952366\n|switch|p1a: Gyarados|Gyarados, L50, M|100/100|[from] U-turn\n|-ability|p1a: Gyarados|Intimidate|boost\n|-unboost|p2a: Pelipper|atk|1\n|move|p2a: Pelipper|Hurricane|p1a: Gyarados\n|-damage|p1a: Gyarados|64/100\n|-start|p1a: Gyarados|confusion\n|\n|-weather|RainDance|[upkeep]\n|upkeep\n|turn|2\n|\n|t:|1775952377\n|-activate|p1a: Gyarados|confusion\n|move|p1a: Gyarados|Dragon Dance|p1a: Gyarados\n|-boost|p1a: Gyarados|atk|1\n|-boost|p1a: Gyarados|spe|1\n|move|p2a: Pelipper|U-turn|p1a: Gyarados\n|-resisted|p1a: Gyarados|1\n|-damage|p1a: Gyarados|60/100\n|\n|t:|1775952381\n|switch|p2a: Archaludon|Archaludon, L50, M|100/100|[from] U-turn\n|\n|-weather|RainDance|[upkeep]\n|upkeep\n|turn|3\n|\n|t:|1775952386\n|detailschange|p1a: Gyarados|Gyarados-Mega, L50, M\n|-mega|p1a: Gyarados|Gyarados|Gyaradosite\n|-ability|p1a: Gyarados|Mold Breaker\n|move|p2a: Archaludon|Electro Shot||[still]\n|-prepare|p2a: Archaludon|Electro Shot\n|-boost|p2a: Archaludon|spa|1\n|-anim|p2a: Archaludon|Electro Shot|p1a: Gyarados\n|-supereffective|p1a: Gyarados|1\n|-damage|p1a: Gyarados|0 fnt\n|faint|p1a: Gyarados\n|\n|-weather|RainDance|[upkeep]\n|upkeep\n|\n|t:|1775952393\n|switch|p1a: Garchomp|Garchomp, L50, F|100/100\n|turn|4\n|\n|t:|1775952403\n|switch|p2a: Pelipper|Pelipper, L50, F|86/100\n|move|p1a: Garchomp|Earthquake|p2a: Pelipper\n|-immune|p2a: Pelipper\n|\n|-weather|RainDance|[upkeep]\n|upkeep\n|turn|5\n|\n|t:|1775952409\n|move|p1a: Garchomp|Scale Shot|p2a: Pelipper\n|-damage|p2a: Pelipper|73/100\n|-damage|p2a: Pelipper|62/100\n|-hitcount|p2a: Pelipper|2\n|-unboost|p1a: Garchomp|def|1\n|-boost|p1a: Garchomp|spe|1\n|move|p2a: Pelipper|Tailwind|p2a: Pelipper\n|-sidestart|p2: IAMVASH|move: Tailwind\n|\n|-weather|none\n|upkeep\n|turn|6\n|\n|t:|1775952421\n|move|p1a: Garchomp|Swords Dance|p1a: Garchomp\n|-boost|p1a: Garchomp|atk|2\n|move|p2a: Pelipper|U-turn|p1a: Garchomp\n|-damage|p1a: Garchomp|86/100\n|-damage|p2a: Pelipper|50/100|[from] ability: Rough Skin|[of] p1a: Garchomp\n|\n|t:|1775952426\n|switch|p2a: Archaludon|Archaludon, L50, M|100/100|[from] U-turn\n|\n|upkeep\n|turn|7\n|\n|t:|1775952430\n|move|p2a: Archaludon|Draco Meteor|p1a: Garchomp\n|-supereffective|p1a: Garchomp|1\n|-damage|p1a: Garchomp|0 fnt\n|-unboost|p2a: Archaludon|spa|2\n|faint|p1a: Garchomp\n|\n|upkeep\n|-message|hoshigumo1101 forfeited.\n|\n|win|IAMVASH\n|raw|hoshigumo1101's rating: 1219 &rarr; <strong>1191</strong><br />(-28 for losing)\n|raw|IAMVASH's rating: 1171 &rarr; <strong>1199</strong><br />(+28 for winning)\n|l|\u2606hoshigumo1101\n|player|p1|\n",
  "uploadtime": 1775952442,
  "views": 15,
  "formatid": "gen9championsbssregma",
  "rating": 1191,
  "private": 0,
  "password": null
}