{
  "id": "gen9championsbssregma-2582574726",
  "format": "[Gen 9 Champions] BSS Reg M-A",
  "players": [
    "sebas99sevilla",
    "justthegold"
  ],
  "log": "|j|\u2606sebas99sevilla\n|j|\u2606justthegold\n|t:|1776100304\n|gametype|singles\n|player|p1|sebas99sevilla|170|1053\n|player|p2|justthegold|bugcatcher-gen4dp|1000\n|gen|9\n|tier|[Gen 9 Champions] BSS Reg M-A\n|rated|\n|rule|Species Clause: Limit one of each Pok\u00e9mon\n|rule|Item Clause: Limit 1 of each item\n|clearpoke\n|poke|p1|Bellibolt, L50, M|\n|poke|p1|Hippowdon, L50, F|\n|poke|p1|Skeledirge, L50, M|\n|poke|p1|Ditto, L50|\n|poke|p1|Hydreigon, L50, F|\n|poke|p1|Gyarados, L50, M|\n|poke|p2|Dragonite, L50, F|\n|poke|p2|Kingambit, L50, M|\n|poke|p2|Floette-Eternal, L50, F|\n|poke|p2|Chandelure, L50, F|\n|poke|p2|Tyranitar, L50, M|\n|poke|p2|Sneasler, L50, M|\n|teampreview|3\n|inactive|Battle timer is ON: inactive players will automatically lose when time's up. (requested by justthegold)\n|inactive|sebas99sevilla has 60 seconds left.\n|\n|t:|1776100337\n|teamsize|p1|3\n|teamsize|p2|3\n|start\n|switch|p1a: Bellibolt|Bellibolt, L50, M|100/100\n|switch|p2a: Floette|Floette-Eternal, L50, F|100/100\n|turn|1\n|\n|t:|1776100342\n|detailschange|p2a: Floette|Floette-Mega, L50, F\n|-mega|p2a: Floette|Floette|Floettite\n|-ability|p2a: Floette|Fairy Aura\n|move|p2a: Floette|Calm Mind|p2a: Floette\n|-boost|p2a: Floette|spa|1\n|-boost|p2a: Floette|spd|1\n|move|p1a: Bellibolt|Toxic|p2a: Floette\n|-status|p2a: Floette|tox\n|\n|-damage|p2a: Floette|94/100 tox|[from] psn\n|upkeep\n|turn|2\n|\n|t:|1776100357\n|move|p2a: Floette|Calm Mind|p2a: Floette\n|-boost|p2a: Floette|spa|1\n|-boost|p2a: Floette|spd|1\n|move|p1a: Bellibolt|Parabolic Charge|p2a: Floette\n|-damage|p2a: Floette|81/100 tox\n|\n|-damage|p2a: Floette|69/100 tox|[from] psn\n|upkeep\n|turn|3\n|\n|t:|1776100364\n|move|p2a: Floette|Calm Mind|p2a: Floette\n|-boost|p2a: Floette|spa|1\n|-boost|p2a: Floette|spd|1\n|move|p1a: Bellibolt|Parabolic Charge|p2a: Floette\n|-damage|p2a: Floette|59/100 tox\n|\n|-damage|p2a: Floette|40/100 tox|[from] psn\n|upkeep\n|turn|4\n|\n|t:|1776100367\n|move|p2a: Floette|Draining Kiss|p1a: Bellibolt\n|-damage|p1a: Bellibolt|0 fnt\n|-heal|p2a: Floette|100/100 tox|[from] drain|[of] p1a: Bellibolt\n|faint|p1a: Bellibolt\n|\n|-damage|p2a: Floette|76/100 tox|[from] psn\n|upkeep\n|\n|t:|1776100370\n|switch|p1a: Ditto|Ditto, L50|100/100\n|-transform|p1a: Ditto|p2a: Floette|[from] ability: Imposter\n|-ability|p1a: Ditto|Fairy Aura\n|turn|5\n|\n|t:|1776100376\n|move|p1a: Ditto|Moonblast|p2a: Floette\n|-damage|p2a: Floette|21/100 tox\n|move|p2a: Floette|Moonblast|p1a: Ditto\n|-damage|p1a: Ditto|34/100\n|\n|-damage|p2a: Floette|0 fnt|[from] psn\n|faint|p2a: Floette\n|upkeep\n|\n|t:|1776100381\n|switch|p2a: Sneasler|Sneasler, L50, M|100/100\n|turn|6\n|\n|t:|1776100387\n|move|p2a: Sneasler|Swords Dance|p2a: Sneasler\n|-boost|p2a: Sneasler|atk|2\n|move|p1a: Ditto|Moonblast|p2a: Sneasler\n|-enditem|p2a: Sneasler|Focus Sash\n|-damage|p2a: Sneasler|1/100\n|\n|upkeep\n|turn|7\n|\n|t:|1776100396\n|switch|p1a: Hippowdon|Hippowdon, L50, F|100/100\n|-weather|Sandstorm|[from] ability: Sand Stream|[of] p1a: Hippowdon\n|move|p2a: Sneasler|Dire Claw|p1a: Hippowdon\n|-resisted|p1a: Hippowdon|1\n|-damage|p1a: Hippowdon|80/100\n|\n|-weather|Sandstorm|[upkeep]\n|-damage|p2a: Sneasler|0 fnt|[from] Sandstorm\n|faint|p2a: Sneasler\n|-heal|p1a: Hippowdon|86/100|[from] item: Leftovers\n|upkeep\n|\n|t:|1776100399\n|switch|p2a: Kingambit|Kingambit, L50, M|100/100\n|-activate|p2a: Kingambit|ability: Supreme Overlord\n|-start|p2a: Kingambit|fallen2|[silent]\n|turn|8\n|\n|t:|1776100405\n|move|p2a: Kingambit|Swords Dance|p2a: Kingambit\n|-boost|p2a: Kingambit|atk|2\n|move|p1a: Hippowdon|Earthquake|p2a: Kingambit\n|-supereffective|p2a: Kingambit|1\n|-damage|p2a: Kingambit|43/100\n|\n|-weather|Sandstorm|[upkeep]\n|-heal|p1a: Hippowdon|92/100|[from] item: Leftovers\n|upkeep\n|turn|9\n|\n|t:|1776100414\n|move|p2a: Kingambit|Kowtow Cleave|p1a: Hippowdon\n|-damage|p1a: Hippowdon|19/100\n|move|p1a: Hippowdon|Earthquake|p2a: Kingambit\n|-supereffective|p2a: Kingambit|1\n|-damage|p2a: Kingambit|0 fnt\n|faint|p2a: Kingambit\n|-end|p2a: Kingambit|fallen2|[silent]\n|\n|win|sebas99sevilla\n|raw|sebas99sevilla's rating: 1053 &rarr; <strong>1080</strong><br />(+27 for winning)\n|raw|justthegold's rating: 1000 &rarr; <strong>1000</strong><br />(+0 for losing)\n|l|\u2606justthegold\n|player|p2|\n",
  "uploadtime": 1776100418,
  "views": 3,
  "formatid": "gen9championsbssregma",
  "rating": 1000,
  "private": 0,
  "password": null
}