{
  "id": "gen9championsbssregma-2584172399",
  "format": "[Gen 9 Champions] BSS Reg M-A",
  "players": [
    "xxBlvckBvrnxx",
    "haya7taka"
  ],
  "log": "|j|\u2606xxBlvckBvrnxx\n|j|\u2606haya7taka\n|t:|1776234021\n|gametype|singles\n|player|p1|xxBlvckBvrnxx|101|1201\n|player|p2|haya7taka|170|1252\n|gen|9\n|tier|[Gen 9 Champions] BSS Reg M-A\n|rated|\n|rule|Species Clause: Limit one of each Pok\u00e9mon\n|rule|Item Clause: Limit 1 of each item\n|clearpoke\n|poke|p1|Volcarona, L50, M|\n|poke|p1|Meowscarada, L50, M|\n|poke|p1|Gengar, L50, M|\n|poke|p1|Azumarill, L50, F|\n|poke|p1|Lopunny, L50, F|\n|poke|p1|Garchomp, L50, F|\n|poke|p2|Gyarados, L50, M|\n|poke|p2|Lucario, L50, F|\n|poke|p2|Infernape, L50, M|\n|poke|p2|Mimikyu, L50, M|\n|poke|p2|Dragonite, L50, F|\n|poke|p2|Tinkaton, L50, F|\n|teampreview|3\n|inactive|Battle timer is ON: inactive players will automatically lose when time's up. (requested by haya7taka)\n|j| sadawedawed\n|l| sadawedawed\n|inactive|xxBlvckBvrnxx has 60 seconds left.\n|\n|t:|1776234062\n|teamsize|p1|3\n|teamsize|p2|3\n|start\n|switch|p1a: Kit|Meowscarada, L50, M|100/100\n|switch|p2a: Infernape|Infernape, L50, M|100/100\n|turn|1\n|j| p74\n|\n|t:|1776234076\n|move|p1a: Kit|U-turn|p2a: Infernape\n|-start|p1a: Kit|typechange|Bug|[from] ability: Protean\n|-resisted|p2a: Infernape|2\n|-damage|p2a: Infernape|92/100\n|\n|t:|1776234086\n|switch|p1a: Apollo|Volcarona, L50, M|100/100|[from] U-turn\n|move|p2a: Infernape|Rock Tomb|p1a: Apollo\n|-supereffective|p1a: Apollo|2\n|-damage|p1a: Apollo|10/100\n|-unboost|p1a: Apollo|spe|1\n|\n|upkeep\n|turn|2\n|\n|t:|1776234100\n|move|p2a: Infernape|Stealth Rock|p1a: Apollo\n|-sidestart|p1: xxBlvckBvrnxx|move: Stealth Rock\n|move|p1a: Apollo|Psychic|p2a: Infernape\n|-supereffective|p2a: Infernape|1\n|-damage|p2a: Infernape|0 fnt\n|faint|p2a: Infernape\n|\n|upkeep\n|\n|t:|1776234112\n|switch|p2a: Gyarados|Gyarados, L50, M|100/100\n|-ability|p2a: Gyarados|Intimidate|boost\n|-unboost|p1a: Apollo|atk|1\n|turn|3\n|\n|t:|1776234119\n|detailschange|p2a: Gyarados|Gyarados-Mega, L50, M\n|-mega|p2a: Gyarados|Gyarados|Gyaradosite\n|-ability|p2a: Gyarados|Mold Breaker\n|move|p1a: Apollo|Psychic|p2a: Gyarados\n|-immune|p2a: Gyarados\n|move|p2a: Gyarados|Dragon Dance|p2a: Gyarados\n|-boost|p2a: Gyarados|atk|1\n|-boost|p2a: Gyarados|spe|1\n|\n|upkeep\n|turn|4\n|\n|t:|1776234133\n|switch|p1a: Kit|Meowscarada, L50, M|100/100\n|-damage|p1a: Kit|89/100|[from] Stealth Rock\n|move|p2a: Gyarados|Earthquake|p1a: Kit\n|-resisted|p1a: Kit|1\n|-damage|p1a: Kit|40/100\n|\n|upkeep\n|turn|5\n|\n|t:|1776234142\n|move|p2a: Gyarados|Ice Fang|p1a: Kit\n|-supereffective|p1a: Kit|1\n|-damage|p1a: Kit|0 fnt\n|faint|p1a: Kit\n|\n|upkeep\n|\n|t:|1776234148\n|switch|p1a: Phantom Lord|Gengar, L50, M|100/100\n|-damage|p1a: Phantom Lord|89/100|[from] Stealth Rock\n|turn|6\n|\n|t:|1776234154\n|detailschange|p1a: Phantom Lord|Gengar-Mega, L50, M\n|-mega|p1a: Phantom Lord|Gengar|Gengarite\n|move|p2a: Gyarados|Earthquake|p1a: Phantom Lord\n|-supereffective|p1a: Phantom Lord|1\n|-damage|p1a: Phantom Lord|0 fnt\n|faint|p1a: Phantom Lord\n|\n|upkeep\n|\n|t:|1776234159\n|switch|p1a: Apollo|Volcarona, L50, M|10/100\n|-damage|p1a: Apollo|0 fnt|[from] Stealth Rock\n|faint|p1a: Apollo\n|\n|win|haya7taka\n|raw|xxBlvckBvrnxx's rating: 1201 &rarr; <strong>1180</strong><br />(-21 for losing)\n|raw|haya7taka's rating: 1252 &rarr; <strong>1273</strong><br />(+21 for winning)\n|l|\u2606xxBlvckBvrnxx\n|player|p1|\n|l|\u2606haya7taka\n|player|p2|\n",
  "uploadtime": 1776234236,
  "views": 3,
  "formatid": "gen9championsbssregma",
  "rating": 1180,
  "private": 0,
  "password": null
}