{
  "id": "gen9championsbssregma-2584273788",
  "format": "[Gen 9 Champions] BSS Reg M-A",
  "players": [
    "Duho",
    "hrztkb"
  ],
  "log": "|j|\u2606Duho\n|j|\u2606hrztkb\n|t:|1776245875\n|gametype|singles\n|player|p1|Duho|whitney|1356\n|player|p2|hrztkb|101|1379\n|gen|9\n|tier|[Gen 9 Champions] BSS Reg M-A\n|rated|\n|rule|Species Clause: Limit one of each Pok\u00e9mon\n|rule|Item Clause: Limit 1 of each item\n|clearpoke\n|poke|p1|Simisear, L50, M|\n|poke|p1|Vivillon-Fancy, L50, M|\n|poke|p1|Kangaskhan, L50, F|\n|poke|p1|Mimikyu, L50, M|\n|poke|p1|Conkeldurr, L50, M|\n|poke|p1|Starmie, L50|\n|poke|p2|Gyarados, L50, M|\n|poke|p2|Aegislash, L50, F|\n|poke|p2|Garchomp, L50, F|\n|poke|p2|Primarina, L50, F|\n|poke|p2|Venusaur, L50, M|\n|poke|p2|Archaludon, L50, F|\n|teampreview|3\n|j| p74\n|\n|t:|1776245891\n|teamsize|p1|3\n|teamsize|p2|3\n|start\n|switch|p1a: Simisear|Simisear, L50, M|100/100\n|switch|p2a: Archaludon|Archaludon, L50, F|100/100\n|turn|1\n|\n|t:|1776245899\n|move|p1a: Simisear|Taunt|p2a: Archaludon\n|-start|p2a: Archaludon|move: Taunt\n|cant|p2a: Archaludon|move: Taunt|Stealth Rock\n|\n|upkeep\n|turn|2\n|\n|t:|1776245908\n|move|p1a: Simisear|Low Sweep|p2a: Archaludon\n|-supereffective|p2a: Archaludon|1\n|-damage|p2a: Archaludon|76/100\n|-unboost|p2a: Archaludon|spe|1\n|-ability|p2a: Archaludon|Stamina|boost\n|-boost|p2a: Archaludon|def|1\n|move|p2a: Archaludon|Dragon Tail|p1a: Simisear\n|-damage|p1a: Simisear|64/100\n|drag|p1a: Vivillon|Vivillon-Fancy, L50, M|100/100\n|\n|upkeep\n|turn|3\n|\n|t:|1776245917\n|switch|p2a: Venusaur|Venusaur, L50, M|100/100\n|move|p1a: Vivillon|Sleep Powder|p2a: Venusaur\n|-immune|p2a: Venusaur\n|\n|upkeep\n|turn|4\n|\n|t:|1776245924\n|detailschange|p2a: Venusaur|Venusaur-Mega, L50, M\n|-mega|p2a: Venusaur|Venusaur|Venusaurite\n|move|p1a: Vivillon|Substitute|p1a: Vivillon\n|-start|p1a: Vivillon|Substitute\n|-damage|p1a: Vivillon|76/100\n|move|p2a: Venusaur|Leech Seed||[still]\n|-fail|p2a: Venusaur\n|\n|-heal|p1a: Vivillon|81/100|[from] item: Leftovers\n|upkeep\n|turn|5\n|\n|t:|1776245933\n|move|p1a: Vivillon|Quiver Dance|p1a: Vivillon\n|-boost|p1a: Vivillon|spa|1\n|-boost|p1a: Vivillon|spd|1\n|-boost|p1a: Vivillon|spe|1\n|move|p2a: Venusaur|Sludge Wave|p1a: Vivillon\n|-end|p1a: Vivillon|Substitute\n|\n|-heal|p1a: Vivillon|87/100|[from] item: Leftovers\n|upkeep\n|turn|6\n|\n|t:|1776245941\n|move|p1a: Vivillon|Substitute|p1a: Vivillon\n|-start|p1a: Vivillon|Substitute\n|-damage|p1a: Vivillon|62/100\n|move|p2a: Venusaur|Sludge Wave|p1a: Vivillon\n|-end|p1a: Vivillon|Substitute\n|\n|-heal|p1a: Vivillon|68/100|[from] item: Leftovers\n|upkeep\n|turn|7\n|\n|t:|1776245948\n|move|p1a: Vivillon|Hurricane|p2a: Venusaur\n|-supereffective|p2a: Venusaur|1\n|-damage|p2a: Venusaur|17/100\n|-start|p2a: Venusaur|confusion\n|-activate|p2a: Venusaur|confusion\n|move|p2a: Venusaur|Sludge Wave|p1a: Vivillon\n|-damage|p1a: Vivillon|7/100\n|\n|-heal|p1a: Vivillon|13/100|[from] item: Leftovers\n|upkeep\n|turn|8\n|\n|t:|1776245959\n|move|p1a: Vivillon|Hurricane|p2a: Venusaur\n|-supereffective|p2a: Venusaur|1\n|-damage|p2a: Venusaur|0 fnt\n|faint|p2a: Venusaur\n|\n|-heal|p1a: Vivillon|18/100|[from] item: Leftovers\n|upkeep\n|\n|t:|1776245965\n|switch|p2a: Archaludon|Archaludon, L50, F|76/100\n|turn|9\n|\n|t:|1776245971\n|move|p1a: Vivillon|Sleep Powder|p2a: Archaludon\n|-status|p2a: Archaludon|slp|[from] move: Sleep Powder\n|cant|p2a: Archaludon|slp\n|\n|-heal|p1a: Vivillon|24/100|[from] item: Leftovers\n|upkeep\n|turn|10\n|\n|t:|1776245982\n|move|p1a: Vivillon|Quiver Dance|p1a: Vivillon\n|-boost|p1a: Vivillon|spa|1\n|-boost|p1a: Vivillon|spd|1\n|-boost|p1a: Vivillon|spe|1\n|cant|p2a: Archaludon|slp\n|\n|-heal|p1a: Vivillon|30/100|[from] item: Leftovers\n|upkeep\n|turn|11\n|\n|t:|1776245988\n|move|p1a: Vivillon|Substitute|p1a: Vivillon\n|-start|p1a: Vivillon|Substitute\n|-damage|p1a: Vivillon|5/100\n|-curestatus|p2a: Archaludon|slp|[msg]\n|move|p2a: Archaludon|Flash Cannon|p1a: Vivillon\n|-end|p1a: Vivillon|Substitute\n|\n|-heal|p1a: Vivillon|11/100|[from] item: Leftovers\n|upkeep\n|turn|12\n|\n|t:|1776245996\n|move|p1a: Vivillon|Sleep Powder|p2a: Archaludon\n|-status|p2a: Archaludon|slp|[from] move: Sleep Powder\n|cant|p2a: Archaludon|slp\n|\n|-heal|p1a: Vivillon|16/100|[from] item: Leftovers\n|upkeep\n|turn|13\n|\n|t:|1776246002\n|move|p1a: Vivillon|Hurricane|p2a: Archaludon\n|-resisted|p2a: Archaludon|1\n|-damage|p2a: Archaludon|29/100 slp\n|-start|p2a: Archaludon|confusion\n|-ability|p2a: Archaludon|Stamina|boost\n|-boost|p2a: Archaludon|def|1\n|-enditem|p2a: Archaludon|Sitrus Berry|[eat]\n|-heal|p2a: Archaludon|54/100 slp|[from] item: Sitrus Berry\n|cant|p2a: Archaludon|slp\n|\n|-heal|p1a: Vivillon|22/100|[from] item: Leftovers\n|upkeep\n|turn|14\n|\n|t:|1776246012\n|move|p1a: Vivillon|Hurricane|p2a: Archaludon\n|-resisted|p2a: Archaludon|1\n|-damage|p2a: Archaludon|15/100 slp\n|-ability|p2a: Archaludon|Stamina|boost\n|-boost|p2a: Archaludon|def|1\n|-curestatus|p2a: Archaludon|slp|[msg]\n|-activate|p2a: Archaludon|confusion\n|-damage|p2a: Archaludon|12/100|[from] confusion\n|\n|-heal|p1a: Vivillon|28/100|[from] item: Leftovers\n|upkeep\n|turn|15\n|-message|hrztkb forfeited.\n|\n|win|Duho\n|raw|Duho's rating: 1356 &rarr; <strong>1377</strong><br />(+21 for winning)\n|raw|hrztkb's rating: 1379 &rarr; <strong>1358</strong><br />(-21 for losing)\n|l|\u2606hrztkb\n|player|p2|\n|l|\u2606Duho\n|player|p1|\n",
  "uploadtime": 1776246683,
  "views": 7,
  "formatid": "gen9championsbssregma",
  "rating": 1358,
  "private": 0,
  "password": null
}