{
  "id": "gen9championsbssregma-2585982149",
  "format": "[Gen 9 Champions] BSS Reg M-A",
  "players": [
    "Bbbkty",
    "androidbiggie"
  ],
  "log": "|j|\u2606Bbbkty\n|j|\u2606androidbiggie\n|t:|1776387327\n|gametype|singles\n|player|p1|Bbbkty|169|1179\n|player|p2|androidbiggie|101|1132\n|gen|9\n|tier|[Gen 9 Champions] BSS Reg M-A\n|rated|\n|rule|Species Clause: Limit one of each Pok\u00e9mon\n|rule|Item Clause: Limit 1 of each item\n|clearpoke\n|poke|p1|Clefable, L50, M|\n|poke|p1|Charizard, L50, F|\n|poke|p1|Mimikyu, L50, M|\n|poke|p1|Kingambit, L50, F|\n|poke|p1|Espathra, L50, F|\n|poke|p1|Glimmora, L50, M|\n|poke|p2|Ditto, L50|\n|poke|p2|Scovillain, L50, F|\n|poke|p2|Dragonite, L50, M|\n|poke|p2|Pelipper, L50, M|\n|poke|p2|Dragapult, L50, F|\n|poke|p2|Corviknight, L50, M|\n|teampreview|3\n|inactive|Battle timer is ON: inactive players will automatically lose when time's up. (requested by androidbiggie)\n|inactive|androidbiggie has 60 seconds left.\n|\n|t:|1776387370\n|teamsize|p1|3\n|teamsize|p2|3\n|start\n|switch|p1a: Glimmora|Glimmora, L50, M, shiny|100/100\n|switch|p2a: Scovillain|Scovillain, L50, F|100/100\n|turn|1\n|l|\u2606Bbbkty\n|inactive|Bbbkty disconnected and has a minute to reconnect!\n|player|p1|\n|inactive|Bbbkty has 30 seconds left.\n|j|\u2606Bbbkty\n|inactive|Bbbkty reconnected and has 30 seconds left.\n|player|p1|Bbbkty|169|\n|\n|t:|1776387400\n|move|p1a: Glimmora|Stealth Rock|p2a: Scovillain\n|-sidestart|p2: androidbiggie|move: Stealth Rock\n|move|p2a: Scovillain|Giga Drain|p1a: Glimmora\n|-damage|p1a: Glimmora|65/100\n|\n|-ability|p2a: Scovillain|Moody|boost\n|-boost|p2a: Scovillain|def|2\n|-unboost|p2a: Scovillain|spa|1\n|upkeep\n|turn|2\n|\n|t:|1776387414\n|move|p1a: Glimmora|Mortal Spin|p2a: Scovillain\n|-supereffective|p2a: Scovillain|1\n|-damage|p2a: Scovillain|92/100\n|-status|p2a: Scovillain|psn\n|move|p2a: Scovillain|Giga Drain|p1a: Glimmora\n|-damage|p1a: Glimmora|40/100\n|-heal|p2a: Scovillain|100/100 psn|[from] drain|[of] p1a: Glimmora\n|\n|-damage|p2a: Scovillain|88/100 psn|[from] psn\n|-ability|p2a: Scovillain|Moody|boost\n|-boost|p2a: Scovillain|spe|2\n|-unboost|p2a: Scovillain|spd|1\n|upkeep\n|turn|3\n|\n|t:|1776387427\n|move|p2a: Scovillain|Protect|p2a: Scovillain\n|-singleturn|p2a: Scovillain|Protect\n|move|p1a: Glimmora|Power Gem|p2a: Scovillain\n|-activate|p2a: Scovillain|move: Protect\n|\n|-damage|p2a: Scovillain|76/100 psn|[from] psn\n|-ability|p2a: Scovillain|Moody|boost\n|-boost|p2a: Scovillain|spa|2\n|-unboost|p2a: Scovillain|spd|1\n|upkeep\n|turn|4\n|\n|t:|1776387435\n|move|p2a: Scovillain|Giga Drain|p1a: Glimmora\n|-damage|p1a: Glimmora|0 fnt\n|-heal|p2a: Scovillain|95/100 psn|[from] drain|[of] p1a: Glimmora\n|faint|p1a: Glimmora\n|\n|-damage|p2a: Scovillain|82/100 psn|[from] psn\n|-ability|p2a: Scovillain|Moody|boost\n|-boost|p2a: Scovillain|atk|2\n|-unboost|p2a: Scovillain|def|1\n|upkeep\n|\n|t:|1776387439\n|switch|p1a: Espathra|Espathra, L50, F, shiny|100/100\n|turn|5\n|\n|t:|1776387460\n|detailschange|p2a: Scovillain|Scovillain-Mega, L50, F\n|-mega|p2a: Scovillain|Scovillain|Scovillainite\n|move|p1a: Espathra|Protect|p1a: Espathra\n|-singleturn|p1a: Espathra|Protect\n|move|p2a: Scovillain|Giga Drain|p1a: Espathra\n|-activate|p1a: Espathra|move: Protect\n|\n|-damage|p2a: Scovillain|70/100 psn|[from] psn\n|-ability|p1a: Espathra|Speed Boost|boost\n|-boost|p1a: Espathra|spe|1\n|upkeep\n|turn|6\n|\n|t:|1776387483\n|move|p2a: Scovillain|Giga Drain|p1a: Espathra\n|-damage|p1a: Espathra|36/100\n|-heal|p2a: Scovillain|100/100 psn|[from] drain|[of] p1a: Espathra\n|-enditem|p1a: Espathra|Sitrus Berry|[eat]\n|-heal|p1a: Espathra|61/100|[from] item: Sitrus Berry\n|move|p1a: Espathra|Baton Pass|p1a: Espathra\n|\n|t:|1776387487\n|switch|p1a: Clefable|Clefable, L50, M, shiny|100/100|[from] Baton Pass\n|\n|-damage|p2a: Scovillain|88/100 psn|[from] psn\n|upkeep\n|turn|7\n|\n|t:|1776387494\n|detailschange|p1a: Clefable|Clefable-Mega, L50, M, shiny\n|-mega|p1a: Clefable|Clefable|Clefablite\n|move|p2a: Scovillain|Giga Drain|p1a: Clefable\n|-resisted|p1a: Clefable|1\n|-damage|p1a: Clefable|76/100\n|-heal|p2a: Scovillain|100/100 psn|[from] drain|[of] p1a: Clefable\n|move|p1a: Clefable|Cosmic Power|p1a: Clefable\n|-boost|p1a: Clefable|def|1\n|-boost|p1a: Clefable|spd|1\n|\n|-damage|p2a: Scovillain|88/100 psn|[from] psn\n|upkeep\n|turn|8\n|\n|t:|1776387502\n|move|p2a: Scovillain|Fire Blast|p1a: Clefable\n|-damage|p1a: Clefable|32/100\n|move|p1a: Clefable|Cosmic Power|p1a: Clefable\n|-boost|p1a: Clefable|def|1\n|-boost|p1a: Clefable|spd|1\n|\n|-damage|p2a: Scovillain|76/100 psn|[from] psn\n|upkeep\n|turn|9\n|\n|t:|1776387507\n|move|p2a: Scovillain|Fire Blast|p1a: Clefable\n|-damage|p1a: Clefable|0 fnt\n|faint|p1a: Clefable\n|\n|-damage|p2a: Scovillain|64/100 psn|[from] psn\n|upkeep\n|\n|t:|1776387510\n|switch|p1a: Espathra|Espathra, L50, F, shiny|61/100\n|turn|10\n|\n|t:|1776387516\n|move|p2a: Scovillain|Giga Drain|p1a: Espathra\n|-damage|p1a: Espathra|0 fnt\n|-heal|p2a: Scovillain|95/100 psn|[from] drain|[of] p1a: Espathra\n|faint|p1a: Espathra\n|\n|win|androidbiggie\n|raw|Bbbkty's rating: 1179 &rarr; <strong>1151</strong><br />(-28 for losing)\n|raw|androidbiggie's rating: 1132 &rarr; <strong>1160</strong><br />(+28 for winning)\n",
  "uploadtime": 1776387518,
  "views": 7,
  "formatid": "gen9championsbssregma",
  "rating": 1151,
  "private": 0,
  "password": null
}