{
  "id": "gen9championsbssregma-2587930511",
  "format": "[Gen 9 Champions] BSS Reg M-A",
  "players": [
    "KevMev",
    "Gsa7"
  ],
  "log": "|j|\u2606KevMev\n|j|\u2606Gsa7\n|t:|1776580663\n|gametype|singles\n|player|p1|KevMev|waiter-gen4|1365\n|player|p2|Gsa7|collector|1315\n|gen|9\n|tier|[Gen 9 Champions] BSS Reg M-A\n|rated|\n|rule|Species Clause: Limit one of each Pok\u00e9mon\n|rule|Item Clause: Limit 1 of each item\n|clearpoke\n|poke|p1|Floette-Eternal, L50, F|\n|poke|p1|Archaludon, L50, F|\n|poke|p1|Gyarados, L50, M|\n|poke|p1|Mimikyu, L50, F|\n|poke|p1|Hydreigon, L50, F|\n|poke|p1|Sneasler, L50, F, shiny|\n|poke|p2|Clefable, L50, M|\n|poke|p2|Corviknight, L50, F|\n|poke|p2|Greninja, L50, F|\n|poke|p2|Torterra, L50, M|\n|poke|p2|Tyrantrum, L50, F|\n|poke|p2|Rotom-Heat, L50|\n|teampreview|3\n|inactive|Battle timer is ON: inactive players will automatically lose when time's up. (requested by Gsa7)\n|inactive|KevMev has 60 seconds left.\n|inactive|Gsa7 has 60 seconds left.\n|\n|t:|1776580704\n|teamsize|p1|3\n|teamsize|p2|3\n|start\n|switch|p1a: Sneasler|Sneasler, L50, F, shiny|100/100\n|switch|p2a: Greninja|Greninja, L50, F|100/100\n|turn|1\n|\n|t:|1776580710\n|switch|p2a: Clefable|Clefable, L50, M|100/100\n|move|p1a: Sneasler|Close Combat|p2a: Clefable\n|-resisted|p2a: Clefable|1\n|-damage|p2a: Clefable|76/100\n|-unboost|p1a: Sneasler|def|1\n|-unboost|p1a: Sneasler|spd|1\n|\n|-heal|p2a: Clefable|82/100|[from] item: Leftovers\n|upkeep\n|turn|2\n|\n|t:|1776580714\n|move|p1a: Sneasler|Dire Claw|p2a: Clefable\n|-supereffective|p2a: Clefable|1\n|-damage|p2a: Clefable|18/100\n|move|p2a: Clefable|Calm Mind|p2a: Clefable\n|-boost|p2a: Clefable|spa|1\n|-boost|p2a: Clefable|spd|1\n|\n|-heal|p2a: Clefable|24/100|[from] item: Leftovers\n|upkeep\n|turn|3\n|\n|t:|1776580719\n|move|p1a: Sneasler|Dire Claw|p2a: Clefable\n|-supereffective|p2a: Clefable|1\n|-damage|p2a: Clefable|0 fnt\n|faint|p2a: Clefable\n|\n|upkeep\n|\n|t:|1776580723\n|switch|p2a: Greninja|Greninja, L50, F|100/100\n|turn|4\n|\n|t:|1776580727\n|detailschange|p2a: Greninja|Greninja-Mega, L50, F\n|-mega|p2a: Greninja|Greninja|Greninjite\n|move|p2a: Greninja|Surf|p1a: Sneasler\n|-start|p2a: Greninja|typechange|Water|[from] ability: Protean\n|-damage|p1a: Sneasler|3/100\n|move|p1a: Sneasler|Close Combat|p2a: Greninja\n|-damage|p2a: Greninja|0 fnt\n|-unboost|p1a: Sneasler|def|1\n|-unboost|p1a: Sneasler|spd|1\n|faint|p2a: Greninja\n|\n|upkeep\n|\n|t:|1776580731\n|switch|p2a: Torterra|Torterra, L50, M|100/100\n|turn|5\n|\n|t:|1776580734\n|move|p1a: Sneasler|Close Combat|p2a: Torterra\n|-damage|p2a: Torterra|34/100\n|-unboost|p1a: Sneasler|def|1\n|-unboost|p1a: Sneasler|spd|1\n|move|p2a: Torterra|Shell Smash|p2a: Torterra\n|-unboost|p2a: Torterra|def|1\n|-unboost|p2a: Torterra|spd|1\n|-boost|p2a: Torterra|atk|2\n|-boost|p2a: Torterra|spa|2\n|-boost|p2a: Torterra|spe|2\n|-enditem|p2a: Torterra|White Herb\n|-clearnegativeboost|p2a: Torterra|[silent]\n|\n|upkeep\n|turn|6\n|\n|t:|1776580739\n|move|p2a: Torterra|Earthquake|p1a: Sneasler\n|-supereffective|p1a: Sneasler|1\n|-damage|p1a: Sneasler|0 fnt\n|faint|p1a: Sneasler\n|\n|upkeep\n|\n|t:|1776580741\n|switch|p1a: Archaludon|Archaludon, L50, F|100/100\n|turn|7\n|\n|t:|1776580742\n|move|p2a: Torterra|Earthquake|p1a: Archaludon\n|-supereffective|p1a: Archaludon|1\n|-ability|p1a: Archaludon|Sturdy\n|-damage|p1a: Archaludon|1/100\n|move|p1a: Archaludon|Flash Cannon|p2a: Torterra\n|-damage|p2a: Torterra|0 fnt\n|faint|p2a: Torterra\n|\n|win|KevMev\n|raw|KevMev's rating: 1385 &rarr; <strong>1401</strong><br />(+16 for winning)\n|raw|Gsa7's rating: 1315 &rarr; <strong>1299</strong><br />(-16 for losing)\n|l|\u2606Gsa7\n|player|p2|\n|l|\u2606KevMev\n|player|p1|\n",
  "uploadtime": 1776580752,
  "views": 1,
  "formatid": "gen9championsbssregma",
  "rating": 1299,
  "private": 0,
  "password": null
}