{
  "id": "gen9championsbssregma-2583096665",
  "format": "[Gen 9 Champions] BSS Reg M-A",
  "players": [
    "coldrollin",
    "Pomme de mer"
  ],
  "log": "|j|\u2606coldrollin\n|j|\u2606Pomme de mer\n|t:|1776141580\n|gametype|singles\n|player|p1|coldrollin|bugcatcher-gen4dp|1175\n|player|p2|Pomme de mer|n|1216\n|gen|9\n|tier|[Gen 9 Champions] BSS Reg M-A\n|rated|\n|rule|Species Clause: Limit one of each Pok\u00e9mon\n|rule|Item Clause: Limit 1 of each item\n|clearpoke\n|poke|p1|Blastoise, L50, M|\n|poke|p1|Ninetales-Alola, L50, F|\n|poke|p1|Excadrill, L50, F|\n|poke|p1|Volcarona, L50, F|\n|poke|p1|Rotom-Mow, L50|\n|poke|p1|Sneasler, L50, F|\n|poke|p2|Meganium, L50, F|\n|poke|p2|Scizor, L50, F|\n|poke|p2|Basculegion, L50, M|\n|poke|p2|Tyranitar, L50, M|\n|poke|p2|Volcarona, L50, F|\n|poke|p2|Charizard, L50, M|\n|teampreview|3\n|inactive|Battle timer is ON: inactive players will automatically lose when time's up. (requested by Pomme de mer)\n|j| p74\n|inactive|Pomme de mer has 60 seconds left.\n|\n|t:|1776141620\n|teamsize|p1|3\n|teamsize|p2|3\n|start\n|switch|p1a: Sneasler|Sneasler, L50, F|100/100\n|switch|p2a: Charizard|Charizard, L50, M|100/100\n|turn|1\n|\n|t:|1776141634\n|detailschange|p2a: Charizard|Charizard-Mega-Y, L50, M\n|-mega|p2a: Charizard|Charizard|Charizardite Y\n|-weather|SunnyDay|[from] ability: Drought|[of] p2a: Charizard\n|move|p1a: Sneasler|Gunk Shot|p2a: Charizard\n|-damage|p2a: Charizard|5/100\n|move|p2a: Charizard|Air Slash|p1a: Sneasler\n|-supereffective|p1a: Sneasler|1\n|-damage|p1a: Sneasler|0 fnt\n|faint|p1a: Sneasler\n|\n|-weather|SunnyDay|[upkeep]\n|upkeep\n|\n|t:|1776141642\n|switch|p1a: Ninetales|Ninetales-Alola, L50, F|100/100\n|-weather|Snowscape|[from] ability: Snow Warning|[of] p1a: Ninetales\n|turn|2\n|\n|t:|1776141651\n|switch|p2a: Volcarona|Volcarona, L50, F|100/100\n|move|p1a: Ninetales|Aurora Veil|p1a: Ninetales\n|-sidestart|p1: coldrollin|move: Aurora Veil\n|\n|-weather|Snowscape|[upkeep]\n|upkeep\n|turn|3\n|\n|t:|1776141654\n|move|p1a: Ninetales|Baton Pass|p1a: Ninetales\n|\n|t:|1776141656\n|switch|p1a: Blastoise|Blastoise, L50, M|100/100|[from] Baton Pass\n|move|p2a: Volcarona|Quiver Dance|p2a: Volcarona\n|-boost|p2a: Volcarona|spa|1\n|-boost|p2a: Volcarona|spd|1\n|-boost|p2a: Volcarona|spe|1\n|\n|-weather|Snowscape|[upkeep]\n|upkeep\n|turn|4\n|\n|t:|1776141663\n|detailschange|p1a: Blastoise|Blastoise-Mega, L50, M\n|-mega|p1a: Blastoise|Blastoise|Blastoisinite\n|move|p2a: Volcarona|Bug Buzz|p1a: Blastoise\n|-damage|p1a: Blastoise|66/100\n|move|p1a: Blastoise|Shell Smash|p1a: Blastoise\n|-unboost|p1a: Blastoise|def|1\n|-unboost|p1a: Blastoise|spd|1\n|-boost|p1a: Blastoise|atk|2\n|-boost|p1a: Blastoise|spa|2\n|-boost|p1a: Blastoise|spe|2\n|\n|-weather|Snowscape|[upkeep]\n|upkeep\n|turn|5\n|\n|t:|1776141671\n|move|p1a: Blastoise|Water Pulse|p2a: Volcarona\n|-supereffective|p2a: Volcarona|1\n|-enditem|p2a: Volcarona|Focus Sash\n|-damage|p2a: Volcarona|1/100\n|move|p2a: Volcarona|Bug Buzz|p1a: Blastoise\n|-damage|p1a: Blastoise|10/100\n|\n|-weather|Snowscape|[upkeep]\n|upkeep\n|turn|6\n|inactive|Pomme de mer has 30 seconds left.\n|\n|t:|1776141698\n|move|p1a: Blastoise|Water Pulse|p2a: Volcarona\n|-supereffective|p2a: Volcarona|1\n|-damage|p2a: Volcarona|0 fnt\n|faint|p2a: Volcarona\n|\n|-weather|none\n|-sideend|p1: coldrollin|move: Aurora Veil\n|upkeep\n|\n|t:|1776141702\n|switch|p2a: Basculegion|Basculegion, L50, M|100/100\n|turn|7\n|\n|t:|1776141707\n|move|p2a: Basculegion|Aqua Jet|p1a: Blastoise\n|-resisted|p1a: Blastoise|1\n|-damage|p1a: Blastoise|0 fnt\n|faint|p1a: Blastoise\n|\n|upkeep\n|\n|t:|1776141709\n|switch|p1a: Ninetales|Ninetales-Alola, L50, F|100/100\n|-weather|Snowscape|[from] ability: Snow Warning|[of] p1a: Ninetales\n|turn|8\n|\n|t:|1776141717\n|switch|p2a: Charizard|Charizard-Mega-Y, L50, M|5/100\n|-weather|SunnyDay|[from] ability: Drought|[of] p2a: Charizard\n|move|p1a: Ninetales|Aurora Veil||[still]\n|-fail|p1a: Ninetales\n|\n|-weather|SunnyDay|[upkeep]\n|upkeep\n|turn|9\n|\n|t:|1776141723\n|move|p1a: Ninetales|Blizzard|p2a: Charizard\n|-damage|p2a: Charizard|0 fnt\n|faint|p2a: Charizard\n|\n|-weather|SunnyDay|[upkeep]\n|upkeep\n|\n|t:|1776141725\n|switch|p2a: Basculegion|Basculegion, L50, M|100/100\n|turn|10\n|\n|t:|1776141728\n|move|p2a: Basculegion|Last Respects|p1a: Ninetales\n|-enditem|p1a: Ninetales|Focus Sash\n|-damage|p1a: Ninetales|1/100\n|move|p1a: Ninetales|Blizzard|p2a: Basculegion\n|-resisted|p2a: Basculegion|1\n|-damage|p2a: Basculegion|82/100\n|\n|-weather|SunnyDay|[upkeep]\n|upkeep\n|turn|11\n|-message|coldrollin forfeited.\n|\n|win|Pomme de mer\n|raw|coldrollin's rating: 1175 &rarr; <strong>1153</strong><br />(-22 for losing)\n|raw|Pomme de mer's rating: 1216 &rarr; <strong>1238</strong><br />(+22 for winning)\n|l|\u2606coldrollin\n|player|p1|\n|l|\u2606Pomme de mer\n|player|p2|\n",
  "uploadtime": 1776141773,
  "views": 2,
  "formatid": "gen9championsbssregma",
  "rating": 1153,
  "private": 0,
  "password": null
}