{
  "id": "gen9championsbssregma-2587741589",
  "format": "[Gen 9 Champions] BSS Reg M-A",
  "players": [
    "zozotown",
    "ryusui"
  ],
  "log": "|j|\u203dzozotown\n|j|\u2606ryusui\n|t:|1776559363\n|gametype|singles\n|player|p1|zozotown|102|1311\n|player|p2|ryusui|1|1355\n|gen|9\n|tier|[Gen 9 Champions] BSS Reg M-A\n|rated|\n|rule|Species Clause: Limit one of each Pok\u00e9mon\n|rule|Item Clause: Limit 1 of each item\n|clearpoke\n|poke|p1|Glimmora, L50, F|\n|poke|p1|Clefable, L50, M|\n|poke|p1|Kingambit, L50, M|\n|poke|p1|Basculegion, L50, M|\n|poke|p1|Delphox, L50, F|\n|poke|p1|Garchomp, L50, F|\n|poke|p2|Charizard, L50, M|\n|poke|p2|Excadrill, L50, F|\n|poke|p2|Hippowdon, L50, F|\n|poke|p2|Aegislash, L50, F|\n|poke|p2|Primarina, L50, M|\n|poke|p2|Floette-Eternal, L50, F|\n|teampreview|3\n|inactive|Battle timer is ON: inactive players will automatically lose when time's up. (requested by zozotown)\n|inactive|zozotown has 60 seconds left.\n|\n|t:|1776559400\n|teamsize|p1|3\n|teamsize|p2|3\n|start\n|switch|p1a: Garchomp|Garchomp, L50, F|100/100\n|switch|p2a: Excadrill|Excadrill, L50, F|100/100\n|-ability|p2a: Excadrill|Mold Breaker\n|turn|1\n|\n|t:|1776559407\n|move|p2a: Excadrill|Earthquake|p1a: Garchomp\n|-damage|p1a: Garchomp|64/100\n|move|p1a: Garchomp|Earthquake|p2a: Excadrill\n|-supereffective|p2a: Excadrill|1\n|-enditem|p2a: Excadrill|Focus Sash\n|-damage|p2a: Excadrill|1/100\n|\n|upkeep\n|turn|2\n|\n|t:|1776559416\n|move|p2a: Excadrill|Stealth Rock|p1a: Garchomp\n|-sidestart|p1: zozotown|move: Stealth Rock\n|move|p1a: Garchomp|Stealth Rock|p2a: Excadrill\n|-sidestart|p2: ryusui|move: Stealth Rock\n|\n|upkeep\n|turn|3\n|\n|t:|1776559429\n|move|p2a: Excadrill|Rapid Spin|p1a: Garchomp\n|-damage|p1a: Garchomp|53/100\n|-boost|p2a: Excadrill|spe|1\n|-damage|p2a: Excadrill|0 fnt|[from] ability: Rough Skin|[of] p1a: Garchomp\n|-sideend|p2: ryusui|Stealth Rock|[from] move: Rapid Spin|[of] p2a: Excadrill\n|faint|p2a: Excadrill\n|move|p1a: Garchomp|Earthquake|p2: Excadrill|[notarget]\n|-fail|p1a: Garchomp\n|\n|upkeep\n|\n|t:|1776559438\n|switch|p2a: Floette|Floette-Eternal, L50, F|100/100\n|turn|4\n|\n|t:|1776559445\n|detailschange|p2a: Floette|Floette-Mega, L50, F\n|-mega|p2a: Floette|Floette|Floettite\n|-ability|p2a: Floette|Fairy Aura\n|move|p2a: Floette|Calm Mind|p2a: Floette\n|-boost|p2a: Floette|spa|1\n|-boost|p2a: Floette|spd|1\n|move|p1a: Garchomp|Stealth Rock|p2a: Floette\n|-sidestart|p2: ryusui|move: Stealth Rock\n|\n|upkeep\n|turn|5\n|j| p74\n|\n|t:|1776559453\n|move|p2a: Floette|Moonblast|p1a: Garchomp\n|-supereffective|p1a: Garchomp|1\n|-damage|p1a: Garchomp|0 fnt\n|faint|p1a: Garchomp\n|\n|upkeep\n|\n|t:|1776559457\n|switch|p1a: Clefable|Clefable, L50, M|100/100\n|-damage|p1a: Clefable|88/100|[from] Stealth Rock\n|turn|6\n|\n|t:|1776559462\n|detailschange|p1a: Clefable|Clefable-Mega, L50, M\n|-mega|p1a: Clefable|Clefable|Clefablite\n|move|p2a: Floette|Moonblast|p1a: Clefable\n|-damage|p1a: Clefable|6/100\n|move|p1a: Clefable|Calm Mind|p1a: Clefable\n|-boost|p1a: Clefable|spa|1\n|-boost|p1a: Clefable|spd|1\n|\n|upkeep\n|turn|7\n|\n|t:|1776559470\n|move|p2a: Floette|Moonblast|p1a: Clefable\n|-damage|p1a: Clefable|0 fnt\n|faint|p1a: Clefable\n|\n|upkeep\n|\n|t:|1776559472\n|switch|p1a: Kingambit|Kingambit, L50, M|100/100\n|-damage|p1a: Kingambit|94/100|[from] Stealth Rock\n|-activate|p1a: Kingambit|ability: Supreme Overlord\n|-start|p1a: Kingambit|fallen2|[silent]\n|turn|8\n|\n|t:|1776559480\n|move|p2a: Floette|Moonblast|p1a: Kingambit\n|-damage|p1a: Kingambit|0 fnt\n|faint|p1a: Kingambit\n|-end|p1a: Kingambit|fallen2|[silent]\n|\n|win|ryusui\n|raw|zozotown's rating: 1311 &rarr; <strong>1294</strong><br />(-17 for losing)\n|raw|ryusui's rating: 1355 &rarr; <strong>1372</strong><br />(+17 for winning)\n|l|\u2606ryusui\n|player|p2|\n|l|\u203dzozotown\n|player|p1|\n",
  "uploadtime": 1776560269,
  "views": 3,
  "formatid": "gen9championsbssregma",
  "rating": 1294,
  "private": 0,
  "password": null
}