{
  "id": "gen9championsbssregma-2582499171",
  "format": "[Gen 9 Champions] BSS Reg M-A",
  "players": [
    "gshs5",
    "GirlriG"
  ],
  "log": "|j|\u2606gshs5\n|j|\u2606GirlriG\n|t:|1776095583\n|gametype|singles\n|player|p1|gshs5|266|1153\n|player|p2|GirlriG|swimmerf-gen4dp|1128\n|gen|9\n|tier|[Gen 9 Champions] BSS Reg M-A\n|rated|\n|rule|Species Clause: Limit one of each Pok\u00e9mon\n|rule|Item Clause: Limit 1 of each item\n|clearpoke\n|poke|p1|Absol, L50, F|\n|poke|p1|Zoroark-Hisui, L50, F|\n|poke|p1|Gyarados, L50, F|\n|poke|p1|Garchomp, L50, F|\n|poke|p1|Empoleon, L50, M|\n|poke|p1|Gardevoir, L50, F|\n|poke|p2|Charizard, L50, M|\n|poke|p2|Lucario, L50, M|\n|poke|p2|Infernape, L50, M|\n|poke|p2|Dragapult, L50, M|\n|poke|p2|Snorlax, L50, M|\n|poke|p2|Gyarados, L50, M|\n|teampreview|3\n|inactive|Battle timer is ON: inactive players will automatically lose when time's up. (requested by GirlriG)\n|\n|t:|1776095608\n|teamsize|p1|3\n|teamsize|p2|3\n|start\n|switch|p1a: \ud0b9\uac13\ud669\uc194|Absol, L50, F|100/100\n|switch|p2a: Dragapult|Dragapult, L50, M, shiny|100/100\n|-ability|p1a: \ud0b9\uac13\ud669\uc194|Pressure\n|turn|1\n|\n|t:|1776095623\n|detailschange|p1a: \ud0b9\uac13\ud669\uc194|Absol-Mega, L50, F\n|-mega|p1a: \ud0b9\uac13\ud669\uc194|Absol|Absolite\n|move|p2a: Dragapult|Dragon Dance|p2a: Dragapult\n|-boost|p2a: Dragapult|atk|1\n|-boost|p2a: Dragapult|spe|1\n|move|p1a: \ud0b9\uac13\ud669\uc194|Knock Off|p2a: Dragapult\n|-supereffective|p2a: Dragapult|1\n|-enditem|p2a: Dragapult|Focus Sash\n|-damage|p2a: Dragapult|1/100\n|\n|upkeep\n|turn|2\n|\n|t:|1776095631\n|move|p1a: \ud0b9\uac13\ud669\uc194|Sucker Punch||[still]\n|-fail|p1a: \ud0b9\uac13\ud669\uc194\n|move|p2a: Dragapult|Baton Pass|p2a: Dragapult\n|\n|t:|1776095639\n|switch|p2a: Infernape|Infernape, L50, M, shiny|100/100|[from] Baton Pass\n|\n|upkeep\n|turn|3\n|\n|t:|1776095644\n|switch|p1a: Gyarados|Gyarados, L50, F|100/100\n|-ability|p1a: Gyarados|Intimidate|boost\n|-unboost|p2a: Infernape|atk|1\n|move|p2a: Infernape|Close Combat|p1a: Gyarados\n|-resisted|p1a: Gyarados|1\n|-damage|p1a: Gyarados|80/100\n|-unboost|p2a: Infernape|def|1\n|-unboost|p2a: Infernape|spd|1\n|\n|upkeep\n|turn|4\n|\n|t:|1776095656\n|move|p2a: Infernape|Thunder Punch|p1a: Gyarados\n|-supereffective|p1a: Gyarados|2\n|-damage|p1a: Gyarados|0 fnt\n|faint|p1a: Gyarados\n|\n|upkeep\n|\n|t:|1776095662\n|switch|p1a: \ud0b9\uac13\ud669\uc194|Absol-Mega, L50, F|100/100\n|turn|5\n|\n|t:|1776095671\n|move|p2a: Infernape|Close Combat|p1a: \ud0b9\uac13\ud669\uc194\n|-immune|p1a: \ud0b9\uac13\ud669\uc194\n|move|p1a: \ud0b9\uac13\ud669\uc194|Icy Wind|p2a: Infernape\n|-resisted|p2a: Infernape|1\n|-damage|p2a: Infernape|80/100\n|-unboost|p2a: Infernape|spe|1\n|\n|upkeep\n|turn|6\n|\n|t:|1776095683\n|move|p1a: \ud0b9\uac13\ud669\uc194|Hyper Voice|p2a: Infernape\n|-damage|p2a: Infernape|0 fnt\n|faint|p2a: Infernape\n|\n|upkeep\n|\n|t:|1776095687\n|switch|p2a: Charizard|Charizard, L50, M, shiny|100/100\n|turn|7\n|\n|t:|1776095702\n|detailschange|p2a: Charizard|Charizard-Mega-Y, L50, M, shiny\n|-mega|p2a: Charizard|Charizard|Charizardite Y\n|-weather|SunnyDay|[from] ability: Drought|[of] p2a: Charizard\n|move|p1a: \ud0b9\uac13\ud669\uc194|Icy Wind|p2a: Charizard\n|-damage|p2a: Charizard|82/100\n|-unboost|p2a: Charizard|spe|1\n|move|p2a: Charizard|Weather Ball|p1a: \ud0b9\uac13\ud669\uc194\n|-enditem|p1a: \ud0b9\uac13\ud669\uc194|Focus Sash\n|-damage|p1a: \ud0b9\uac13\ud669\uc194|1/100\n|replace|p1a: Zoroak|Zoroark-Hisui, L50, F\n|-end|p1a: Zoroak|Illusion\n|\n|-weather|SunnyDay|[upkeep]\n|upkeep\n|turn|8\n|\n|t:|1776095723\n|move|p1a: Zoroak|Hyper Voice|p2a: Charizard\n|-damage|p2a: Charizard|34/100\n|move|p2a: Charizard|Air Slash|p1a: Zoroak\n|-damage|p1a: Zoroak|0 fnt\n|faint|p1a: Zoroak\n|\n|-weather|SunnyDay|[upkeep]\n|upkeep\n|\n|t:|1776095727\n|switch|p1a: \ud0b9\uac13\ud669\uc194|Absol-Mega, L50, F|100/100\n|turn|9\n|\n|t:|1776095731\n|move|p1a: \ud0b9\uac13\ud669\uc194|Knock Off|p2a: Charizard\n|-damage|p2a: Charizard|0 fnt\n|faint|p2a: Charizard\n|\n|-weather|SunnyDay|[upkeep]\n|upkeep\n|\n|t:|1776095736\n|switch|p2a: Dragapult|Dragapult, L50, M, shiny|1/100\n|turn|10\n|\n|t:|1776095743\n|move|p1a: \ud0b9\uac13\ud669\uc194|Sucker Punch|p2a: Dragapult\n|-supereffective|p2a: Dragapult|1\n|-damage|p2a: Dragapult|0 fnt\n|faint|p2a: Dragapult\n|\n|win|gshs5\n|raw|gshs5's rating: 1153 &rarr; <strong>1176</strong><br />(+23 for winning)\n|raw|GirlriG's rating: 1128 &rarr; <strong>1105</strong><br />(-23 for losing)\n",
  "uploadtime": 1776095745,
  "views": 6,
  "formatid": "gen9championsbssregma",
  "rating": 1105,
  "private": 0,
  "password": null
}