{
  "id": "gen9championsbssregma-2581515746",
  "format": "[Gen 9 Champions] BSS Reg M-A",
  "players": [
    "EstemanACG1",
    "igimxim"
  ],
  "log": "|j|\u2606EstemanACG1\n|j|\u2606igimxim\n|t:|1776007406\n|gametype|singles\n|player|p1|EstemanACG1|riley|1078\n|player|p2|igimxim|hooligans|1130\n|gen|9\n|tier|[Gen 9 Champions] BSS Reg M-A\n|rated|\n|rule|Species Clause: Limit one of each Pok\u00e9mon\n|rule|Item Clause: Limit 1 of each item\n|clearpoke\n|poke|p1|Kangaskhan, L50, F|\n|poke|p1|Sneasler, L50, M|\n|poke|p1|Primarina, L50, F|\n|poke|p1|Skeledirge, L50, M|\n|poke|p1|Manectric, L50, M|\n|poke|p1|Aerodactyl, L50, F|\n|poke|p2|Archaludon, L50, F|\n|poke|p2|Sneasler, L50, M|\n|poke|p2|Basculegion, L50, M|\n|poke|p2|Pelipper, L50, M|\n|poke|p2|Gengar, L50, M|\n|teampreview|3\n|c|\u2606EstemanACG1|glhf\n|j| showwell\n|l| showwell\n|inactive|Battle timer is ON: inactive players will automatically lose when time's up. (requested by igimxim)\n|\n|t:|1776007462\n|teamsize|p1|3\n|teamsize|p2|3\n|start\n|switch|p1a: Sneasler|Sneasler, L50, M|100/100\n|switch|p2a: Pelipper|Pelipper, L50, M|100/100\n|-weather|RainDance|[from] ability: Drizzle|[of] p2a: Pelipper\n|turn|1\n|\n|t:|1776007474\n|move|p1a: Sneasler|Close Combat|p2a: Pelipper\n|-resisted|p2a: Pelipper|1\n|-damage|p2a: Pelipper|75/100\n|-unboost|p1a: Sneasler|def|1\n|-unboost|p1a: Sneasler|spd|1\n|-enditem|p1a: Sneasler|White Herb\n|-clearnegativeboost|p1a: Sneasler|[silent]\n|move|p2a: Pelipper|Hurricane|p1a: Sneasler\n|-supereffective|p1a: Sneasler|1\n|-damage|p1a: Sneasler|2/100\n|-start|p1a: Sneasler|confusion\n|\n|-weather|RainDance|[upkeep]\n|upkeep\n|turn|2\n|\n|t:|1776007495\n|-activate|p1a: Sneasler|confusion\n|move|p1a: Sneasler|Dire Claw|p2a: Pelipper\n|-damage|p2a: Pelipper|41/100\n|move|p2a: Pelipper|Weather Ball|p1a: Sneasler\n|-damage|p1a: Sneasler|0 fnt\n|faint|p1a: Sneasler\n|\n|-weather|RainDance|[upkeep]\n|upkeep\n|\n|t:|1776007502\n|switch|p1a: Aerodactyl|Aerodactyl, L50, F|100/100\n|-ability|p1a: Aerodactyl|Unnerve\n|turn|3\n|\n|t:|1776007513\n|switch|p2a: Basculegion|Basculegion, L50, M|100/100\n|move|p1a: Aerodactyl|Stone Edge|p2a: Basculegion\n|-damage|p2a: Basculegion|52/100\n|\n|-weather|RainDance|[upkeep]\n|-heal|p2a: Basculegion|59/100|[from] item: Leftovers\n|upkeep\n|turn|4\n|\n|t:|1776007521\n|move|p1a: Aerodactyl|Stone Edge|p2a: Basculegion\n|-damage|p2a: Basculegion|4/100\n|move|p2a: Basculegion|Wave Crash|p1a: Aerodactyl\n|-supereffective|p1a: Aerodactyl|1\n|-damage|p1a: Aerodactyl|0 fnt\n|faint|p1a: Aerodactyl\n|-damage|p2a: Basculegion|0 fnt|[from] Recoil\n|faint|p2a: Basculegion\n|\n|-weather|RainDance|[upkeep]\n|upkeep\n|\n|t:|1776007533\n|switch|p1a: Primarina|Primarina, L50, F|100/100\n|switch|p2a: Pelipper|Pelipper, L50, M|41/100\n|turn|5\n|\n|t:|1776007542\n|move|p2a: Pelipper|Protect|p2a: Pelipper\n|-singleturn|p2a: Pelipper|Protect\n|move|p1a: Primarina|Alluring Voice|p2a: Pelipper\n|-activate|p2a: Pelipper|move: Protect\n|\n|-weather|none\n|upkeep\n|turn|6\n|\n|t:|1776007550\n|switch|p2a: Sneasler|Sneasler, L50, M|100/100\n|move|p1a: Primarina|Alluring Voice|p2a: Sneasler\n|-damage|p2a: Sneasler|40/100\n|\n|upkeep\n|turn|7\n|\n|t:|1776007558\n|move|p2a: Sneasler|Dire Claw|p1a: Primarina\n|-supereffective|p1a: Primarina|1\n|-damage|p1a: Primarina|19/100\n|-enditem|p1a: Primarina|Sitrus Berry|[eat]\n|-heal|p1a: Primarina|44/100|[from] item: Sitrus Berry\n|move|p1a: Primarina|Ice Beam|p2a: Sneasler\n|-damage|p2a: Sneasler|0 fnt\n|faint|p2a: Sneasler\n|\n|upkeep\n|\n|t:|1776007567\n|switch|p2a: Pelipper|Pelipper, L50, M|41/100\n|-weather|RainDance|[from] ability: Drizzle|[of] p2a: Pelipper\n|turn|8\n|\n|t:|1776007572\n|move|p2a: Pelipper|Hurricane|p1a: Primarina\n|-damage|p1a: Primarina|5/100\n|move|p1a: Primarina|Alluring Voice|p2a: Pelipper\n|-damage|p2a: Pelipper|0 fnt\n|faint|p2a: Pelipper\n|\n|win|EstemanACG1\n|raw|EstemanACG1's rating: 1078 &rarr; <strong>1111</strong><br />(+33 for winning)\n|raw|igimxim's rating: 1130 &rarr; <strong>1101</strong><br />(-29 for losing)\n|l|\u2606igimxim\n|player|p2|\n",
  "uploadtime": 1776007586,
  "views": 8,
  "formatid": "gen9championsbssregma",
  "rating": 1101,
  "private": 0,
  "password": null
}