{
  "id": "gen9championsbssregma-2587463816",
  "format": "[Gen 9 Champions] BSS Reg M-A",
  "players": [
    "awamwdamkamd",
    "joguri"
  ],
  "log": "|j|\u2606awamwdamkamd\n|j|\u2606joguri\n|t:|1776533979\n|gametype|singles\n|player|p1|awamwdamkamd|266|1219\n|player|p2|joguri|dawn|1308\n|gen|9\n|tier|[Gen 9 Champions] BSS Reg M-A\n|rated|\n|rule|Species Clause: Limit one of each Pok\u00e9mon\n|rule|Item Clause: Limit 1 of each item\n|clearpoke\n|poke|p1|Basculegion, L50, M|\n|poke|p1|Dragapult, L50, F|\n|poke|p1|Garchomp, L50, F|\n|poke|p1|Skarmory, L50, F|\n|poke|p1|Sylveon, L50, M|\n|poke|p1|Volcarona, L50, M|\n|poke|p2|Clefable, L50, F|\n|poke|p2|Espathra, L50, F|\n|poke|p2|Charizard, L50, M|\n|poke|p2|Hippowdon, L50, F|\n|poke|p2|Rotom-Wash, L50, shiny|\n|poke|p2|Garchomp, L50, F|\n|teampreview|3\n|inactive|Battle timer is ON: inactive players will automatically lose when time's up. (requested by joguri)\n|\n|t:|1776534021\n|teamsize|p1|3\n|teamsize|p2|3\n|start\n|switch|p1a: Dragapult|Dragapult, L50, F|100/100\n|switch|p2a: Hippowdon|Hippowdon, L50, F|100/100\n|-weather|Sandstorm|[from] ability: Sand Stream|[of] p2a: Hippowdon\n|turn|1\n|\n|t:|1776534037\n|move|p1a: Dragapult|Curse|p2a: Hippowdon\n|-start|p2a: Hippowdon|Curse|[of] p1a: Dragapult\n|-damage|p1a: Dragapult|51/100\n|move|p2a: Hippowdon|Yawn|p1a: Dragapult\n|-start|p1a: Dragapult|move: Yawn|[of] p2a: Hippowdon\n|\n|-weather|Sandstorm|[upkeep]\n|-damage|p1a: Dragapult|45/100|[from] Sandstorm\n|-damage|p2a: Hippowdon|76/100|[from] Curse\n|upkeep\n|turn|2\n|\n|t:|1776534047\n|switch|p1a: Sylveon|Sylveon, L50, M|100/100\n|move|p2a: Hippowdon|Stealth Rock|p1a: Sylveon\n|-sidestart|p1: awamwdamkamd|move: Stealth Rock\n|\n|-weather|Sandstorm|[upkeep]\n|-damage|p1a: Sylveon|95/100|[from] Sandstorm\n|-damage|p2a: Hippowdon|51/100|[from] Curse\n|upkeep\n|turn|3\n|\n|t:|1776534055\n|move|p1a: Sylveon|Hyper Voice|p2a: Hippowdon\n|-damage|p2a: Hippowdon|4/100\n|-enditem|p2a: Hippowdon|Sitrus Berry|[eat]\n|-heal|p2a: Hippowdon|28/100|[from] item: Sitrus Berry\n|move|p2a: Hippowdon|Yawn|p1a: Sylveon\n|-start|p1a: Sylveon|move: Yawn|[of] p2a: Hippowdon\n|\n|-weather|Sandstorm|[upkeep]\n|-damage|p1a: Sylveon|89/100|[from] Sandstorm\n|-damage|p2a: Hippowdon|4/100|[from] Curse\n|upkeep\n|turn|4\n|\n|t:|1776534065\n|switch|p1a: Dragapult|Dragapult, L50, F|45/100\n|-damage|p1a: Dragapult|32/100|[from] Stealth Rock\n|move|p2a: Hippowdon|Yawn|p1a: Dragapult\n|-start|p1a: Dragapult|move: Yawn|[of] p2a: Hippowdon\n|\n|-weather|Sandstorm|[upkeep]\n|-damage|p1a: Dragapult|26/100|[from] Sandstorm\n|-damage|p2a: Hippowdon|0 fnt|[from] Curse\n|faint|p2a: Hippowdon\n|upkeep\n|\n|t:|1776534076\n|switch|p2a: Espathra|Espathra, L50, F|100/100\n|turn|5\n|\n|t:|1776534080\n|move|p1a: Dragapult|Curse|p2a: Espathra\n|-start|p2a: Espathra|Curse|[of] p1a: Dragapult\n|-damage|p1a: Dragapult|0 fnt\n|faint|p1a: Dragapult\n|move|p2a: Espathra|Calm Mind|p2a: Espathra\n|-boost|p2a: Espathra|spa|1\n|-boost|p2a: Espathra|spd|1\n|\n|-weather|none\n|-damage|p2a: Espathra|76/100|[from] Curse\n|-ability|p2a: Espathra|Speed Boost|boost\n|-boost|p2a: Espathra|spe|1\n|upkeep\n|\n|t:|1776534089\n|switch|p1a: Volcarona|Volcarona, L50, M|100/100\n|-damage|p1a: Volcarona|51/100|[from] Stealth Rock\n|turn|6\n|\n|t:|1776534096\n|switch|p2a: Clefable|Clefable, L50, F|100/100\n|move|p1a: Volcarona|Quiver Dance|p1a: Volcarona\n|-boost|p1a: Volcarona|spa|1\n|-boost|p1a: Volcarona|spd|1\n|-boost|p1a: Volcarona|spe|1\n|\n|upkeep\n|turn|7\n|\n|t:|1776534116\n|switch|p2a: Espathra|Espathra, L50, F|76/100\n|move|p1a: Volcarona|Fiery Dance|p2a: Espathra\n|-damage|p2a: Espathra|0 fnt\n|-boost|p1a: Volcarona|spa|1\n|faint|p2a: Espathra\n|\n|upkeep\n|\n|t:|1776534123\n|switch|p2a: Clefable|Clefable, L50, F|100/100\n|turn|8\n|\n|t:|1776534127\n|move|p1a: Volcarona|Fiery Dance|p2a: Clefable\n|-damage|p2a: Clefable|59/100\n|move|p2a: Clefable|Cosmic Power|p2a: Clefable\n|-boost|p2a: Clefable|def|1\n|-boost|p2a: Clefable|spd|1\n|\n|upkeep\n|turn|9\n|\n|t:|1776534137\n|move|p1a: Volcarona|Fiery Dance|p2a: Clefable\n|-damage|p2a: Clefable|32/100\n|-boost|p1a: Volcarona|spa|1\n|move|p2a: Clefable|Cosmic Power|p2a: Clefable\n|-boost|p2a: Clefable|def|1\n|-boost|p2a: Clefable|spd|1\n|\n|upkeep\n|turn|10\n|\n|t:|1776534145\n|move|p1a: Volcarona|Fiery Dance|p2a: Clefable\n|-damage|p2a: Clefable|8/100\n|move|p2a: Clefable|Moonlight|p2a: Clefable\n|-heal|p2a: Clefable|58/100\n|\n|upkeep\n|turn|11\n|\n|t:|1776534151\n|move|p1a: Volcarona|Fiery Dance|p2a: Clefable\n|-damage|p2a: Clefable|34/100\n|move|p2a: Clefable|Cosmic Power|p2a: Clefable\n|-boost|p2a: Clefable|def|1\n|-boost|p2a: Clefable|spd|1\n|\n|upkeep\n|turn|12\n|\n|t:|1776534157\n|move|p1a: Volcarona|Fiery Dance|p2a: Clefable\n|-damage|p2a: Clefable|15/100\n|move|p2a: Clefable|Moonlight|p2a: Clefable\n|-heal|p2a: Clefable|65/100\n|\n|upkeep\n|turn|13\n|\n|t:|1776534162\n|move|p1a: Volcarona|Fiery Dance|p2a: Clefable\n|-damage|p2a: Clefable|47/100\n|move|p2a: Clefable|Cosmic Power|p2a: Clefable\n|-boost|p2a: Clefable|def|1\n|-boost|p2a: Clefable|spd|1\n|\n|upkeep\n|turn|14\n|\n|t:|1776534169\n|move|p1a: Volcarona|Fiery Dance|p2a: Clefable\n|-damage|p2a: Clefable|32/100\n|move|p2a: Clefable|Cosmic Power|p2a: Clefable\n|-boost|p2a: Clefable|def|1\n|-boost|p2a: Clefable|spd|1\n|\n|upkeep\n|turn|15\n|\n|t:|1776534176\n|move|p1a: Volcarona|Fiery Dance|p2a: Clefable\n|-damage|p2a: Clefable|20/100\n|move|p2a: Clefable|Moonlight|p2a: Clefable\n|-heal|p2a: Clefable|70/100\n|\n|upkeep\n|turn|16\n|\n|t:|1776534182\n|move|p1a: Volcarona|Fiery Dance|p2a: Clefable\n|-damage|p2a: Clefable|57/100\n|move|p2a: Clefable|Cosmic Power|p2a: Clefable\n|-boost|p2a: Clefable|def|1\n|-boost|p2a: Clefable|spd|1\n|\n|upkeep\n|turn|17\n|\n|t:|1776534188\n|move|p1a: Volcarona|Fiery Dance|p2a: Clefable\n|-damage|p2a: Clefable|46/100\n|move|p2a: Clefable|Stored Power|p1a: Volcarona\n|-damage|p1a: Volcarona|0 fnt\n|faint|p1a: Volcarona\n|\n|upkeep\n|\n|t:|1776534190\n|switch|p1a: Sylveon|Sylveon, L50, M|89/100\n|-damage|p1a: Sylveon|77/100|[from] Stealth Rock\n|turn|18\n|\n|t:|1776534199\n|detailschange|p2a: Clefable|Clefable-Mega, L50, F\n|-mega|p2a: Clefable|Clefable|Clefablite\n|move|p1a: Sylveon|Hyper Voice|p2a: Clefable\n|-damage|p2a: Clefable|35/100\n|move|p2a: Clefable|Moonlight|p2a: Clefable\n|-heal|p2a: Clefable|85/100\n|\n|upkeep\n|turn|19\n|-message|awamwdamkamd forfeited.\n|\n|win|joguri\n|raw|awamwdamkamd's rating: 1219 &rarr; <strong>1200</strong><br />(-19 for losing)\n|raw|joguri's rating: 1308 &rarr; <strong>1323</strong><br />(+15 for winning)\n|l|\u2606awamwdamkamd\n|player|p1|\n",
  "uploadtime": 1776534213,
  "views": 3,
  "formatid": "gen9championsbssregma",
  "rating": 1200,
  "private": 0,
  "password": null
}