{
  "id": "gen9championsbssregma-2588039605",
  "format": "[Gen 9 Champions] BSS Reg M-A",
  "players": [
    "Apex Vanquisher",
    "adfsdfsdfsdaf"
  ],
  "log": "|j|\u2606Apex Vanquisher\n|j|\u2606adfsdfsdfsdaf\n|t:|1776596670\n|gametype|singles\n|player|p1|Apex Vanquisher|red|1040\n|player|p2|adfsdfsdfsdaf|2|1119\n|gen|9\n|tier|[Gen 9 Champions] BSS Reg M-A\n|rated|\n|rule|Species Clause: Limit one of each Pok\u00e9mon\n|rule|Item Clause: Limit 1 of each item\n|clearpoke\n|poke|p1|Alakazam, L50, F, shiny|\n|poke|p1|Basculegion, L50, M, shiny|\n|poke|p1|Hydrapple, L50, F, shiny|\n|poke|p1|Lopunny, L50, F, shiny|\n|poke|p1|Gardevoir, L50, M, shiny|\n|poke|p1|Venusaur, L50, M, shiny|\n|poke|p2|Feraligatr, L50, M|\n|poke|p2|Aegislash, L50, M|\n|poke|p2|Rotom-Heat, L50|\n|poke|p2|Venusaur, L50, F|\n|poke|p2|Clefable, L50, M|\n|poke|p2|Hippowdon, L50, M|\n|teampreview|3\n|inactive|Battle timer is ON: inactive players will automatically lose when time's up. (requested by adfsdfsdfsdaf)\n|\n|t:|1776596717\n|teamsize|p1|3\n|teamsize|p2|3\n|start\n|switch|p1a: Alakazam|Alakazam, L50, F, shiny|100/100\n|switch|p2a: Aegislash|Aegislash, L50, M|100/100\n|turn|1\n|\n|t:|1776596726\n|move|p1a: Alakazam|Shadow Ball|p2a: Aegislash\n|-supereffective|p2a: Aegislash|1\n|-damage|p2a: Aegislash|50/100\n|-formechange|p2a: Aegislash|Aegislash-Blade|\n|move|p2a: Aegislash|Shadow Ball|p1a: Alakazam\n|-supereffective|p1a: Alakazam|1\n|-damage|p1a: Alakazam|0 fnt\n|faint|p1a: Alakazam\n|\n|-heal|p2a: Aegislash|56/100|[from] item: Leftovers\n|upkeep\n|\n|t:|1776596743\n|switch|p1a: Gardevoir|Gardevoir, L50, M, shiny|100/100\n|turn|2\n|\n|t:|1776596759\n|detailschange|p1a: Gardevoir|Gardevoir-Mega, L50, M, shiny\n|-mega|p1a: Gardevoir|Gardevoir|Gardevoirite\n|move|p2a: Aegislash|Shadow Sneak|p1a: Gardevoir\n|-supereffective|p1a: Gardevoir|1\n|-damage|p1a: Gardevoir|38/100\n|move|p1a: Gardevoir|Shadow Ball|p2a: Aegislash\n|-supereffective|p2a: Aegislash|1\n|-damage|p2a: Aegislash|0 fnt\n|faint|p2a: Aegislash\n|\n|upkeep\n|\n|t:|1776596766\n|switch|p2a: Hippowdon|Hippowdon, L50, M|100/100\n|-weather|Sandstorm|[from] ability: Sand Stream|[of] p2a: Hippowdon\n|turn|3\n|inactive|Apex Vanquisher has 30 seconds left.\n|\n|t:|1776596799\n|move|p1a: Gardevoir|Hyper Voice|p2a: Hippowdon\n|-damage|p2a: Hippowdon|44/100\n|move|p2a: Hippowdon|Yawn|p1a: Gardevoir\n|-start|p1a: Gardevoir|move: Yawn|[of] p2a: Hippowdon\n|\n|-weather|Sandstorm|[upkeep]\n|-damage|p1a: Gardevoir|32/100|[from] Sandstorm\n|upkeep\n|turn|4\n|\n|t:|1776596808\n|move|p1a: Gardevoir|Hyper Voice|p2a: Hippowdon\n|-damage|p2a: Hippowdon|0 fnt\n|faint|p2a: Hippowdon\n|\n|-weather|Sandstorm|[upkeep]\n|-damage|p1a: Gardevoir|26/100|[from] Sandstorm\n|-end|p1a: Gardevoir|move: Yawn|[silent]\n|-status|p1a: Gardevoir|slp\n|upkeep\n|\n|t:|1776596810\n|switch|p2a: Venusaur|Venusaur, L50, F|100/100\n|turn|5\n|\n|t:|1776596824\n|detailschange|p2a: Venusaur|Venusaur-Mega, L50, F\n|-mega|p2a: Venusaur|Venusaur|Venusaurite\n|cant|p1a: Gardevoir|slp\n|move|p2a: Venusaur|Sludge Wave|p1a: Gardevoir\n|-supereffective|p1a: Gardevoir|1\n|-crit|p1a: Gardevoir\n|-damage|p1a: Gardevoir|0 fnt\n|faint|p1a: Gardevoir\n|\n|-weather|Sandstorm|[upkeep]\n|-damage|p2a: Venusaur|95/100|[from] Sandstorm\n|upkeep\n|\n|t:|1776596837\n|switch|p1a: Hydrapple|Hydrapple, L50, F, shiny|100/100\n|turn|6\n|\n|t:|1776596842\n|move|p2a: Venusaur|Sludge Wave|p1a: Hydrapple\n|-supereffective|p1a: Hydrapple|1\n|-damage|p1a: Hydrapple|37/100\n|move|p1a: Hydrapple|Fickle Beam|p2a: Venusaur\n|-damage|p2a: Venusaur|72/100\n|\n|-weather|Sandstorm|[upkeep]\n|-damage|p2a: Venusaur|66/100|[from] Sandstorm\n|-damage|p1a: Hydrapple|31/100|[from] Sandstorm\n|-heal|p1a: Hydrapple|37/100|[from] item: Leftovers\n|upkeep\n|turn|7\n|\n|t:|1776596853\n|move|p2a: Venusaur|Sludge Wave|p1a: Hydrapple\n|-supereffective|p1a: Hydrapple|1\n|-damage|p1a: Hydrapple|0 fnt\n|faint|p1a: Hydrapple\n|\n|win|adfsdfsdfsdaf\n|raw|Apex Vanquisher's rating: 1040 &rarr; <strong>1028</strong><br />(-12 for losing)\n|raw|adfsdfsdfsdaf's rating: 1119 &rarr; <strong>1138</strong><br />(+19 for winning)\n|l|\u2606adfsdfsdfsdaf\n|player|p2|\n",
  "uploadtime": 1776596861,
  "views": 5,
  "formatid": "gen9championsbssregma",
  "rating": 1028,
  "private": 0,
  "password": null
}