{
  "id": "gen9championsbssregma-2583171336",
  "format": "[Gen 9 Champions] BSS Reg M-A",
  "players": [
    "DeaRubbish",
    "alt18"
  ],
  "log": "|j|\u2606DeaRubbish\n|j|\u2606alt18\n|t:|1776150678\n|gametype|singles\n|player|p1|DeaRubbish|2|1224\n|player|p2|alt18|169|1267\n|gen|9\n|tier|[Gen 9 Champions] BSS Reg M-A\n|rated|\n|rule|Species Clause: Limit one of each Pok\u00e9mon\n|rule|Item Clause: Limit 1 of each item\n|clearpoke\n|poke|p1|Garchomp, L50, F|\n|poke|p1|Charizard, L50, F|\n|poke|p1|Gengar, L50, F|\n|poke|p1|Corviknight, L50, F|\n|poke|p1|Umbreon, L50, M|\n|poke|p1|Primarina, L50, F|\n|poke|p2|Froslass, L50, F|\n|poke|p2|Glimmora, L50, M|\n|poke|p2|Garganacl, L50, M|\n|poke|p2|Blastoise, L50, M|\n|poke|p2|Meowscarada, L50, F|\n|poke|p2|Skarmory, L50, M|\n|teampreview|3\n|inactive|Battle timer is ON: inactive players will automatically lose when time's up. (requested by alt18)\n|j| p74\n|inactive|DeaRubbish has 60 seconds left.\n|\n|t:|1776150725\n|teamsize|p1|3\n|teamsize|p2|3\n|start\n|switch|p1a: Primarina|Primarina, L50, F|100/100\n|switch|p2a: Glimmora|Glimmora, L50, M|100/100\n|turn|1\n|\n|t:|1776150737\n|move|p2a: Glimmora|Sludge Bomb|p1a: Primarina\n|-supereffective|p1a: Primarina|1\n|-crit|p1a: Primarina\n|-damage|p1a: Primarina|0 fnt\n|faint|p1a: Primarina\n|\n|upkeep\n|\n|t:|1776150743\n|switch|p1a: Gengar|Gengar, L50, F|100/100\n|turn|2\n|\n|t:|1776150759\n|detailschange|p1a: Gengar|Gengar-Mega, L50, F\n|-mega|p1a: Gengar|Gengar|Gengarite\n|move|p1a: Gengar|Shadow Ball|p2a: Glimmora\n|-damage|p2a: Glimmora|39/100\n|move|p2a: Glimmora|Stealth Rock|p1a: Gengar\n|-sidestart|p1: DeaRubbish|move: Stealth Rock\n|\n|upkeep\n|turn|3\n|\n|t:|1776150766\n|move|p1a: Gengar|Shadow Ball|p2a: Glimmora\n|-damage|p2a: Glimmora|0 fnt\n|faint|p2a: Glimmora\n|\n|upkeep\n|\n|t:|1776150769\n|switch|p2a: Garganacl|Garganacl, L50, M|100/100\n|turn|4\n|\n|t:|1776150775\n|move|p1a: Gengar|Substitute|p1a: Gengar\n|-start|p1a: Gengar|Substitute\n|-damage|p1a: Gengar|76/100\n|move|p2a: Garganacl|Iron Defense|p2a: Garganacl\n|-boost|p2a: Garganacl|def|2\n|\n|upkeep\n|turn|5\n|\n|t:|1776150782\n|move|p1a: Gengar|Sludge Wave|p2a: Garganacl\n|-resisted|p2a: Garganacl|1\n|-damage|p2a: Garganacl|84/100\n|move|p2a: Garganacl|Salt Cure|p1a: Gengar\n|-activate|p1a: Gengar|move: Substitute|[damage]\n|\n|-heal|p2a: Garganacl|89/100|[from] item: Leftovers\n|upkeep\n|turn|6\n|\n|t:|1776150790\n|move|p1a: Gengar|Sludge Wave|p2a: Garganacl\n|-resisted|p2a: Garganacl|1\n|-damage|p2a: Garganacl|72/100\n|move|p2a: Garganacl|Salt Cure|p1a: Gengar\n|-end|p1a: Gengar|Substitute\n|\n|-heal|p2a: Garganacl|78/100|[from] item: Leftovers\n|upkeep\n|turn|7\n|\n|t:|1776150801\n|move|p1a: Gengar|Substitute|p1a: Gengar\n|-start|p1a: Gengar|Substitute\n|-damage|p1a: Gengar|51/100\n|move|p2a: Garganacl|Salt Cure|p1a: Gengar\n|-activate|p1a: Gengar|move: Substitute|[damage]\n|\n|-heal|p2a: Garganacl|84/100|[from] item: Leftovers\n|upkeep\n|turn|8\n|inactive|DeaRubbish has 30 seconds left.\n|-message|DeaRubbish forfeited.\n|\n|win|alt18\n|raw|DeaRubbish's rating: 1224 &rarr; <strong>1204</strong><br />(-20 for losing)\n|raw|alt18's rating: 1297 &rarr; <strong>1317</strong><br />(+20 for winning)\n|l|\u2606DeaRubbish\n|player|p1|\n|l|\u2606alt18\n|player|p2|\n",
  "uploadtime": 1776150836,
  "views": 62,
  "formatid": "gen9championsbssregma",
  "rating": 1204,
  "private": 0,
  "password": null
}