{
  "id": "gen9championsbssregma-2581892308",
  "format": "[Gen 9 Champions] BSS Reg M-A",
  "players": [
    "grampaoapervw",
    "Mikeflem12326171"
  ],
  "log": "|j|\u2606grampaoapervw\n|j|\u2606Mikeflem12326171\n|t:|1776037308\n|gametype|singles\n|player|p1|grampaoapervw|102|1076\n|player|p2|Mikeflem12326171|colress|1176\n|gen|9\n|tier|[Gen 9 Champions] BSS Reg M-A\n|rated|\n|rule|Species Clause: Limit one of each Pok\u00e9mon\n|rule|Item Clause: Limit 1 of each item\n|clearpoke\n|poke|p1|Primarina, L50, F|\n|poke|p1|Espeon, L50, F|\n|poke|p1|Corviknight, L50, F|\n|poke|p1|Slowking-Galar, L50, F|\n|poke|p1|Kingambit, L50, F|\n|poke|p1|Lopunny, L50, F|\n|poke|p2|Pelipper, L50, M|\n|poke|p2|Greninja-*, L50, M|\n|poke|p2|Basculegion, L50, M|\n|poke|p2|Rotom-Wash, L50|\n|poke|p2|Clefable, L50, F|\n|poke|p2|Lopunny, L50, F|\n|teampreview|3\n|inactive|Battle timer is ON: inactive players will automatically lose when time's up. (requested by grampaoapervw)\n|\n|t:|1776037366\n|teamsize|p1|3\n|teamsize|p2|3\n|start\n|switch|p1a: Lopunny|Lopunny, L50, F|100/100\n|switch|p2a: Pelipper|Pelipper, L50, M|100/100\n|-weather|RainDance|[from] ability: Drizzle|[of] p2a: Pelipper\n|turn|1\n|\n|t:|1776037374\n|detailschange|p1a: Lopunny|Lopunny-Mega, L50, F\n|-mega|p1a: Lopunny|Lopunny|Lopunnite\n|move|p1a: Lopunny|Fake Out|p2a: Pelipper\n|-damage|p2a: Pelipper|72/100\n|cant|p2a: Pelipper|flinch\n|\n|-weather|RainDance|[upkeep]\n|upkeep\n|turn|2\n|\n|t:|1776037382\n|move|p1a: Lopunny|U-turn|p2a: Pelipper\n|-resisted|p2a: Pelipper|1\n|-damage|p2a: Pelipper|54/100\n|\n|t:|1776037384\n|switch|p1a: Slowking|Slowking-Galar, L50, F|100/100|[from] U-turn\n|move|p2a: Pelipper|Hurricane|p1a: Slowking\n|-damage|p1a: Slowking|71/100\n|\n|-weather|RainDance|[upkeep]\n|upkeep\n|turn|3\n|\n|t:|1776037391\n|move|p2a: Pelipper|Surf|p1a: Slowking\n|-damage|p1a: Slowking|38/100\n|-enditem|p1a: Slowking|Sitrus Berry|[eat]\n|-heal|p1a: Slowking|62/100|[from] item: Sitrus Berry\n|-prepare|p1a: Slowking|Chilly Reception|[premajor]\n|move|p1a: Slowking|Chilly Reception|p1a: Slowking\n|-weather|Snowscape\n|\n|t:|1776037396\n|switch|p1a: Lopunny|Lopunny-Mega, L50, F|100/100|[from] Chilly Reception\n|\n|-weather|Snowscape|[upkeep]\n|upkeep\n|turn|4\n|\n|t:|1776037405\n|move|p1a: Lopunny|Fake Out|p2a: Pelipper\n|-damage|p2a: Pelipper|22/100\n|cant|p2a: Pelipper|flinch\n|\n|-weather|Snowscape|[upkeep]\n|upkeep\n|turn|5\n|\n|t:|1776037410\n|move|p1a: Lopunny|Triple Axel|p2a: Pelipper|[miss]\n|-miss|p1a: Lopunny|p2a: Pelipper\n|move|p2a: Pelipper|Ice Beam|p1a: Lopunny\n|-damage|p1a: Lopunny|64/100\n|\n|-weather|Snowscape|[upkeep]\n|upkeep\n|turn|6\n|\n|t:|1776037413\n|move|p1a: Lopunny|Triple Axel|p2a: Pelipper\n|-damage|p2a: Pelipper|12/100\n|-damage|p2a: Pelipper|0 fnt\n|faint|p2a: Pelipper\n|-hitcount|p2: Pelipper|2\n|\n|-weather|Snowscape|[upkeep]\n|upkeep\n|\n|t:|1776037416\n|switch|p2a: Lopunny|Lopunny, L50, F, shiny|100/100\n|turn|7\n|\n|t:|1776037422\n|switch|p1a: Espeon|Espeon, L50, F, shiny|100/100\n|detailschange|p2a: Lopunny|Lopunny-Mega, L50, F, shiny\n|-mega|p2a: Lopunny|Lopunny|Lopunnite\n|move|p2a: Lopunny|Fake Out|p1a: Espeon\n|-damage|p1a: Espeon|65/100\n|\n|-weather|none\n|upkeep\n|turn|8\n|\n|t:|1776037426\n|move|p1a: Espeon|Psychic|p2a: Lopunny\n|-supereffective|p2a: Lopunny|1\n|-damage|p2a: Lopunny|0 fnt\n|faint|p2a: Lopunny\n|\n|upkeep\n|\n|t:|1776037428\n|switch|p2a: Clefable|Clefable, L50, F|100/100\n|turn|9\n|\n|t:|1776037434\n|move|p1a: Espeon|Psychic|p2a: Clefable\n|-damage|p2a: Clefable|64/100\n|move|p2a: Clefable|Cosmic Power|p2a: Clefable\n|-boost|p2a: Clefable|def|1\n|-boost|p2a: Clefable|spd|1\n|\n|-heal|p2a: Clefable|70/100|[from] item: Leftovers\n|upkeep\n|turn|10\n|\n|t:|1776037440\n|switch|p1a: Lopunny|Lopunny-Mega, L50, F|64/100\n|move|p2a: Clefable|Cosmic Power|p2a: Clefable\n|-boost|p2a: Clefable|def|1\n|-boost|p2a: Clefable|spd|1\n|\n|-heal|p2a: Clefable|76/100|[from] item: Leftovers\n|upkeep\n|turn|11\n|\n|t:|1776037444\n|move|p1a: Lopunny|Fake Out|p2a: Clefable\n|-damage|p2a: Clefable|62/100\n|cant|p2a: Clefable|flinch\n|\n|-heal|p2a: Clefable|68/100|[from] item: Leftovers\n|upkeep\n|turn|12\n|\n|t:|1776037456\n|move|p1a: Lopunny|U-turn|p2a: Clefable\n|-resisted|p2a: Clefable|1\n|-damage|p2a: Clefable|62/100\n|\n|t:|1776037458\n|switch|p1a: Slowking|Slowking-Galar, L50, F|96/100|[from] U-turn\n|move|p2a: Clefable|Cosmic Power|p2a: Clefable\n|-boost|p2a: Clefable|def|1\n|-boost|p2a: Clefable|spd|1\n|\n|-heal|p2a: Clefable|68/100|[from] item: Leftovers\n|upkeep\n|turn|13\n|\n|t:|1776037463\n|move|p2a: Clefable|Cosmic Power|p2a: Clefable\n|-boost|p2a: Clefable|def|1\n|-boost|p2a: Clefable|spd|1\n|move|p1a: Slowking|Sludge Bomb|p2a: Clefable\n|-supereffective|p2a: Clefable|1\n|-damage|p2a: Clefable|52/100\n|\n|-heal|p2a: Clefable|58/100|[from] item: Leftovers\n|upkeep\n|turn|14\n|\n|t:|1776037467\n|move|p2a: Clefable|Cosmic Power|p2a: Clefable\n|-boost|p2a: Clefable|def|1\n|-boost|p2a: Clefable|spd|1\n|move|p1a: Slowking|Sludge Bomb|p2a: Clefable\n|-supereffective|p2a: Clefable|1\n|-damage|p2a: Clefable|45/100\n|\n|-heal|p2a: Clefable|51/100|[from] item: Leftovers\n|upkeep\n|turn|15\n|\n|t:|1776037471\n|move|p2a: Clefable|Cosmic Power|p2a: Clefable\n|-boost|p2a: Clefable|def|1\n|-boost|p2a: Clefable|spd|1\n|move|p1a: Slowking|Sludge Bomb|p2a: Clefable\n|-supereffective|p2a: Clefable|1\n|-damage|p2a: Clefable|38/100\n|\n|-heal|p2a: Clefable|44/100|[from] item: Leftovers\n|upkeep\n|turn|16\n|\n|t:|1776037474\n|switch|p1a: Espeon|Espeon, L50, F, shiny|65/100\n|move|p2a: Clefable|Moonlight|p2a: Clefable\n|-heal|p2a: Clefable|94/100\n|\n|-heal|p2a: Clefable|99/100|[from] item: Leftovers\n|upkeep\n|turn|17\n|\n|t:|1776037481\n|move|p1a: Espeon|Trick|p2a: Clefable\n|-activate|p1a: Espeon|move: Trick|[of] p2a: Clefable\n|-item|p2a: Clefable|Choice Scarf|[from] move: Trick\n|-item|p1a: Espeon|Leftovers|[from] move: Trick\n|move|p2a: Clefable|Stored Power|p1a: Espeon\n|-resisted|p1a: Espeon|1\n|-damage|p1a: Espeon|30/100\n|\n|-heal|p1a: Espeon|36/100|[from] item: Leftovers\n|upkeep\n|turn|18\n|c|\u2606Mikeflem12326171|genius\n|c|\u2606Mikeflem12326171|thanks bro\n|\n|t:|1776037497\n|move|p1a: Espeon|Alluring Voice|p2a: Clefable\n|-damage|p2a: Clefable|94/100\n|move|p2a: Clefable|Stored Power|p1a: Espeon\n|-resisted|p1a: Espeon|1\n|-damage|p1a: Espeon|4/100\n|\n|-heal|p1a: Espeon|10/100|[from] item: Leftovers\n|upkeep\n|turn|19\n|\n|t:|1776037504\n|move|p1a: Espeon|Psychic|p2a: Clefable\n|-damage|p2a: Clefable|85/100\n|move|p2a: Clefable|Stored Power|p1a: Espeon\n|-resisted|p1a: Espeon|1\n|-crit|p1a: Espeon\n|-damage|p1a: Espeon|0 fnt\n|faint|p1a: Espeon\n|\n|upkeep\n|\n|t:|1776037508\n|switch|p1a: Lopunny|Lopunny-Mega, L50, F|64/100\n|turn|20\n|\n|t:|1776037510\n|move|p1a: Lopunny|Fake Out|p2a: Clefable\n|-damage|p2a: Clefable|79/100\n|cant|p2a: Clefable|flinch\n|\n|upkeep\n|turn|21\n|\n|t:|1776037517\n|move|p1a: Lopunny|Close Combat|p2a: Clefable\n|-resisted|p2a: Clefable|1\n|-damage|p2a: Clefable|70/100\n|-unboost|p1a: Lopunny|def|1\n|-unboost|p1a: Lopunny|spd|1\n|move|p2a: Clefable|Stored Power|p1a: Lopunny\n|-supereffective|p1a: Lopunny|1\n|-damage|p1a: Lopunny|0 fnt\n|faint|p1a: Lopunny\n|\n|upkeep\n|\n|t:|1776037519\n|switch|p1a: Slowking|Slowking-Galar, L50, F|100/100\n|turn|22\n|\n|t:|1776037521\n|move|p2a: Clefable|Stored Power|p1a: Slowking\n|-damage|p1a: Slowking|65/100\n|move|p1a: Slowking|Sludge Bomb|p2a: Clefable\n|-supereffective|p2a: Clefable|1\n|-damage|p2a: Clefable|57/100\n|\n|upkeep\n|turn|23\n|\n|t:|1776037524\n|move|p2a: Clefable|Stored Power|p1a: Slowking\n|-damage|p1a: Slowking|31/100\n|move|p1a: Slowking|Sludge Bomb|p2a: Clefable\n|-supereffective|p2a: Clefable|1\n|-damage|p2a: Clefable|45/100\n|\n|upkeep\n|turn|24\n|\n|t:|1776037529\n|move|p2a: Clefable|Stored Power|p1a: Slowking\n|-damage|p1a: Slowking|0 fnt\n|faint|p1a: Slowking\n|\n|win|Mikeflem12326171\n|raw|grampaoapervw's rating: 1076 &rarr; <strong>1061</strong><br />(-15 for losing)\n|raw|Mikeflem12326171's rating: 1176 &rarr; <strong>1194</strong><br />(+18 for winning)\n|l|\u2606grampaoapervw\n|player|p1|\n",
  "uploadtime": 1776037535,
  "views": 4,
  "formatid": "gen9championsbssregma",
  "rating": 1061,
  "private": 0,
  "password": null
}