{
  "id": "gen9championsbssregma-2582859334",
  "format": "[Gen 9 Champions] BSS Reg M-A",
  "players": [
    "Mitarashi",
    "Mikeflem12326171"
  ],
  "log": "|j|\u2606Mitarashi\n|j|\u2606Mikeflem12326171\n|t:|1776119763\n|gametype|singles\n|player|p1|Mitarashi|169|1240\n|player|p2|Mikeflem12326171|colress|1252\n|gen|9\n|tier|[Gen 9 Champions] BSS Reg M-A\n|rated|\n|rule|Species Clause: Limit one of each Pok\u00e9mon\n|rule|Item Clause: Limit 1 of each item\n|clearpoke\n|poke|p1|Garchomp, L50, F|\n|poke|p1|Delphox, L50, F|\n|poke|p1|Meganium, L50, F|\n|poke|p1|Primarina, L50, F|\n|poke|p1|Archaludon, L50, M|\n|poke|p1|Meowscarada, L50, M|\n|poke|p2|Pelipper, L50, F|\n|poke|p2|Greninja-*, L50, M|\n|poke|p2|Basculegion, L50, M|\n|poke|p2|Rotom-Wash, L50|\n|poke|p2|Clefable, L50, F|\n|poke|p2|Lopunny, L50, F|\n|teampreview|3\n|\n|t:|1776119811\n|teamsize|p1|3\n|teamsize|p2|3\n|start\n|switch|p1a: Meowscarada|Meowscarada, L50, M|100/100\n|switch|p2a: Pelipper|Pelipper, L50, F|100/100\n|-weather|RainDance|[from] ability: Drizzle|[of] p2a: Pelipper\n|turn|1\n|inactive|Battle timer is ON: inactive players will automatically lose when time's up. (requested by Mitarashi)\n|\n|t:|1776119828\n|move|p1a: Meowscarada|Knock Off|p2a: Pelipper\n|-start|p1a: Meowscarada|typechange|Dark|[from] ability: Protean\n|-damage|p2a: Pelipper|40/100\n|-enditem|p2a: Pelipper|Focus Sash|[from] move: Knock Off|[of] p1a: Meowscarada\n|move|p2a: Pelipper|Hurricane|p1a: Meowscarada\n|-damage|p1a: Meowscarada|16/100\n|-start|p1a: Meowscarada|confusion\n|\n|-weather|RainDance|[upkeep]\n|upkeep\n|turn|2\n|\n|t:|1776119840\n|-activate|p1a: Meowscarada|confusion\n|move|p1a: Meowscarada|Knock Off|p2a: Pelipper\n|-damage|p2a: Pelipper|0 fnt\n|faint|p2a: Pelipper\n|\n|-weather|RainDance|[upkeep]\n|upkeep\n|\n|t:|1776119844\n|switch|p2a: Greninja|Greninja, L50, M|100/100\n|turn|3\n|\n|t:|1776119865\n|switch|p1a: Archaludon|Archaludon, L50, M|100/100\n|detailschange|p2a: Greninja|Greninja-Mega, L50, M\n|-mega|p2a: Greninja|Greninja|Greninjite\n|move|p2a: Greninja|Dark Pulse|p1a: Archaludon\n|-start|p2a: Greninja|typechange|Dark|[from] ability: Protean\n|-damage|p1a: Archaludon|41/100\n|-ability|p1a: Archaludon|Stamina|boost\n|-boost|p1a: Archaludon|def|1\n|\n|-weather|RainDance|[upkeep]\n|upkeep\n|turn|4\n|\n|t:|1776119882\n|move|p2a: Greninja|Dark Pulse|p1a: Archaludon\n|-damage|p1a: Archaludon|0 fnt\n|faint|p1a: Archaludon\n|\n|-weather|RainDance|[upkeep]\n|upkeep\n|\n|t:|1776119889\n|switch|p1a: Meowscarada|Meowscarada, L50, M|16/100\n|turn|5\n|\n|t:|1776119894\n|move|p1a: Meowscarada|U-turn|p2a: Greninja\n|-start|p1a: Meowscarada|typechange|Bug|[from] ability: Protean\n|-supereffective|p2a: Greninja|1\n|-damage|p2a: Greninja|1/100\n|\n|t:|1776119899\n|switch|p1a: Delphox|Delphox, L50, F|100/100|[from] U-turn\n|move|p2a: Greninja|Dark Pulse|p1a: Delphox\n|-supereffective|p1a: Delphox|1\n|-damage|p1a: Delphox|2/100\n|\n|-weather|none\n|upkeep\n|turn|6\n|\n|t:|1776119910\n|move|p2a: Greninja|Dark Pulse|p1a: Delphox\n|-supereffective|p1a: Delphox|1\n|-damage|p1a: Delphox|0 fnt\n|faint|p1a: Delphox\n|\n|upkeep\n|\n|t:|1776119915\n|switch|p1a: Meowscarada|Meowscarada, L50, M|16/100\n|turn|7\n|\n|t:|1776119919\n|move|p1a: Meowscarada|Flower Trick|p2a: Greninja\n|-start|p1a: Meowscarada|typechange|Grass|[from] ability: Protean\n|-crit|p2a: Greninja\n|-damage|p2a: Greninja|0 fnt\n|faint|p2a: Greninja\n|\n|upkeep\n|\n|t:|1776119921\n|switch|p2a: Basculegion|Basculegion, L50, M|100/100\n|turn|8\n|\n|t:|1776119929\n|move|p2a: Basculegion|Aqua Jet|p1a: Meowscarada\n|-resisted|p1a: Meowscarada|1\n|-damage|p1a: Meowscarada|0 fnt\n|faint|p1a: Meowscarada\n|\n|win|Mikeflem12326171\n|raw|Mitarashi's rating: 1240 &rarr; <strong>1216</strong><br />(-24 for losing)\n|raw|Mikeflem12326171's rating: 1252 &rarr; <strong>1276</strong><br />(+24 for winning)\n|l|\u2606Mitarashi\n|player|p1|\n",
  "uploadtime": 1776119940,
  "views": 2,
  "formatid": "gen9championsbssregma",
  "rating": 1216,
  "private": 0,
  "password": null
}