{
  "id": "gen9championsbssregma-2582139099",
  "format": "[Gen 9 Champions] BSS Reg M-A",
  "players": [
    "genba64",
    "S0fiane"
  ],
  "log": "|j|\u2606genba64\n|j|\u2606S0fiane\n|t:|1776063028\n|gametype|singles\n|player|p1|genba64|266|1255\n|player|p2|S0fiane|boarder|1331\n|gen|9\n|tier|[Gen 9 Champions] BSS Reg M-A\n|rated|\n|rule|Species Clause: Limit one of each Pok\u00e9mon\n|rule|Item Clause: Limit 1 of each item\n|clearpoke\n|poke|p1|Hippowdon, L50, F|\n|poke|p1|Hydreigon, L50, F|\n|poke|p1|Scizor, L50, F|\n|poke|p1|Archaludon, L50, F|\n|poke|p1|Garchomp, L50, F|\n|poke|p1|Greninja-*, L50, F|\n|poke|p2|Scizor, L50, M|\n|poke|p2|Lopunny, L50, F|\n|poke|p2|Archaludon, L50, F|\n|poke|p2|Dragapult, L50, M|\n|poke|p2|Greninja-*, L50, F|\n|poke|p2|Zoroark-Hisui, L50, F|\n|teampreview|3\n|inactive|Battle timer is ON: inactive players will automatically lose when time's up. (requested by S0fiane)\n|inactive|genba64 has 60 seconds left.\n|inactive|S0fiane has 60 seconds left.\n|inactive|S0fiane has 30 seconds left.\n|inactive|S0fiane has 20 seconds left.\n|inactive|S0fiane has 15 seconds left.\n|inactive|S0fiane has 10 seconds left.\n|inactive|S0fiane has 5 seconds left.\n|\n|t:|1776063119\n|teamsize|p1|3\n|teamsize|p2|3\n|start\n|switch|p1a: Hippowdon|Hippowdon, L50, F|100/100\n|switch|p2a: Scizor|Scizor, L50, M|100/100\n|-weather|Sandstorm|[from] ability: Sand Stream|[of] p1a: Hippowdon\n|turn|1\n|inactive|genba64 has 30 seconds left.\n|inactive|S0fiane has 30 seconds left.\n|inactive|S0fiane has 20 seconds left.\n|inactive|S0fiane has 15 seconds left.\n|inactive|S0fiane has 10 seconds left.\n|inactive|S0fiane has 5 seconds left.\n|\n|t:|1776063174\n|move|p2a: Scizor|Swords Dance|p2a: Scizor\n|-boost|p2a: Scizor|atk|2\n|move|p1a: Hippowdon|Stealth Rock|p2a: Scizor\n|-sidestart|p2: S0fiane|move: Stealth Rock\n|\n|-weather|Sandstorm|[upkeep]\n|upkeep\n|turn|2\n|j| p74\n|inactive|S0fiane has 30 seconds left.\n|\n|t:|1776063207\n|switch|p2a: Archaludon|Archaludon, L50, F|100/100\n|-damage|p2a: Archaludon|94/100|[from] Stealth Rock\n|move|p1a: Hippowdon|Yawn|p2a: Archaludon\n|-start|p2a: Archaludon|move: Yawn|[of] p1a: Hippowdon\n|\n|-weather|Sandstorm|[upkeep]\n|upkeep\n|turn|3\n|\n|t:|1776063216\n|move|p2a: Archaludon|Draco Meteor|p1a: Hippowdon\n|-damage|p1a: Hippowdon|50/100\n|-unboost|p2a: Archaludon|spa|2\n|-enditem|p1a: Hippowdon|Sitrus Berry|[eat]\n|-heal|p1a: Hippowdon|75/100|[from] item: Sitrus Berry\n|-enditem|p2a: Archaludon|White Herb\n|-clearnegativeboost|p2a: Archaludon|[silent]\n|move|p1a: Hippowdon|Earthquake|p2a: Archaludon\n|-supereffective|p2a: Archaludon|1\n|-damage|p2a: Archaludon|31/100\n|\n|-weather|Sandstorm|[upkeep]\n|-end|p2a: Archaludon|move: Yawn|[silent]\n|-status|p2a: Archaludon|slp\n|upkeep\n|turn|4\n|\n|t:|1776063232\n|cant|p2a: Archaludon|slp\n|move|p1a: Hippowdon|Earthquake|p2a: Archaludon\n|-supereffective|p2a: Archaludon|1\n|-damage|p2a: Archaludon|0 fnt\n|faint|p2a: Archaludon\n|\n|-weather|Sandstorm|[upkeep]\n|upkeep\n|\n|t:|1776063237\n|switch|p2a: Lopunny|Lopunny, L50, F|100/100\n|-damage|p2a: Lopunny|88/100|[from] Stealth Rock\n|turn|5\n|\n|t:|1776063244\n|detailschange|p2a: Lopunny|Lopunny-Mega, L50, F\n|-mega|p2a: Lopunny|Lopunny|Lopunnite\n|move|p2a: Lopunny|Fake Out|p1a: Hippowdon\n|-damage|p1a: Hippowdon|59/100\n|cant|p1a: Hippowdon|flinch\n|\n|-weather|none\n|upkeep\n|turn|6\n|\n|t:|1776063251\n|move|p2a: Lopunny|Triple Axel|p1a: Hippowdon\n|-supereffective|p1a: Hippowdon|1\n|-damage|p1a: Hippowdon|48/100\n|-supereffective|p1a: Hippowdon|1\n|-damage|p1a: Hippowdon|27/100\n|-supereffective|p1a: Hippowdon|1\n|-damage|p1a: Hippowdon|0 fnt\n|faint|p1a: Hippowdon\n|-hitcount|p1: Hippowdon|3\n|\n|upkeep\n|j| alejandrobm\n|\n|t:|1776063259\n|switch|p1a: Scizor|Scizor, L50, F|100/100\n|turn|7\n|\n|t:|1776063263\n|switch|p2a: Scizor|Scizor, L50, M|100/100\n|-damage|p2a: Scizor|88/100|[from] Stealth Rock\n|detailschange|p1a: Scizor|Scizor-Mega, L50, F\n|-mega|p1a: Scizor|Scizor|Scizorite\n|move|p1a: Scizor|Swords Dance|p1a: Scizor\n|-boost|p1a: Scizor|atk|2\n|\n|upkeep\n|turn|8\n|\n|t:|1776063280\n|move|p1a: Scizor|Swords Dance|p1a: Scizor\n|-boost|p1a: Scizor|atk|2\n|move|p2a: Scizor|Roost|p2a: Scizor\n|-heal|p2a: Scizor|100/100\n|-singleturn|p2a: Scizor|move: Roost\n|\n|upkeep\n|turn|9\n|l| alejandrobm\n|\n|t:|1776063287\n|move|p1a: Scizor|Close Combat|p2a: Scizor\n|-damage|p2a: Scizor|0 fnt\n|-unboost|p1a: Scizor|def|1\n|-unboost|p1a: Scizor|spd|1\n|faint|p2a: Scizor\n|\n|upkeep\n|\n|t:|1776063289\n|switch|p2a: Lopunny|Lopunny-Mega, L50, F|88/100\n|-damage|p2a: Lopunny|83/100|[from] Stealth Rock\n|turn|10\n|\n|t:|1776063297\n|move|p2a: Lopunny|Fake Out|p1a: Scizor\n|-resisted|p1a: Scizor|1\n|-crit|p1a: Scizor\n|-damage|p1a: Scizor|84/100\n|cant|p1a: Scizor|flinch\n|\n|upkeep\n|turn|11\n|\n|t:|1776063302\n|move|p1a: Scizor|Bullet Punch|p2a: Lopunny\n|-damage|p2a: Lopunny|0 fnt\n|faint|p2a: Lopunny\n|\n|win|genba64\n|raw|genba64's rating: 1255 &rarr; <strong>1284</strong><br />(+29 for winning)\n|raw|S0fiane's rating: 1308 &rarr; <strong>1285</strong><br />(-23 for losing)\n|l|\u2606S0fiane\n|player|p2|\n|l|\u2606genba64\n|player|p1|\n",
  "uploadtime": 1776063316,
  "views": 6,
  "formatid": "gen9championsbssregma",
  "rating": 1284,
  "private": 0,
  "password": null
}