{
  "id": "gen9championsbssregma-2584602779",
  "format": "[Gen 9 Champions] BSS Reg M-A",
  "players": [
    "Trit1",
    "Lord Queefus"
  ],
  "log": "|j|\u2606Trit1\n|j|\u2606Lord Queefus\n|t:|1776271483\n|gametype|singles\n|player|p1|Trit1|kieran-champion|1000\n|player|p2|Lord Queefus|swimmer-gen4dp|1070\n|gen|9\n|tier|[Gen 9 Champions] BSS Reg M-A\n|rated|\n|rule|Species Clause: Limit one of each Pok\u00e9mon\n|rule|Item Clause: Limit 1 of each item\n|clearpoke\n|poke|p1|Salazzle, L50, F|\n|poke|p1|Archaludon, L50, M|\n|poke|p1|Hydreigon, L50, F|\n|poke|p1|Feraligatr, L50, M|\n|poke|p1|Sinistcha, L50|\n|poke|p1|Kingambit, L50, F|\n|poke|p2|Scizor, L50, M|\n|poke|p2|Clefable, L50, F|\n|poke|p2|Araquanid, L50, M|\n|poke|p2|Liepard, L50, M|\n|poke|p2|Froslass, L50, F|\n|poke|p2|Heracross, L50, M|\n|teampreview|3\n|inactive|Battle timer is ON: inactive players will automatically lose when time's up. (requested by Trit1)\n|inactive|Trit1 has 60 seconds left.\n|inactive|Lord Queefus has 60 seconds left.\n|\n|t:|1776271522\n|teamsize|p1|3\n|teamsize|p2|3\n|start\n|switch|p1a: Feraligatr|Feraligatr, L50, M|100/100\n|switch|p2a: Liepard|Liepard, L50, M|100/100\n|turn|1\n|\n|t:|1776271537\n|detailschange|p1a: Feraligatr|Feraligatr-Mega, L50, M\n|-mega|p1a: Feraligatr|Feraligatr|Feraligite\n|move|p2a: Liepard|Fake Out|p1a: Feraligatr\n|-damage|p1a: Feraligatr|90/100\n|cant|p1a: Feraligatr|flinch\n|\n|upkeep\n|turn|2\n|\n|t:|1776271547\n|move|p2a: Liepard|Yawn|p1a: Feraligatr\n|-start|p1a: Feraligatr|move: Yawn|[of] p2a: Liepard\n|move|p1a: Feraligatr|Dragon Dance|p1a: Feraligatr\n|-boost|p1a: Feraligatr|atk|1\n|-boost|p1a: Feraligatr|spe|1\n|\n|upkeep\n|turn|3\n|c|\u2606Trit1|I thought this format was doubles\n|\n|t:|1776271555\n|switch|p1a: Salazzle|Salazzle, L50, F|100/100\n|move|p2a: Liepard|Foul Play|p1a: Salazzle\n|-damage|p1a: Salazzle|67/100\n|\n|upkeep\n|turn|4\n|\n|t:|1776271564\n|move|p1a: Salazzle|Fake Out|p2a: Liepard\n|-damage|p2a: Liepard|86/100\n|cant|p2a: Liepard|flinch\n|\n|upkeep\n|turn|5\n|c|\u2606Trit1|I am mad now\n|\n|t:|1776271574\n|move|p1a: Salazzle|Will-O-Wisp|p2a: Liepard\n|-status|p2a: Liepard|brn\n|move|p2a: Liepard|Yawn|p1a: Salazzle\n|-start|p1a: Salazzle|move: Yawn|[of] p2a: Liepard\n|\n|-damage|p2a: Liepard|81/100 brn|[from] brn\n|upkeep\n|turn|6\n|\n|t:|1776271587\n|switch|p1a: Sinistcha|Sinistcha, L50|100/100\n|move|p2a: Liepard|Yawn|p1a: Sinistcha\n|-start|p1a: Sinistcha|move: Yawn|[of] p2a: Liepard\n|\n|-damage|p2a: Liepard|75/100 brn|[from] brn\n|upkeep\n|turn|7\n|\n|t:|1776271597\n|switch|p1a: Salazzle|Salazzle, L50, F|67/100\n|move|p2a: Liepard|U-turn|p1a: Salazzle\n|-resisted|p1a: Salazzle|2\n|-damage|p1a: Salazzle|64/100\n|\n|t:|1776271621\n|switch|p2a: Clefable|Clefable, L50, F|100/100|[from] U-turn\n|\n|upkeep\n|turn|8\n|\n|t:|1776271626\n|move|p1a: Salazzle|Fake Out|p2a: Clefable\n|-damage|p2a: Clefable|95/100\n|cant|p2a: Clefable|flinch\n|\n|upkeep\n|turn|9\n|\n|t:|1776271635\n|move|p1a: Salazzle|Toxic|p2a: Clefable\n|-status|p2a: Clefable|tox\n|move|p2a: Clefable|Calm Mind|p2a: Clefable\n|-boost|p2a: Clefable|spa|1\n|-boost|p2a: Clefable|spd|1\n|\n|upkeep\n|turn|10\n|\n|t:|1776271642\n|switch|p1a: Sinistcha|Sinistcha, L50|100/100\n|move|p2a: Clefable|Calm Mind|p2a: Clefable\n|-boost|p2a: Clefable|spa|1\n|-boost|p2a: Clefable|spd|1\n|\n|upkeep\n|turn|11\n|-message|Trit1 forfeited.\n|\n|win|Lord Queefus\n|raw|Trit1's rating: 1000 &rarr; <strong>1000</strong><br />(+0 for losing)\n|raw|Lord Queefus's rating: 1070 &rarr; <strong>1094</strong><br />(+24 for winning)\n|l|\u2606Trit1\n|player|p1|\n",
  "uploadtime": 1776271651,
  "views": 5,
  "formatid": "gen9championsbssregma",
  "rating": 1000,
  "private": 0,
  "password": null
}