{
  "id": "gen9championsbssregma-2583172594",
  "format": "[Gen 9 Champions] BSS Reg M-A",
  "players": [
    "Ghost223340",
    "gumio3842"
  ],
  "log": "|j|\u2606Ghost223340\n|j|\u2606gumio3842\n|t:|1776150833\n|gametype|singles\n|player|p1|Ghost223340|265|1091\n|player|p2|gumio3842|candice|1071\n|gen|9\n|tier|[Gen 9 Champions] BSS Reg M-A\n|rated|\n|rule|Species Clause: Limit one of each Pok\u00e9mon\n|rule|Item Clause: Limit 1 of each item\n|clearpoke\n|poke|p1|Ceruledge, L50, M|\n|poke|p1|Greninja-*, L50, M|\n|poke|p1|Corviknight, L50, M|\n|poke|p1|Appletun, L50, F|\n|poke|p1|Raichu-Alola, L50, F|\n|poke|p1|Toxapex, L50, F|\n|poke|p2|Archaludon, L50, F|\n|poke|p2|Aurorus, L50, F|\n|poke|p2|Ceruledge, L50, F|\n|poke|p2|Charizard, L50, M|\n|poke|p2|Tyranitar, L50, M|\n|poke|p2|Corviknight, L50, M|\n|teampreview|3\n|\n|t:|1776150851\n|teamsize|p1|3\n|teamsize|p2|3\n|start\n|switch|p1a: Ceruledge|Ceruledge, L50, M|100/100\n|switch|p2a: \ud30c\ub77c\ube14\ub808\uc774\uc988|Ceruledge, L50, F, shiny|100/100\n|turn|1\n|\n|t:|1776150859\n|move|p2a: \ud30c\ub77c\ube14\ub808\uc774\uc988|Shadow Sneak|p1a: Ceruledge\n|-supereffective|p1a: Ceruledge|1\n|-damage|p1a: Ceruledge|37/100\n|-ability|p1a: Ceruledge|Weak Armor|boost\n|-unboost|p1a: Ceruledge|def|1\n|-boost|p1a: Ceruledge|spe|2\n|move|p1a: Ceruledge|Shadow Claw|p2a: \ud30c\ub77c\ube14\ub808\uc774\uc988\n|-supereffective|p2a: \ud30c\ub77c\ube14\ub808\uc774\uc988|1\n|-damage|p2a: \ud30c\ub77c\ube14\ub808\uc774\uc988|2/100\n|-ability|p2a: \ud30c\ub77c\ube14\ub808\uc774\uc988|Weak Armor|boost\n|-unboost|p2a: \ud30c\ub77c\ube14\ub808\uc774\uc988|def|1\n|-boost|p2a: \ud30c\ub77c\ube14\ub808\uc774\uc988|spe|2\n|\n|upkeep\n|turn|2\n|\n|t:|1776150874\n|switch|p1a: Greninja|Greninja, L50, M, shiny|100/100\n|move|p2a: \ud30c\ub77c\ube14\ub808\uc774\uc988|Shadow Sneak|p1a: Greninja\n|-resisted|p1a: Greninja|1\n|-damage|p1a: Greninja|83/100\n|\n|upkeep\n|turn|3\n|\n|t:|1776150881\n|detailschange|p1a: Greninja|Greninja-Mega, L50, M, shiny\n|-mega|p1a: Greninja|Greninja|Greninjite\n|move|p2a: \ud30c\ub77c\ube14\ub808\uc774\uc988|Destiny Bond|p2a: \ud30c\ub77c\ube14\ub808\uc774\uc988\n|-singlemove|p2a: \ud30c\ub77c\ube14\ub808\uc774\uc988|Destiny Bond\n|move|p1a: Greninja|Hydro Pump|p2a: \ud30c\ub77c\ube14\ub808\uc774\uc988|[miss]\n|-start|p1a: Greninja|typechange|Water|[from] ability: Protean\n|-miss|p1a: Greninja|p2a: \ud30c\ub77c\ube14\ub808\uc774\uc988\n|\n|upkeep\n|turn|4\n|\n|t:|1776150892\n|move|p1a: Greninja|Protect|p1a: Greninja\n|-singleturn|p1a: Greninja|Protect\n|move|p2a: \ud30c\ub77c\ube14\ub808\uc774\uc988|Bitter Blade|p1a: Greninja\n|-activate|p1a: Greninja|move: Protect\n|\n|upkeep\n|turn|5\n|\n|t:|1776150901\n|move|p2a: \ud30c\ub77c\ube14\ub808\uc774\uc988|Destiny Bond|p2a: \ud30c\ub77c\ube14\ub808\uc774\uc988\n|-singlemove|p2a: \ud30c\ub77c\ube14\ub808\uc774\uc988|Destiny Bond\n|move|p1a: Greninja|Hydro Pump|p2a: \ud30c\ub77c\ube14\ub808\uc774\uc988|[miss]\n|-miss|p1a: Greninja|p2a: \ud30c\ub77c\ube14\ub808\uc774\uc988\n|\n|upkeep\n|turn|6\n|\n|t:|1776150908\n|move|p1a: Greninja|Protect|p1a: Greninja\n|-singleturn|p1a: Greninja|Protect\n|move|p2a: \ud30c\ub77c\ube14\ub808\uc774\uc988|Bitter Blade|p1a: Greninja\n|-activate|p1a: Greninja|move: Protect\n|\n|upkeep\n|turn|7\n|\n|t:|1776150915\n|move|p1a: Greninja|Protect||[still]\n|-fail|p1a: Greninja\n|move|p2a: \ud30c\ub77c\ube14\ub808\uc774\uc988|Destiny Bond|p2a: \ud30c\ub77c\ube14\ub808\uc774\uc988\n|-singlemove|p2a: \ud30c\ub77c\ube14\ub808\uc774\uc988|Destiny Bond\n|\n|upkeep\n|turn|8\n|\n|t:|1776150922\n|move|p2a: \ud30c\ub77c\ube14\ub808\uc774\uc988|Destiny Bond||[still]\n|-fail|p2a: \ud30c\ub77c\ube14\ub808\uc774\uc988\n|move|p1a: Greninja|Hydro Pump|p2a: \ud30c\ub77c\ube14\ub808\uc774\uc988\n|-supereffective|p2a: \ud30c\ub77c\ube14\ub808\uc774\uc988|1\n|-damage|p2a: \ud30c\ub77c\ube14\ub808\uc774\uc988|0 fnt\n|faint|p2a: \ud30c\ub77c\ube14\ub808\uc774\uc988\n|\n|upkeep\n|\n|t:|1776150935\n|switch|p2a: \ub9ac\uc790\ubabd|Charizard, L50, M, shiny|100/100\n|turn|9\n|\n|t:|1776150939\n|detailschange|p2a: \ub9ac\uc790\ubabd|Charizard-Mega-Y, L50, M, shiny\n|-mega|p2a: \ub9ac\uc790\ubabd|Charizard|Charizardite Y\n|-weather|SunnyDay|[from] ability: Drought|[of] p2a: \ub9ac\uc790\ubabd\n|move|p1a: Greninja|Hydro Pump|p2a: \ub9ac\uc790\ubabd|[miss]\n|-miss|p1a: Greninja|p2a: \ub9ac\uc790\ubabd\n|move|p2a: \ub9ac\uc790\ubabd|Solar Beam||[still]\n|-prepare|p2a: \ub9ac\uc790\ubabd|Solar Beam\n|-anim|p2a: \ub9ac\uc790\ubabd|Solar Beam|p1a: Greninja\n|-supereffective|p1a: Greninja|1\n|-damage|p1a: Greninja|0 fnt\n|faint|p1a: Greninja\n|\n|-weather|SunnyDay|[upkeep]\n|upkeep\n|\n|t:|1776150953\n|switch|p1a: Ceruledge|Ceruledge, L50, M|37/100\n|turn|10\n|\n|t:|1776150964\n|move|p2a: \ub9ac\uc790\ubabd|Air Slash|p1a: Ceruledge\n|-damage|p1a: Ceruledge|0 fnt\n|faint|p1a: Ceruledge\n|\n|-weather|SunnyDay|[upkeep]\n|upkeep\n|\n|t:|1776150973\n|switch|p1a: Appletun|Appletun, L50, F|100/100\n|turn|11\n|\n|t:|1776150979\n|move|p2a: \ub9ac\uc790\ubabd|Air Slash|p1a: Appletun\n|-supereffective|p1a: Appletun|1\n|-damage|p1a: Appletun|14/100\n|-enditem|p1a: Appletun|Sitrus Berry|[eat]\n|-heal|p1a: Appletun|39/100|[from] item: Sitrus Berry\n|move|p1a: Appletun|Draco Meteor|p2a: \ub9ac\uc790\ubabd\n|-damage|p2a: \ub9ac\uc790\ubabd|33/100\n|-unboost|p1a: Appletun|spa|2\n|\n|-weather|SunnyDay|[upkeep]\n|upkeep\n|turn|12\n|\n|t:|1776150990\n|move|p2a: \ub9ac\uc790\ubabd|Air Slash|p1a: Appletun\n|-supereffective|p1a: Appletun|1\n|-damage|p1a: Appletun|0 fnt\n|faint|p1a: Appletun\n|\n|win|gumio3842\n|raw|Ghost223340's rating: 1091 &rarr; <strong>1066</strong><br />(-25 for losing)\n|raw|gumio3842's rating: 1071 &rarr; <strong>1102</strong><br />(+31 for winning)\n|l|\u2606Ghost223340\n|player|p1|\n",
  "uploadtime": 1776151007,
  "views": 8,
  "formatid": "gen9championsbssregma",
  "rating": 1066,
  "private": 0,
  "password": null
}