{
  "id": "gen9championsbssregma-2584458033",
  "format": "[Gen 9 Champions] BSS Reg M-A",
  "players": [
    "joguri",
    "Condamnation"
  ],
  "log": "|j|\u2606joguri\n|j|\u2606Condamnation\n|t:|1776262237\n|gametype|singles\n|player|p1|joguri|lass-gen4dp|1296\n|player|p2|Condamnation|veteranf|1349\n|gen|9\n|tier|[Gen 9 Champions] BSS Reg M-A\n|rated|\n|rule|Species Clause: Limit one of each Pok\u00e9mon\n|rule|Item Clause: Limit 1 of each item\n|clearpoke\n|poke|p1|Pelipper, L50, M|\n|poke|p1|Basculegion, L50, M|\n|poke|p1|Archaludon, L50, M|\n|poke|p1|Meganium, L50, M|\n|poke|p1|Garchomp, L50, F|\n|poke|p1|Lucario, L50, F|\n|poke|p2|Kangaskhan, L50, F|\n|poke|p2|Garchomp, L50, F|\n|poke|p2|Gengar, L50, M|\n|poke|p2|Volcarona, L50, F|\n|poke|p2|Primarina, L50, M|\n|poke|p2|Corviknight, L50, M|\n|teampreview|3\n|j| 1123h\n|inactive|Battle timer is ON: inactive players will automatically lose when time's up. (requested by joguri)\n|inactive|Condamnation has 60 seconds left.\n|\n|t:|1776262299\n|teamsize|p1|3\n|teamsize|p2|3\n|start\n|switch|p1a: Pelipper|Pelipper, L50, M|100/100\n|switch|p2a: Primarina|Primarina, L50, M|100/100\n|-weather|RainDance|[from] ability: Drizzle|[of] p1a: Pelipper\n|turn|1\n|\n|t:|1776262310\n|move|p1a: Pelipper|Hurricane|p2a: Primarina\n|-damage|p2a: Primarina|39/100\n|move|p2a: Primarina|Moonblast|p1a: Pelipper\n|-enditem|p1a: Pelipper|Focus Sash\n|-damage|p1a: Pelipper|1/100\n|\n|-weather|RainDance|[upkeep]\n|upkeep\n|turn|2\n|\n|t:|1776262319\n|switch|p1a: Briduras|Archaludon, L50, M|100/100\n|move|p2a: Primarina|Aqua Jet|p1a: Briduras\n|-resisted|p1a: Briduras|1\n|-damage|p1a: Briduras|94/100\n|-ability|p1a: Briduras|Stamina|boost\n|-boost|p1a: Briduras|def|1\n|\n|-weather|RainDance|[upkeep]\n|upkeep\n|turn|3\n|\n|t:|1776262333\n|move|p2a: Primarina|Perish Song|p2a: Primarina\n|-start|p1a: Briduras|perish3|[silent]\n|-start|p2a: Primarina|perish3|[silent]\n|-fieldactivate|move: Perish Song\n|move|p1a: Briduras|Electro Shot||[still]\n|-prepare|p1a: Briduras|Electro Shot\n|-boost|p1a: Briduras|spa|1\n|-anim|p1a: Briduras|Electro Shot|p2a: Primarina\n|-supereffective|p2a: Primarina|1\n|-damage|p2a: Primarina|0 fnt\n|faint|p2a: Primarina\n|\n|-weather|RainDance|[upkeep]\n|-start|p1a: Briduras|perish3\n|upkeep\n|\n|t:|1776262339\n|switch|p2a: Gengar|Gengar, L50, M|100/100\n|turn|4\n|\n|t:|1776262345\n|switch|p1a: Pelipper|Pelipper, L50, M|1/100\n|detailschange|p2a: Gengar|Gengar-Mega, L50, M\n|-mega|p2a: Gengar|Gengar|Gengarite\n|move|p2a: Gengar|Protect||[still]\n|-fail|p2a: Gengar\n|\n|-weather|RainDance|[upkeep]\n|upkeep\n|turn|5\n|\n|t:|1776262356\n|switch|p2a: Corviknight|Corviknight, L50, M|100/100\n|move|p1a: Pelipper|Hurricane|p2a: Corviknight\n|-resisted|p2a: Corviknight|1\n|-damage|p2a: Corviknight|77/100\n|\n|-weather|none\n|upkeep\n|turn|6\n|\n|t:|1776262368\n|switch|p1a: Briduras|Archaludon, L50, M|94/100\n|move|p2a: Corviknight|U-turn|p1a: Briduras\n|-resisted|p1a: Briduras|1\n|-damage|p1a: Briduras|89/100\n|-ability|p1a: Briduras|Stamina|boost\n|-boost|p1a: Briduras|def|1\n|\n|t:|1776262371\n|switch|p2a: Gengar|Gengar-Mega, L50, M|100/100|[from] U-turn\n|\n|upkeep\n|turn|7\n|\n|t:|1776262387\n|move|p2a: Gengar|Perish Song|p2a: Gengar\n|-start|p1a: Briduras|perish3|[silent]\n|-start|p2a: Gengar|perish3|[silent]\n|-fieldactivate|move: Perish Song\n|move|p1a: Briduras|Flash Cannon|p2a: Gengar\n|-damage|p2a: Gengar|48/100\n|\n|-start|p2a: Gengar|perish3\n|-start|p1a: Briduras|perish3\n|upkeep\n|turn|8\n|\n|t:|1776262398\n|move|p2a: Gengar|Protect|p2a: Gengar\n|-singleturn|p2a: Gengar|Protect\n|move|p1a: Briduras|Draco Meteor|p2a: Gengar\n|-activate|p2a: Gengar|move: Protect\n|\n|-start|p2a: Gengar|perish2\n|-start|p1a: Briduras|perish2\n|upkeep\n|turn|9\n|\n|t:|1776262407\n|move|p2a: Gengar|Substitute|p2a: Gengar\n|-start|p2a: Gengar|Substitute\n|-damage|p2a: Gengar|24/100\n|move|p1a: Briduras|Draco Meteor|p2a: Gengar\n|-end|p2a: Gengar|Substitute\n|-unboost|p1a: Briduras|spa|2\n|\n|-start|p2a: Gengar|perish1\n|-start|p1a: Briduras|perish1\n|upkeep\n|turn|10\n|\n|t:|1776262420\n|switch|p2a: Corviknight|Corviknight, L50, M|77/100\n|move|p1a: Briduras|Draco Meteor|p2a: Corviknight\n|-resisted|p2a: Corviknight|1\n|-crit|p2a: Corviknight\n|-damage|p2a: Corviknight|23/100\n|-unboost|p1a: Briduras|spa|2\n|-enditem|p2a: Corviknight|Sitrus Berry|[eat]\n|-heal|p2a: Corviknight|48/100|[from] item: Sitrus Berry\n|\n|-start|p1a: Briduras|perish0\n|upkeep\n|faint|p1a: Briduras\n|\n|t:|1776262432\n|switch|p1a: Pelipper|Pelipper, L50, M|1/100\n|-weather|RainDance|[from] ability: Drizzle|[of] p1a: Pelipper\n|turn|11\n|\n|t:|1776262438\n|move|p1a: Pelipper|Ice Beam|p2a: Corviknight\n|-damage|p2a: Corviknight|21/100\n|move|p2a: Corviknight|Iron Head|p1a: Pelipper\n|-resisted|p1a: Pelipper|1\n|-damage|p1a: Pelipper|0 fnt\n|faint|p1a: Pelipper\n|\n|-weather|RainDance|[upkeep]\n|upkeep\n|\n|t:|1776262445\n|switch|p1a: Margikarp|Basculegion, L50, M|100/100\n|turn|12\n|\n|t:|1776262451\n|move|p1a: Margikarp|Last Respects|p2a: Corviknight\n|-damage|p2a: Corviknight|0 fnt\n|faint|p2a: Corviknight\n|\n|-weather|RainDance|[upkeep]\n|upkeep\n|\n|t:|1776262456\n|switch|p2a: Gengar|Gengar-Mega, L50, M|24/100\n|turn|13\n|\n|t:|1776262459\n|move|p1a: Margikarp|Aqua Jet|p2a: Gengar\n|-damage|p2a: Gengar|0 fnt\n|faint|p2a: Gengar\n|\n|win|joguri\n|raw|joguri's rating: 1296 &rarr; <strong>1325</strong><br />(+29 for winning)\n|raw|Condamnation's rating: 1349 &rarr; <strong>1326</strong><br />(-23 for losing)\n|l|\u2606Condamnation\n|player|p2|\n|l| 1123h\n",
  "uploadtime": 1776262476,
  "views": 4,
  "formatid": "gen9championsbssregma",
  "rating": 1325,
  "private": 0,
  "password": null
}