{
  "id": "gen9championsbssregma-2581153321",
  "format": "[Gen 9 Champions] BSS Reg M-A",
  "players": [
    "Mikeflem12326171",
    "11oyd"
  ],
  "log": "|j|\u2606Mikeflem12326171\n|j|\u260611oyd\n|t:|1775965023\n|gametype|singles\n|player|p1|Mikeflem12326171|colress|1138\n|player|p2|11oyd|unknown|1231\n|gen|9\n|tier|[Gen 9 Champions] BSS Reg M-A\n|rated|\n|rule|Species Clause: Limit one of each Pok\u00e9mon\n|rule|Item Clause: Limit 1 of each item\n|clearpoke\n|poke|p1|Lopunny, L50, F|\n|poke|p1|Garchomp, L50, F|\n|poke|p1|Rotom-Wash, L50|\n|poke|p1|Ninetales-Alola, L50, M|\n|poke|p1|Ceruledge, L50, F|\n|poke|p1|Clefable, L50, M|\n|poke|p2|Gengar, L50, F|\n|poke|p2|Lopunny, L50, F|\n|poke|p2|Glimmora, L50, M|\n|poke|p2|Hippowdon, L50, M|\n|poke|p2|Rotom-Wash, L50|\n|poke|p2|Dragonite, L50, M|\n|teampreview|3\n|\n|t:|1775965057\n|teamsize|p1|3\n|teamsize|p2|3\n|start\n|switch|p1a: Clefable|Clefable, L50, M|100/100\n|switch|p2a: Lopunny|Lopunny, L50, F|100/100\n|turn|1\n|\n|t:|1775965066\n|detailschange|p2a: Lopunny|Lopunny-Mega, L50, F\n|-mega|p2a: Lopunny|Lopunny|Lopunnite\n|move|p2a: Lopunny|Fake Out|p1a: Clefable\n|-damage|p1a: Clefable|77/100\n|cant|p1a: Clefable|flinch\n|\n|-heal|p1a: Clefable|83/100|[from] item: Leftovers\n|upkeep\n|turn|2\n|\n|t:|1775965073\n|move|p2a: Lopunny|U-turn|p1a: Clefable\n|-resisted|p1a: Clefable|1\n|-damage|p1a: Clefable|68/100\n|\n|t:|1775965075\n|switch|p2a: Glimmora|Glimmora, L50, M|100/100|[from] U-turn\n|move|p1a: Clefable|Cosmic Power|p1a: Clefable\n|-boost|p1a: Clefable|def|1\n|-boost|p1a: Clefable|spd|1\n|\n|-heal|p1a: Clefable|74/100|[from] item: Leftovers\n|upkeep\n|turn|3\n|\n|t:|1775965082\n|move|p2a: Glimmora|Stealth Rock|p1a: Clefable\n|-sidestart|p1: Mikeflem12326171|move: Stealth Rock\n|move|p1a: Clefable|Cosmic Power|p1a: Clefable\n|-boost|p1a: Clefable|def|1\n|-boost|p1a: Clefable|spd|1\n|\n|-heal|p1a: Clefable|80/100|[from] item: Leftovers\n|upkeep\n|turn|4\n|\n|t:|1775965085\n|move|p2a: Glimmora|Sludge Wave|p1a: Clefable\n|-supereffective|p1a: Clefable|1\n|-damage|p1a: Clefable|47/100\n|move|p1a: Clefable|Cosmic Power|p1a: Clefable\n|-boost|p1a: Clefable|def|1\n|-boost|p1a: Clefable|spd|1\n|\n|-heal|p1a: Clefable|52/100|[from] item: Leftovers\n|upkeep\n|turn|5\n|\n|t:|1775965096\n|move|p2a: Glimmora|Sludge Wave|p1a: Clefable\n|-supereffective|p1a: Clefable|1\n|-damage|p1a: Clefable|25/100\n|move|p1a: Clefable|Cosmic Power|p1a: Clefable\n|-boost|p1a: Clefable|def|1\n|-boost|p1a: Clefable|spd|1\n|\n|-heal|p1a: Clefable|31/100|[from] item: Leftovers\n|upkeep\n|turn|6\n|\n|t:|1775965102\n|move|p2a: Glimmora|Sludge Wave|p1a: Clefable\n|-supereffective|p1a: Clefable|1\n|-damage|p1a: Clefable|7/100\n|move|p1a: Clefable|Moonlight|p1a: Clefable\n|-heal|p1a: Clefable|57/100\n|\n|-heal|p1a: Clefable|63/100|[from] item: Leftovers\n|upkeep\n|turn|7\n|\n|t:|1775965105\n|move|p2a: Glimmora|Sludge Wave|p1a: Clefable\n|-supereffective|p1a: Clefable|1\n|-damage|p1a: Clefable|38/100\n|move|p1a: Clefable|Stored Power|p2a: Glimmora\n|-supereffective|p2a: Glimmora|1\n|-crit|p2a: Glimmora\n|-enditem|p2a: Glimmora|Focus Sash\n|-damage|p2a: Glimmora|1/100\n|\n|-heal|p1a: Clefable|44/100|[from] item: Leftovers\n|upkeep\n|turn|8\n|\n|t:|1775965109\n|move|p2a: Glimmora|Sludge Wave|p1a: Clefable\n|-supereffective|p1a: Clefable|1\n|-damage|p1a: Clefable|20/100\n|move|p1a: Clefable|Moonlight|p1a: Clefable\n|-heal|p1a: Clefable|70/100\n|\n|-heal|p1a: Clefable|76/100|[from] item: Leftovers\n|upkeep\n|turn|9\n|j| icecoldyeehaw\n|\n|t:|1775965118\n|move|p2a: Glimmora|Sludge Wave|p1a: Clefable\n|-supereffective|p1a: Clefable|1\n|-damage|p1a: Clefable|54/100\n|move|p1a: Clefable|Moonblast|p2a: Glimmora\n|-resisted|p2a: Glimmora|1\n|-damage|p2a: Glimmora|0 fnt\n|faint|p2a: Glimmora\n|\n|-heal|p1a: Clefable|60/100|[from] item: Leftovers\n|upkeep\n|\n|t:|1775965124\n|switch|p2a: Lopunny|Lopunny-Mega, L50, F|100/100\n|turn|10\n|\n|t:|1775965129\n|move|p2a: Lopunny|Fake Out|p1a: Clefable\n|-damage|p1a: Clefable|51/100\n|cant|p1a: Clefable|flinch\n|\n|-heal|p1a: Clefable|57/100|[from] item: Leftovers\n|upkeep\n|turn|11\n|\n|t:|1775965148\n|move|p2a: Lopunny|U-turn|p1a: Clefable\n|-resisted|p1a: Clefable|1\n|-damage|p1a: Clefable|52/100\n|\n|t:|1775965151\n|switch|p2a: Rotom|Rotom-Wash, L50|100/100|[from] U-turn\n|move|p1a: Clefable|Stored Power|p2a: Rotom\n|-damage|p2a: Rotom|67/100\n|\n|-heal|p2a: Rotom|73/100|[from] item: Leftovers\n|-heal|p1a: Clefable|58/100|[from] item: Leftovers\n|upkeep\n|turn|12\n|\n|t:|1775965155\n|move|p2a: Rotom|Thunder Wave|p1a: Clefable\n|-status|p1a: Clefable|par\n|move|p1a: Clefable|Cosmic Power|p1a: Clefable\n|-boost|p1a: Clefable|def|1\n|-boost|p1a: Clefable|spd|1\n|\n|-heal|p2a: Rotom|79/100|[from] item: Leftovers\n|-heal|p1a: Clefable|64/100 par|[from] item: Leftovers\n|upkeep\n|turn|13\n|\n|t:|1775965158\n|move|p2a: Rotom|Hydro Pump|p1a: Clefable\n|-damage|p1a: Clefable|55/100 par\n|move|p1a: Clefable|Cosmic Power|p1a: Clefable\n|-boost|p1a: Clefable|def|1\n|-boost|p1a: Clefable|spd|1\n|\n|-heal|p2a: Rotom|85/100|[from] item: Leftovers\n|-heal|p1a: Clefable|61/100 par|[from] item: Leftovers\n|upkeep\n|turn|14\n|\n|t:|1775965163\n|move|p2a: Rotom|Hydro Pump|p1a: Clefable\n|-damage|p1a: Clefable|54/100 par\n|move|p1a: Clefable|Stored Power|p2a: Rotom\n|-damage|p2a: Rotom|37/100\n|\n|-heal|p2a: Rotom|43/100|[from] item: Leftovers\n|-heal|p1a: Clefable|60/100 par|[from] item: Leftovers\n|upkeep\n|turn|15\n|\n|t:|1775965169\n|move|p2a: Rotom|Hydro Pump|p1a: Clefable\n|-damage|p1a: Clefable|54/100 par\n|move|p1a: Clefable|Stored Power|p2a: Rotom\n|-damage|p2a: Rotom|0 fnt\n|faint|p2a: Rotom\n|\n|-heal|p1a: Clefable|60/100 par|[from] item: Leftovers\n|upkeep\n|\n|t:|1775965173\n|switch|p2a: Lopunny|Lopunny-Mega, L50, F|100/100\n|turn|16\n|\n|t:|1775965175\n|move|p2a: Lopunny|Fake Out|p1a: Clefable\n|-crit|p1a: Clefable\n|-damage|p1a: Clefable|22/100 par\n|cant|p1a: Clefable|flinch\n|\n|-heal|p1a: Clefable|28/100 par|[from] item: Leftovers\n|upkeep\n|turn|17\n|c|\u2606Mikeflem12326171|nice crit\n|\n|t:|1775965183\n|move|p2a: Lopunny|Triple Axel|p1a: Clefable\n|-damage|p1a: Clefable|26/100 par\n|-damage|p1a: Clefable|22/100 par\n|-damage|p1a: Clefable|15/100 par\n|-hitcount|p1a: Clefable|3\n|move|p1a: Clefable|Moonlight|p1a: Clefable\n|-heal|p1a: Clefable|65/100 par\n|\n|-heal|p1a: Clefable|71/100 par|[from] item: Leftovers\n|upkeep\n|turn|18\n|\n|t:|1775965191\n|move|p2a: Lopunny|Triple Axel|p1a: Clefable\n|-damage|p1a: Clefable|69/100 par\n|-damage|p1a: Clefable|65/100 par\n|-damage|p1a: Clefable|58/100 par\n|-hitcount|p1a: Clefable|3\n|move|p1a: Clefable|Stored Power|p2a: Lopunny\n|-supereffective|p2a: Lopunny|1\n|-damage|p2a: Lopunny|0 fnt\n|faint|p2a: Lopunny\n|\n|win|Mikeflem12326171\n|raw|Mikeflem12326171's rating: 1138 &rarr; <strong>1170</strong><br />(+32 for winning)\n|raw|11oyd's rating: 1231 &rarr; <strong>1199</strong><br />(-32 for losing)\n|l|\u260611oyd\n|player|p2|\n",
  "uploadtime": 1775965206,
  "views": 13,
  "formatid": "gen9championsbssregma",
  "rating": 1170,
  "private": 0,
  "password": null
}