{
  "id": "gen9championsbssregma-2589561044",
  "format": "[Gen 9 Champions] BSS Reg M-A",
  "players": [
    "xendratesting",
    "cksjdisjwos"
  ],
  "log": "|j|\u2606xendratesting\n|j|\u2606cksjdisjwos\n|t:|1776734265\n|gametype|singles\n|player|p1|xendratesting|karen|1208\n|player|p2|cksjdisjwos|2|1172\n|gen|9\n|tier|[Gen 9 Champions] BSS Reg M-A\n|rated|\n|rule|Species Clause: Limit one of each Pok\u00e9mon\n|rule|Item Clause: Limit 1 of each item\n|clearpoke\n|poke|p1|Glimmora, L50, M|\n|poke|p1|Corviknight, L50, M|\n|poke|p1|Tyranitar, L50, M|\n|poke|p1|Excadrill, L50, F|\n|poke|p1|Primarina, L50, M|\n|poke|p1|Meganium, L50, M|\n|poke|p2|Gardevoir, L50, F|\n|poke|p2|Kingambit, L50, M|\n|poke|p2|Garchomp, L50, M|\n|poke|p2|Lucario, L50, M|\n|poke|p2|Primarina, L50, F|\n|poke|p2|Corviknight, L50, M|\n|teampreview|3\n|\n|t:|1776734285\n|teamsize|p1|3\n|teamsize|p2|3\n|start\n|switch|p1a: Meganium|Meganium, L50, M|100/100\n|switch|p2a: Gardevoir|Gardevoir, L50, F|100/100\n|-ability|p2a: Gardevoir|Overgrow|Trace|[from] ability: Trace|[of] p1a: Meganium\n|turn|1\n|\n|t:|1776734301\n|detailschange|p1a: Meganium|Meganium-Mega, L50, M\n|-mega|p1a: Meganium|Meganium|Meganiumite\n|detailschange|p2a: Gardevoir|Gardevoir-Mega, L50, F\n|-mega|p2a: Gardevoir|Gardevoir|Gardevoirite\n|move|p2a: Gardevoir|Hyper Voice|p1a: Meganium\n|-damage|p1a: Meganium|30/100\n|move|p1a: Meganium|Solar Beam||[still]\n|-prepare|p1a: Meganium|Solar Beam\n|-activate|p1a: Meganium|ability: Mega Sol\n|-anim|p1a: Meganium|Solar Beam|p2a: Gardevoir\n|-damage|p2a: Gardevoir|44/100\n|\n|upkeep\n|turn|2\n|\n|t:|1776734312\n|switch|p1a: Tyranitar|Tyranitar, L50, M|100/100\n|-weather|Sandstorm|[from] ability: Sand Stream|[of] p1a: Tyranitar\n|move|p2a: Gardevoir|Hyper Voice|p1a: Tyranitar\n|-supereffective|p1a: Tyranitar|1\n|-damage|p1a: Tyranitar|3/100\n|\n|-weather|Sandstorm|[upkeep]\n|-damage|p2a: Gardevoir|38/100|[from] Sandstorm\n|upkeep\n|turn|3\n|\n|t:|1776734316\n|move|p2a: Gardevoir|Vacuum Wave|p1a: Tyranitar\n|-supereffective|p1a: Tyranitar|2\n|-enditem|p1a: Tyranitar|Chople Berry|[eat]\n|-enditem|p1a: Tyranitar|Chople Berry|[weaken]\n|-damage|p1a: Tyranitar|0 fnt\n|faint|p1a: Tyranitar\n|\n|-weather|Sandstorm|[upkeep]\n|-damage|p2a: Gardevoir|32/100|[from] Sandstorm\n|upkeep\n|\n|t:|1776734319\n|switch|p1a: Excadrill|Excadrill, L50, F|100/100\n|turn|4\n|\n|t:|1776734324\n|move|p2a: Gardevoir|Vacuum Wave|p1a: Excadrill\n|-supereffective|p1a: Excadrill|1\n|-damage|p1a: Excadrill|52/100\n|move|p1a: Excadrill|Rapid Spin|p2a: Gardevoir\n|-damage|p2a: Gardevoir|6/100\n|-boost|p1a: Excadrill|spe|1\n|\n|-weather|Sandstorm|[upkeep]\n|-damage|p2a: Gardevoir|0 fnt|[from] Sandstorm\n|faint|p2a: Gardevoir\n|upkeep\n|\n|t:|1776734327\n|switch|p2a: Garchomp|Garchomp, L50, M|100/100\n|turn|5\n|\n|t:|1776734333\n|move|p1a: Excadrill|Earthquake|p2a: Garchomp\n|-damage|p2a: Garchomp|48/100\n|move|p2a: Garchomp|Earthquake|p1a: Excadrill\n|-supereffective|p1a: Excadrill|1\n|-damage|p1a: Excadrill|0 fnt\n|faint|p1a: Excadrill\n|\n|-weather|Sandstorm|[upkeep]\n|upkeep\n|\n|t:|1776734335\n|switch|p1a: Meganium|Meganium-Mega, L50, M|30/100\n|turn|6\n|\n|t:|1776734338\n|move|p2a: Garchomp|Earthquake|p1a: Meganium\n|-resisted|p1a: Meganium|1\n|-damage|p1a: Meganium|4/100\n|move|p1a: Meganium|Synthesis|p1a: Meganium\n|-activate|p1a: Meganium|ability: Mega Sol\n|-heal|p1a: Meganium|71/100\n|\n|-weather|none\n|upkeep\n|turn|7\n|\n|t:|1776734347\n|move|p2a: Garchomp|Earthquake|p1a: Meganium\n|-resisted|p1a: Meganium|1\n|-damage|p1a: Meganium|47/100\n|move|p1a: Meganium|Synthesis|p1a: Meganium\n|-activate|p1a: Meganium|ability: Mega Sol\n|-heal|p1a: Meganium|100/100\n|\n|upkeep\n|turn|8\n|\n|t:|1776734355\n|move|p2a: Garchomp|Rock Tomb|p1a: Meganium|[miss]\n|-miss|p2a: Garchomp|p1a: Meganium\n|move|p1a: Meganium|Solar Beam||[still]\n|-prepare|p1a: Meganium|Solar Beam\n|-activate|p1a: Meganium|ability: Mega Sol\n|-anim|p1a: Meganium|Solar Beam|p2a: Garchomp\n|-damage|p2a: Garchomp|0 fnt\n|faint|p2a: Garchomp\n|\n|upkeep\n|\n|t:|1776734358\n|switch|p2a: Kingambit|Kingambit, L50, M|100/100\n|-activate|p2a: Kingambit|ability: Supreme Overlord\n|-start|p2a: Kingambit|fallen2|[silent]\n|turn|9\n|\n|t:|1776734361\n|move|p1a: Meganium|Weather Ball|p2a: Kingambit\n|-supereffective|p2a: Kingambit|1\n|-damage|p2a: Kingambit|0 fnt\n|faint|p2a: Kingambit\n|-end|p2a: Kingambit|fallen2|[silent]\n|\n|win|xendratesting\n|raw|xendratesting's rating: 1208 &rarr; <strong>1230</strong><br />(+22 for winning)\n|raw|cksjdisjwos's rating: 1172 &rarr; <strong>1150</strong><br />(-22 for losing)\n|l|\u2606cksjdisjwos\n|player|p2|\n",
  "uploadtime": 1776734369,
  "views": 0,
  "formatid": "gen9championsbssregma",
  "rating": 1150,
  "private": 0,
  "password": null
}