{
  "id": "gen9championsbssregma-2583188126",
  "format": "[Gen 9 Champions] BSS Reg M-A",
  "players": [
    "PlatinumPassport",
    "DeaRubbish"
  ],
  "log": "|j|\u2606PlatinumPassport\n|j|\u2606DeaRubbish\n|t:|1776152612\n|gametype|singles\n|player|p1|PlatinumPassport|102|1373\n|player|p2|DeaRubbish|2|1292\n|gen|9\n|tier|[Gen 9 Champions] BSS Reg M-A\n|rated|\n|rule|Species Clause: Limit one of each Pok\u00e9mon\n|rule|Item Clause: Limit 1 of each item\n|clearpoke\n|poke|p1|Hippowdon, L50, M|\n|poke|p1|Dragonite, L50, M|\n|poke|p1|Aegislash, L50, M|\n|poke|p1|Gengar, L50, M|\n|poke|p1|Azumarill, L50, F|\n|poke|p1|Volcarona, L50, F|\n|poke|p2|Garchomp, L50, F|\n|poke|p2|Charizard, L50, F|\n|poke|p2|Gengar, L50, F|\n|poke|p2|Corviknight, L50, F|\n|poke|p2|Umbreon, L50, M|\n|poke|p2|Primarina, L50, F|\n|teampreview|3\n|\n|t:|1776152658\n|teamsize|p1|3\n|teamsize|p2|3\n|start\n|switch|p1a: Gengar|Gengar, L50, M, shiny|100/100\n|switch|p2a: Charizard|Charizard, L50, F|100/100\n|turn|1\n|j| p74\n|\n|t:|1776152669\n|detailschange|p1a: Gengar|Gengar-Mega, L50, M, shiny\n|-mega|p1a: Gengar|Gengar|Gengarite\n|detailschange|p2a: Charizard|Charizard-Mega-Y, L50, F\n|-mega|p2a: Charizard|Charizard|Charizardite Y\n|-weather|SunnyDay|[from] ability: Drought|[of] p2a: Charizard\n|move|p1a: Gengar|Destiny Bond|p1a: Gengar\n|-singlemove|p1a: Gengar|Destiny Bond\n|move|p2a: Charizard|Weather Ball|p1a: Gengar\n|-damage|p1a: Gengar|0 fnt\n|faint|p1a: Gengar\n|-activate|p1a: Gengar|move: Destiny Bond\n|faint|p2a: Charizard\n|\n|-weather|SunnyDay|[upkeep]\n|upkeep\n|\n|t:|1776152684\n|switch|p1a: Azumarill|Azumarill, L50, F, shiny|100/100\n|switch|p2a: Garchomp|Garchomp, L50, F|100/100\n|turn|2\n|\n|t:|1776152688\n|move|p2a: Garchomp|Earthquake|p1a: Azumarill\n|-damage|p1a: Azumarill|57/100\n|move|p1a: Azumarill|Play Rough|p2a: Garchomp\n|-supereffective|p2a: Garchomp|1\n|-damage|p2a: Garchomp|0 fnt\n|-damage|p1a: Azumarill|45/100|[from] ability: Rough Skin|[of] p2a: Garchomp\n|-enditem|p1a: Azumarill|Sitrus Berry|[eat]\n|-heal|p1a: Azumarill|70/100|[from] item: Sitrus Berry\n|faint|p2a: Garchomp\n|\n|-weather|SunnyDay|[upkeep]\n|upkeep\n|\n|t:|1776152698\n|switch|p2a: Umbreon|Umbreon, L50, M|100/100\n|turn|3\n|\n|t:|1776152702\n|move|p2a: Umbreon|Yawn|p1a: Azumarill\n|-start|p1a: Azumarill|move: Yawn|[of] p2a: Umbreon\n|move|p1a: Azumarill|Play Rough|p2a: Umbreon\n|-supereffective|p2a: Umbreon|1\n|-damage|p2a: Umbreon|34/100\n|-unboost|p2a: Umbreon|atk|1\n|\n|-weather|SunnyDay|[upkeep]\n|-heal|p2a: Umbreon|40/100|[from] item: Leftovers\n|upkeep\n|turn|4\n|\n|t:|1776152712\n|switch|p1a: Volcarona|Volcarona, L50, F, shiny|100/100\n|move|p2a: Umbreon|Protect||[still]\n|-fail|p2a: Umbreon\n|\n|-weather|SunnyDay|[upkeep]\n|-heal|p2a: Umbreon|46/100|[from] item: Leftovers\n|upkeep\n|turn|5\n|-message|DeaRubbish forfeited.\n|\n|win|PlatinumPassport\n|raw|PlatinumPassport's rating: 1373 &rarr; <strong>1388</strong><br />(+15 for winning)\n|raw|DeaRubbish's rating: 1292 &rarr; <strong>1273</strong><br />(-19 for losing)\n|l|\u2606DeaRubbish\n|player|p2|\n|l|\u2606PlatinumPassport\n|player|p1|\n",
  "uploadtime": 1776152773,
  "views": 12,
  "formatid": "gen9championsbssregma",
  "rating": 1273,
  "private": 0,
  "password": null
}