{
  "id": "gen9championsbssregma-2587902126",
  "format": "[Gen 9 Champions] BSS Reg M-A",
  "players": [
    "sakkamadique",
    "koxicity"
  ],
  "log": "|j|\u2606sakkamadique\n|j|\u2606koxicity\n|t:|1776576709\n|gametype|singles\n|player|p1|sakkamadique|101|1085\n|player|p2|koxicity|266|1000\n|gen|9\n|tier|[Gen 9 Champions] BSS Reg M-A\n|rated|\n|rule|Species Clause: Limit one of each Pok\u00e9mon\n|rule|Item Clause: Limit 1 of each item\n|clearpoke\n|poke|p1|Glimmora, L50, F|\n|poke|p1|Incineroar, L50, F|\n|poke|p1|Rotom-Wash, L50|\n|poke|p1|Meowscarada, L50, M|\n|poke|p1|Meganium, L50, F|\n|poke|p1|Scizor, L50, F|\n|poke|p2|Crabominable, L50, F|\n|poke|p2|Sneasler, L50, M|\n|poke|p2|Oranguru, L50, F|\n|poke|p2|Ninetales-Alola, L50, F|\n|poke|p2|Maushold, L50|\n|poke|p2|Aggron, L50, M|\n|teampreview|3\n|inactive|Battle timer is ON: inactive players will automatically lose when time's up. (requested by koxicity)\n|\n|t:|1776576756\n|teamsize|p1|3\n|teamsize|p2|3\n|start\n|switch|p1a: Glimmora|Glimmora, L50, F|100/100\n|switch|p2a: Sneasler|Sneasler, L50, M|100/100\n|turn|1\n|\n|t:|1776576767\n|move|p2a: Sneasler|Close Combat|p1a: Glimmora\n|-damage|p1a: Glimmora|19/100\n|-unboost|p2a: Sneasler|def|1\n|-unboost|p2a: Sneasler|spd|1\n|-activate|p1a: Glimmora|ability: Toxic Debris\n|-sidestart|p2: koxicity|move: Toxic Spikes\n|move|p1a: Glimmora|Stealth Rock|p2a: Sneasler\n|-sidestart|p2: koxicity|move: Stealth Rock\n|\n|upkeep\n|turn|2\n|\n|t:|1776576778\n|move|p2a: Sneasler|Close Combat|p1a: Glimmora\n|-damage|p1a: Glimmora|0 fnt\n|-unboost|p2a: Sneasler|def|1\n|-unboost|p2a: Sneasler|spd|1\n|-activate|p1a: Glimmora|ability: Toxic Debris\n|-sidestart|p2: koxicity|move: Toxic Spikes\n|faint|p1a: Glimmora\n|\n|upkeep\n|\n|t:|1776576791\n|switch|p1a: Incineroar|Incineroar, L50, F|100/100\n|-ability|p1a: Incineroar|Intimidate|boost\n|-unboost|p2a: Sneasler|atk|1\n|turn|3\n|\n|t:|1776576795\n|move|p2a: Sneasler|Upper Hand|p1a: Incineroar\n|-supereffective|p1a: Incineroar|1\n|-damage|p1a: Incineroar|56/100\n|cant|p1a: Incineroar|flinch\n|\n|upkeep\n|turn|4\n|\n|t:|1776576802\n|move|p2a: Sneasler|Close Combat|p1a: Incineroar\n|-supereffective|p1a: Incineroar|1\n|-damage|p1a: Incineroar|0 fnt\n|-unboost|p2a: Sneasler|def|1\n|-unboost|p2a: Sneasler|spd|1\n|faint|p1a: Incineroar\n|\n|upkeep\n|\n|t:|1776576808\n|switch|p1a: Scizor|Scizor, L50, F|100/100\n|turn|5\n|\n|t:|1776576814\n|detailschange|p1a: Scizor|Scizor-Mega, L50, F\n|-mega|p1a: Scizor|Scizor|Scizorite\n|move|p2a: Sneasler|Upper Hand||[still]\n|-fail|p2a: Sneasler\n|move|p1a: Scizor|Swords Dance|p1a: Scizor\n|-boost|p1a: Scizor|atk|2\n|\n|upkeep\n|turn|6\n|\n|t:|1776576825\n|move|p2a: Sneasler|Close Combat|p1a: Scizor\n|-damage|p1a: Scizor|61/100\n|-unboost|p2a: Sneasler|def|1\n|-unboost|p2a: Sneasler|spd|1\n|move|p1a: Scizor|Swords Dance|p1a: Scizor\n|-boost|p1a: Scizor|atk|2\n|\n|upkeep\n|turn|7\n|\n|t:|1776576834\n|move|p1a: Scizor|Bullet Punch|p2a: Sneasler\n|-enditem|p2a: Sneasler|Focus Sash\n|-damage|p2a: Sneasler|1/100\n|move|p2a: Sneasler|Close Combat|p1a: Scizor\n|-damage|p1a: Scizor|20/100\n|-unboost|p2a: Sneasler|def|1\n|-unboost|p2a: Sneasler|spd|1\n|-immune|p1a: Scizor\n|\n|upkeep\n|turn|8\n|\n|t:|1776576843\n|move|p2a: Sneasler|Upper Hand||[still]\n|-fail|p2a: Sneasler\n|move|p1a: Scizor|U-turn|p2a: Sneasler\n|-resisted|p2a: Sneasler|2\n|-damage|p2a: Sneasler|0 fnt\n|faint|p2a: Sneasler\n|\n|upkeep\n|\n|t:|1776576851\n|switch|p2a: Aggron|Aggron, L50, M|100/100\n|-damage|p2a: Aggron|94/100|[from] Stealth Rock\n|turn|9\n|\n|t:|1776576857\n|detailschange|p2a: Aggron|Aggron-Mega, L50, M\n|-mega|p2a: Aggron|Aggron|Aggronite\n|move|p1a: Scizor|Close Combat|p2a: Aggron\n|-supereffective|p2a: Aggron|1\n|-damage|p2a: Aggron|9/100\n|-unboost|p1a: Scizor|def|1\n|-unboost|p1a: Scizor|spd|1\n|move|p2a: Aggron|Body Press|p1a: Scizor\n|-damage|p1a: Scizor|0 fnt\n|faint|p1a: Scizor\n|\n|win|koxicity\n|raw|sakkamadique's rating: 1085 &rarr; <strong>1057</strong><br />(-28 for losing)\n|raw|koxicity's rating: 1000 &rarr; <strong>1050</strong><br />(+50 for winning)\n|l|\u2606sakkamadique\n|player|p1|\n",
  "uploadtime": 1776576877,
  "views": 8,
  "formatid": "gen9championsbssregma",
  "rating": 1050,
  "private": 0,
  "password": null
}