{
  "id": "gen9championsbssregma-2586113722",
  "format": "[Gen 9 Champions] BSS Reg M-A",
  "players": [
    "HZer0",
    "dialestdial"
  ],
  "log": "|j|\u2606HZer0\n|j|\u2606dialestdial\n|t:|1776400610\n|gametype|singles\n|player|p1|HZer0|2|1000\n|player|p2|dialestdial|plasmagruntf|1072\n|gen|9\n|tier|[Gen 9 Champions] BSS Reg M-A\n|rated|\n|rule|Species Clause: Limit one of each Pok\u00e9mon\n|rule|Item Clause: Limit 1 of each item\n|clearpoke\n|poke|p1|Dragonite, L50, F|\n|poke|p1|Lucario, L50, F|\n|poke|p1|Hippowdon, L50, M|\n|poke|p1|Pelipper, L50, M|\n|poke|p1|Garchomp, L50, M|\n|poke|p1|Sinistcha, L50|\n|poke|p2|Floette-Eternal, L50, F|\n|poke|p2|Sneasler, L50, F|\n|poke|p2|Meowscarada, L50, M|\n|poke|p2|Basculegion, L50, M|\n|poke|p2|Clefable, L50, M|\n|poke|p2|Scizor, L50, M|\n|teampreview|3\n|inactive|Battle timer is ON: inactive players will automatically lose when time's up. (requested by dialestdial)\n|inactive|dialestdial has 60 seconds left.\n|\n|t:|1776400648\n|teamsize|p1|3\n|teamsize|p2|3\n|start\n|switch|p1a: Pelipper|Pelipper, L50, M|100/100\n|switch|p2a: Scizor|Scizor, L50, M|100/100\n|-weather|RainDance|[from] ability: Drizzle|[of] p1a: Pelipper\n|turn|1\n|inactive|HZer0 has 30 seconds left.\n|\n|t:|1776400674\n|move|p1a: Pelipper|Weather Ball|p2a: Scizor\n|-damage|p2a: Scizor|49/100\n|move|p2a: Scizor|Double Team|p2a: Scizor\n|-boost|p2a: Scizor|evasion|1\n|\n|-weather|RainDance|[upkeep]\n|upkeep\n|turn|2\n|\n|t:|1776400693\n|move|p2a: Scizor|Baton Pass|p2a: Scizor\n|\n|t:|1776400696\n|switch|p2a: Clefable|Clefable, L50, M, shiny|100/100|[from] Baton Pass\n|move|p1a: Pelipper|Weather Ball|p2a: Clefable\n|-damage|p2a: Clefable|52/100\n|\n|-weather|RainDance|[upkeep]\n|upkeep\n|turn|3\n|inactive|dialestdial has 30 seconds left.\n|\n|t:|1776400721\n|move|p1a: Pelipper|Hurricane|p2a: Clefable\n|-damage|p2a: Clefable|17/100\n|move|p2a: Clefable|Cosmic Power|p2a: Clefable\n|-boost|p2a: Clefable|def|1\n|-boost|p2a: Clefable|spd|1\n|\n|-weather|RainDance|[upkeep]\n|upkeep\n|turn|4\n|\n|t:|1776400737\n|move|p1a: Pelipper|Hurricane|p2a: Clefable\n|-damage|p2a: Clefable|0 fnt\n|faint|p2a: Clefable\n|\n|-weather|RainDance|[upkeep]\n|upkeep\n|\n|t:|1776400740\n|switch|p2a: Scizor|Scizor, L50, M|49/100\n|turn|5\n|\n|t:|1776400749\n|detailschange|p2a: Scizor|Scizor-Mega, L50, M\n|-mega|p2a: Scizor|Scizor|Scizorite\n|move|p2a: Scizor|Bullet Punch|p1a: Pelipper\n|-resisted|p1a: Pelipper|1\n|-damage|p1a: Pelipper|89/100\n|move|p1a: Pelipper|Weather Ball|p2a: Scizor\n|-damage|p2a: Scizor|5/100\n|\n|-weather|none\n|upkeep\n|turn|6\n|inactive|HZer0 has 30 seconds left.\n|\n|t:|1776400776\n|move|p2a: Scizor|Double Team|p2a: Scizor\n|-boost|p2a: Scizor|evasion|1\n|move|p1a: Pelipper|Weather Ball|p2a: Scizor\n|-resisted|p2a: Scizor|1\n|-damage|p2a: Scizor|0 fnt\n|faint|p2a: Scizor\n|\n|upkeep\n|\n|t:|1776400781\n|switch|p2a: Meowscarada|Meowscarada, L50, M|100/100\n|turn|7\n|\n|t:|1776400787\n|switch|p1a: Sinistcha|Sinistcha, L50|100/100\n|move|p2a: Meowscarada|Thunder Punch|p1a: Sinistcha\n|-start|p2a: Meowscarada|typechange|Electric|[from] ability: Protean\n|-resisted|p1a: Sinistcha|1\n|-damage|p1a: Sinistcha|84/100\n|\n|upkeep\n|turn|8\n|\n|t:|1776400803\n|move|p2a: Meowscarada|Triple Axel|p1a: Sinistcha\n|-supereffective|p1a: Sinistcha|1\n|-damage|p1a: Sinistcha|74/100\n|-supereffective|p1a: Sinistcha|1\n|-damage|p1a: Sinistcha|53/100\n|-supereffective|p1a: Sinistcha|1\n|-damage|p1a: Sinistcha|18/100\n|-enditem|p1a: Sinistcha|Sitrus Berry|[eat]\n|-heal|p1a: Sinistcha|43/100|[from] item: Sitrus Berry\n|-hitcount|p1a: Sinistcha|3\n|move|p1a: Sinistcha|Shadow Ball|p2a: Meowscarada\n|-damage|p2a: Meowscarada|48/100\n|\n|upkeep\n|turn|9\n|\n|t:|1776400825\n|move|p2a: Meowscarada|Triple Axel|p1a: Sinistcha\n|-supereffective|p1a: Sinistcha|1\n|-damage|p1a: Sinistcha|33/100\n|-supereffective|p1a: Sinistcha|1\n|-damage|p1a: Sinistcha|10/100\n|-supereffective|p1a: Sinistcha|1\n|-damage|p1a: Sinistcha|0 fnt\n|faint|p1a: Sinistcha\n|-hitcount|p1: Sinistcha|3\n|\n|upkeep\n|\n|t:|1776400835\n|switch|p1a: Pelipper|Pelipper, L50, M|89/100\n|-weather|RainDance|[from] ability: Drizzle|[of] p1a: Pelipper\n|turn|10\n|\n|t:|1776400842\n|move|p2a: Meowscarada|Thunder Punch|p1a: Pelipper\n|-supereffective|p1a: Pelipper|2\n|-damage|p1a: Pelipper|0 fnt\n|faint|p1a: Pelipper\n|\n|-weather|RainDance|[upkeep]\n|upkeep\n|\n|t:|1776400849\n|switch|p1a: Dragonite|Dragonite, L50, F|100/100\n|turn|11\n|\n|t:|1776400855\n|detailschange|p1a: Dragonite|Dragonite-Mega, L50, F\n|-mega|p1a: Dragonite|Dragonite|Dragoninite\n|move|p2a: Meowscarada|Triple Axel|p1a: Dragonite\n|-supereffective|p1a: Dragonite|2\n|-damage|p1a: Dragonite|89/100\n|-supereffective|p1a: Dragonite|2\n|-damage|p1a: Dragonite|36/100\n|-supereffective|p1a: Dragonite|2\n|-damage|p1a: Dragonite|0 fnt\n|faint|p1a: Dragonite\n|-hitcount|p1: Dragonite|3\n|\n|win|dialestdial\n|raw|HZer0's rating: 1000 &rarr; <strong>1000</strong><br />(+0 for losing)\n|raw|dialestdial's rating: 1072 &rarr; <strong>1095</strong><br />(+23 for winning)\n",
  "uploadtime": 1776400867,
  "views": 2,
  "formatid": "gen9championsbssregma",
  "rating": 1000,
  "private": 0,
  "password": null
}