{
  "id": "gen9championsbssregma-2585374902",
  "format": "[Gen 9 Champions] BSS Reg M-A",
  "players": [
    "BBBBbkty",
    "meraton"
  ],
  "log": "|j|\u2606BBBBbkty\n|j|\u2606meraton\n|t:|1776342481\n|gametype|singles\n|player|p1|BBBBbkty|101|1000\n|player|p2|meraton|2|1043\n|gen|9\n|tier|[Gen 9 Champions] BSS Reg M-A\n|rated|\n|rule|Species Clause: Limit one of each Pok\u00e9mon\n|rule|Item Clause: Limit 1 of each item\n|clearpoke\n|poke|p1|Dragapult, L50, F|\n|poke|p1|Alakazam, L50, M|\n|poke|p1|Azumarill, L50, M|\n|poke|p1|Aerodactyl, L50, F|\n|poke|p1|Floette-Eternal, L50, F|\n|poke|p1|Abomasnow, L50, M|\n|poke|p2|Starmie, L50|\n|poke|p2|Ninetales-Alola, L50, F|\n|poke|p2|Basculegion, L50, M|\n|poke|p2|Tyranitar, L50, M|\n|poke|p2|Corviknight, L50, M|\n|poke|p2|Toxapex, L50, M|\n|teampreview|3\n|inactive|Battle timer is ON: inactive players will automatically lose when time's up. (requested by BBBBbkty)\n|inactive|meraton has 60 seconds left.\n|\n|t:|1776342563\n|teamsize|p1|3\n|teamsize|p2|3\n|start\n|switch|p1a: Dragapult|Dragapult, L50, F, shiny|100/100\n|switch|p2a: Ninetales|Ninetales-Alola, L50, F|100/100\n|-weather|Snowscape|[from] ability: Snow Warning|[of] p2a: Ninetales\n|turn|1\n|inactive|BBBBbkty has 30 seconds left.\n|\n|t:|1776342597\n|move|p1a: Dragapult|Steel Wing|p2a: Ninetales\n|-supereffective|p2a: Ninetales|2\n|-damage|p2a: Ninetales|25/100\n|move|p2a: Ninetales|Aurora Veil|p2a: Ninetales\n|-sidestart|p2: meraton|move: Aurora Veil\n|\n|-weather|Snowscape|[upkeep]\n|upkeep\n|turn|2\n|\n|t:|1776342611\n|switch|p2a: Toxapex|Toxapex, L50, M|100/100\n|move|p1a: Dragapult|Phantom Force||[still]\n|-prepare|p1a: Dragapult|Phantom Force\n|\n|-weather|Snowscape|[upkeep]\n|upkeep\n|turn|3\n|inactive|BBBBbkty has 30 seconds left.\n|inactive|BBBBbkty has 20 seconds left.\n|inactive|BBBBbkty has 15 seconds left.\n|\n|t:|1776342654\n|move|p1a: Dragapult|Phantom Force|p2a: Toxapex|[from] lockedmove\n|-damage|p2a: Toxapex|71/100\n|move|p2a: Toxapex|Toxic Spikes|p1a: Dragapult\n|-sidestart|p1: BBBBbkty|move: Toxic Spikes\n|\n|-weather|Snowscape|[upkeep]\n|-heal|p2a: Toxapex|77/100|[from] item: Leftovers\n|upkeep\n|turn|4\n|\n|t:|1776342665\n|move|p1a: Dragapult|Dragon Dance|p1a: Dragapult\n|-boost|p1a: Dragapult|atk|1\n|-boost|p1a: Dragapult|spe|1\n|move|p2a: Toxapex|Infestation|p1a: Dragapult\n|-resisted|p1a: Dragapult|1\n|-damage|p1a: Dragapult|99/100\n|-activate|p1a: Dragapult|move: Infestation|[of] p2a: Toxapex\n|\n|-weather|Snowscape|[upkeep]\n|-heal|p2a: Toxapex|83/100|[from] item: Leftovers\n|-damage|p1a: Dragapult|87/100|[from] move: Infestation|[partiallytrapped]\n|upkeep\n|turn|5\n|\n|t:|1776342677\n|move|p1a: Dragapult|Dragon Dance|p1a: Dragapult\n|-boost|p1a: Dragapult|atk|1\n|-boost|p1a: Dragapult|spe|1\n|move|p2a: Toxapex|Haze|p2a: Toxapex\n|-clearallboost\n|\n|-weather|none\n|-heal|p2a: Toxapex|88/100|[from] item: Leftovers\n|-damage|p1a: Dragapult|74/100|[from] move: Infestation|[partiallytrapped]\n|-sideend|p2: meraton|move: Aurora Veil\n|upkeep\n|turn|6\n|\n|t:|1776342688\n|move|p1a: Dragapult|Dragon Darts|p2a: Toxapex\n|-damage|p2a: Toxapex|72/100\n|-anim|p1a: Dragapult|Dragon Darts|p2a: Toxapex\n|-damage|p2a: Toxapex|57/100\n|move|p2a: Toxapex|Haze|p2a: Toxapex\n|-clearallboost\n|\n|-heal|p2a: Toxapex|62/100|[from] item: Leftovers\n|-damage|p1a: Dragapult|62/100|[from] move: Infestation|[partiallytrapped]\n|upkeep\n|turn|7\n|\n|t:|1776342701\n|switch|p1a: Alakazam|Alakazam, L50, M, shiny|100/100\n|-status|p1a: Alakazam|psn\n|move|p2a: Toxapex|Recover|p2a: Toxapex\n|-heal|p2a: Toxapex|100/100\n|\n|-damage|p1a: Alakazam|88/100 psn|[from] psn\n|upkeep\n|turn|8\n|\n|t:|1776342712\n|switch|p2a: Ninetales|Ninetales-Alola, L50, F|25/100\n|-weather|Snowscape|[from] ability: Snow Warning|[of] p2a: Ninetales\n|detailschange|p1a: Alakazam|Alakazam-Mega, L50, M, shiny\n|-mega|p1a: Alakazam|Alakazam|Alakazite\n|-ability|p1a: Alakazam|Snow Warning|Trace|[from] ability: Trace|[of] p2a: Ninetales\n|move|p1a: Alakazam|Nasty Plot|p1a: Alakazam\n|-boost|p1a: Alakazam|spa|2\n|\n|-weather|Snowscape|[upkeep]\n|-damage|p1a: Alakazam|76/100 psn|[from] psn\n|upkeep\n|turn|9\n|\n|t:|1776342727\n|move|p1a: Alakazam|Shadow Ball|p2a: Ninetales\n|-damage|p2a: Ninetales|0 fnt\n|faint|p2a: Ninetales\n|\n|-weather|Snowscape|[upkeep]\n|-damage|p1a: Alakazam|64/100 psn|[from] psn\n|upkeep\n|\n|t:|1776342734\n|switch|p2a: Basculegion|Basculegion, L50, M|100/100\n|turn|10\n|\n|t:|1776342740\n|move|p1a: Alakazam|Shadow Ball|p2a: Basculegion\n|-supereffective|p2a: Basculegion|1\n|-damage|p2a: Basculegion|0 fnt\n|faint|p2a: Basculegion\n|\n|-weather|Snowscape|[upkeep]\n|-damage|p1a: Alakazam|52/100 psn|[from] psn\n|upkeep\n|-message|meraton forfeited.\n|\n|win|BBBBbkty\n|raw|BBBBbkty's rating: 1048 &rarr; <strong>1080</strong><br />(+32 for winning)\n|raw|meraton's rating: 1043 &rarr; <strong>1027</strong><br />(-16 for losing)\n|l|\u2606meraton\n|player|p2|\n",
  "uploadtime": 1776342750,
  "views": 11,
  "formatid": "gen9championsbssregma",
  "rating": 1027,
  "private": 0,
  "password": null
}