{
  "id": "gen9championsbssregma-2584872449",
  "format": "[Gen 9 Champions] BSS Reg M-A",
  "players": [
    "coldrollin",
    "Aguwar"
  ],
  "log": "|j|\u2606coldrollin\n|j|\u2606Aguwar\n|t:|1776290388\n|gametype|singles\n|player|p1|coldrollin|bugcatcher-gen4dp|1279\n|player|p2|Aguwar|calem-masters|1244\n|gen|9\n|tier|[Gen 9 Champions] BSS Reg M-A\n|rated|\n|rule|Species Clause: Limit one of each Pok\u00e9mon\n|rule|Item Clause: Limit 1 of each item\n|clearpoke\n|poke|p1|Sneasler, L50, F|\n|poke|p1|Scizor, L50, M|\n|poke|p1|Samurott-Hisui, L50, F|\n|poke|p1|Rotom-Heat, L50|\n|poke|p1|Hatterene, L50, F|\n|poke|p1|Hydrapple, L50, F|\n|poke|p2|Charizard, L50, M|\n|poke|p2|Meowscarada, L50, M|\n|poke|p2|Archaludon, L50, M|\n|poke|p2|Corviknight, L50, M|\n|poke|p2|Dragapult, L50, M|\n|poke|p2|Rotom-Wash, L50|\n|teampreview|3\n|inactive|Battle timer is ON: inactive players will automatically lose when time's up. (requested by Aguwar)\n|inactive|coldrollin has 60 seconds left.\n|inactive|Aguwar has 60 seconds left.\n|\n|t:|1776290427\n|teamsize|p1|3\n|teamsize|p2|3\n|start\n|switch|p1a: Rotom|Rotom-Heat, L50|100/100\n|switch|p2a: Rotom|Rotom-Wash, L50|100/100\n|turn|1\n|\n|t:|1776290434\n|move|p2a: Rotom|Hydro Pump|p1a: Rotom\n|-supereffective|p1a: Rotom|1\n|-damage|p1a: Rotom|4/100\n|-enditem|p1a: Rotom|Sitrus Berry|[eat]\n|-heal|p1a: Rotom|29/100|[from] item: Sitrus Berry\n|move|p1a: Rotom|Volt Switch|p2a: Rotom\n|-damage|p2a: Rotom|66/100\n|j| p74\n|\n|t:|1776290440\n|switch|p1a: Hydrapple|Hydrapple, L50, F|100/100|[from] Volt Switch\n|\n|upkeep\n|turn|2\n|\n|t:|1776290448\n|move|p2a: Rotom|Volt Switch|p1a: Hydrapple\n|-resisted|p1a: Hydrapple|2\n|-damage|p1a: Hydrapple|93/100\n|\n|t:|1776290450\n|switch|p2a: Corviknight|Corviknight, L50, M|100/100|[from] Volt Switch\n|-ability|p2a: Corviknight|Pressure\n|move|p1a: Hydrapple|Dragon Tail|p2a: Corviknight\n|-resisted|p2a: Corviknight|1\n|-damage|p2a: Corviknight|93/100\n|drag|p2a: Rotom|Rotom-Wash, L50|66/100\n|\n|upkeep\n|turn|3\n|\n|t:|1776290459\n|move|p2a: Rotom|Volt Switch|p1a: Hydrapple\n|-resisted|p1a: Hydrapple|2\n|-damage|p1a: Hydrapple|85/100\n|\n|t:|1776290461\n|switch|p2a: Corviknight|Corviknight, L50, M|93/100|[from] Volt Switch\n|-ability|p2a: Corviknight|Pressure\n|move|p1a: Hydrapple|Dragon Tail|p2a: Corviknight\n|-resisted|p2a: Corviknight|1\n|-damage|p2a: Corviknight|86/100\n|drag|p2a: Charizard|Charizard, L50, M|100/100\n|\n|upkeep\n|turn|4\n|\n|t:|1776290466\n|detailschange|p2a: Charizard|Charizard-Mega-Y, L50, M\n|-mega|p2a: Charizard|Charizard|Charizardite Y\n|-weather|SunnyDay|[from] ability: Drought|[of] p2a: Charizard\n|move|p2a: Charizard|Weather Ball|p1a: Hydrapple\n|-damage|p1a: Hydrapple|0 fnt\n|faint|p1a: Hydrapple\n|\n|-weather|SunnyDay|[upkeep]\n|upkeep\n|\n|t:|1776290469\n|switch|p1a: Rotom|Rotom-Heat, L50|29/100\n|turn|5\n|\n|t:|1776290476\n|move|p2a: Charizard|Air Slash|p1a: Rotom\n|-resisted|p1a: Rotom|1\n|-damage|p1a: Rotom|4/100\n|move|p1a: Rotom|Volt Switch|p2a: Charizard\n|-supereffective|p2a: Charizard|1\n|-damage|p2a: Charizard|48/100\n|\n|t:|1776290480\n|switch|p1a: Hatterene|Hatterene, L50, F|100/100|[from] Volt Switch\n|\n|-weather|SunnyDay|[upkeep]\n|upkeep\n|turn|6\n|\n|t:|1776290483\n|move|p2a: Charizard|Weather Ball|p1a: Hatterene\n|-damage|p1a: Hatterene|0 fnt\n|faint|p1a: Hatterene\n|\n|-weather|SunnyDay|[upkeep]\n|upkeep\n|\n|t:|1776290486\n|switch|p1a: Rotom|Rotom-Heat, L50|4/100\n|turn|7\n|c|\u2606Aguwar|gg\n|inactive|coldrollin has 30 seconds left.\n|inactive|coldrollin has 20 seconds left.\n|inactive|coldrollin has 15 seconds left.\n|\n|t:|1776290527\n|move|p2a: Charizard|Weather Ball|p1a: Rotom\n|-resisted|p1a: Rotom|1\n|-damage|p1a: Rotom|0 fnt\n|faint|p1a: Rotom\n|\n|win|Aguwar\n|raw|coldrollin's rating: 1279 &rarr; <strong>1251</strong><br />(-28 for losing)\n|raw|Aguwar's rating: 1244 &rarr; <strong>1272</strong><br />(+28 for winning)\n|l|\u2606coldrollin\n|player|p1|\n",
  "uploadtime": 1776290548,
  "views": 8,
  "formatid": "gen9championsbssregma",
  "rating": 1251,
  "private": 0,
  "password": null
}