{
  "id": "gen9championsbssregma-2583925593",
  "format": "[Gen 9 Champions] BSS Reg M-A",
  "players": [
    "Allbiz",
    "DiceyRice"
  ],
  "log": "|j|\u2606Allbiz\n|j|\u2606DiceyRice\n|t:|1776208866\n|gametype|singles\n|player|p1|Allbiz|blue|1246\n|player|p2|DiceyRice|miku-ghost|1388\n|gen|9\n|tier|[Gen 9 Champions] BSS Reg M-A\n|rated|\n|rule|Species Clause: Limit one of each Pok\u00e9mon\n|rule|Item Clause: Limit 1 of each item\n|clearpoke\n|poke|p1|Garchomp, L50, M|\n|poke|p1|Gyarados, L50, M|\n|poke|p1|Polteageist, L50|\n|poke|p1|Clefable, L50, M|\n|poke|p1|Archaludon, L50, M|\n|poke|p1|Delphox, L50, M|\n|poke|p2|Kingambit, L50, M|\n|poke|p2|Greninja-*, L50, M|\n|poke|p2|Mimikyu, L50, F|\n|poke|p2|Charizard, L50, M|\n|poke|p2|Slowbro, L50, M|\n|poke|p2|Corviknight, L50, F|\n|teampreview|3\n|inactive|Battle timer is ON: inactive players will automatically lose when time's up. (requested by Allbiz)\n|\n|t:|1776208889\n|teamsize|p1|3\n|teamsize|p2|3\n|start\n|switch|p1a: Archaludon|Archaludon, L50, M, shiny|100/100\n|switch|p2a: Greninja|Greninja, L50, M|100/100\n|turn|1\n|\n|t:|1776208895\n|move|p2a: Greninja|Dark Pulse|p1a: Archaludon\n|-damage|p1a: Archaludon|65/100\n|-ability|p1a: Archaludon|Stamina|boost\n|-boost|p1a: Archaludon|def|1\n|cant|p1a: Archaludon|flinch\n|\n|upkeep\n|turn|2\n|j| p74\n|\n|t:|1776208912\n|move|p2a: Greninja|Dark Pulse|p1a: Archaludon\n|-damage|p1a: Archaludon|34/100\n|-ability|p1a: Archaludon|Stamina|boost\n|-boost|p1a: Archaludon|def|1\n|-enditem|p1a: Archaludon|Sitrus Berry|[eat]\n|-heal|p1a: Archaludon|59/100|[from] item: Sitrus Berry\n|cant|p1a: Archaludon|flinch\n|\n|upkeep\n|turn|3\n|\n|t:|1776208922\n|move|p2a: Greninja|Dark Pulse|p1a: Archaludon\n|-damage|p1a: Archaludon|23/100\n|-ability|p1a: Archaludon|Stamina|boost\n|-boost|p1a: Archaludon|def|1\n|move|p1a: Archaludon|Thunder Wave|p2a: Greninja\n|-status|p2a: Greninja|par\n|\n|upkeep\n|turn|4\n|\n|t:|1776208930\n|move|p1a: Archaludon|Stealth Rock|p2a: Greninja\n|-sidestart|p2: DiceyRice|move: Stealth Rock\n|move|p2a: Greninja|Dark Pulse|p1a: Archaludon\n|-damage|p1a: Archaludon|0 fnt\n|faint|p1a: Archaludon\n|\n|upkeep\n|\n|t:|1776208938\n|switch|p1a: Clefable|Clefable, L50, M, shiny|100/100\n|turn|5\n|\n|t:|1776208941\n|move|p2a: Greninja|Surf|p1a: Clefable\n|-damage|p1a: Clefable|62/100\n|move|p1a: Clefable|Cosmic Power|p1a: Clefable\n|-boost|p1a: Clefable|def|1\n|-boost|p1a: Clefable|spd|1\n|\n|-heal|p1a: Clefable|68/100|[from] item: Leftovers\n|upkeep\n|turn|6\n|\n|t:|1776208950\n|switch|p2a: Kingambit|Kingambit, L50, M|100/100\n|-damage|p2a: Kingambit|95/100|[from] Stealth Rock\n|move|p1a: Clefable|Cosmic Power|p1a: Clefable\n|-boost|p1a: Clefable|def|1\n|-boost|p1a: Clefable|spd|1\n|\n|-heal|p1a: Clefable|74/100|[from] item: Leftovers\n|upkeep\n|turn|7\n|\n|t:|1776208961\n|move|p1a: Clefable|Cosmic Power|p1a: Clefable\n|-boost|p1a: Clefable|def|1\n|-boost|p1a: Clefable|spd|1\n|move|p2a: Kingambit|Swords Dance|p2a: Kingambit\n|-boost|p2a: Kingambit|atk|2\n|\n|-heal|p1a: Clefable|80/100|[from] item: Leftovers\n|upkeep\n|turn|8\n|\n|t:|1776208970\n|move|p1a: Clefable|Cosmic Power|p1a: Clefable\n|-boost|p1a: Clefable|def|1\n|-boost|p1a: Clefable|spd|1\n|move|p2a: Kingambit|Iron Head|p1a: Clefable\n|-supereffective|p1a: Clefable|1\n|-damage|p1a: Clefable|52/100\n|\n|-heal|p1a: Clefable|58/100|[from] item: Leftovers\n|upkeep\n|turn|9\n|\n|t:|1776208978\n|move|p1a: Clefable|Cosmic Power|p1a: Clefable\n|-boost|p1a: Clefable|def|1\n|-boost|p1a: Clefable|spd|1\n|move|p2a: Kingambit|Swords Dance|p2a: Kingambit\n|-boost|p2a: Kingambit|atk|2\n|\n|-heal|p1a: Clefable|64/100|[from] item: Leftovers\n|upkeep\n|turn|10\n|\n|t:|1776208987\n|move|p1a: Clefable|Cosmic Power|p1a: Clefable\n|-boost|p1a: Clefable|def|1\n|-boost|p1a: Clefable|spd|1\n|move|p2a: Kingambit|Swords Dance|p2a: Kingambit\n|-boost|p2a: Kingambit|atk|2\n|\n|-heal|p1a: Clefable|70/100|[from] item: Leftovers\n|upkeep\n|turn|11\n|\n|t:|1776208997\n|move|p1a: Clefable|Moonlight|p1a: Clefable\n|-heal|p1a: Clefable|100/100\n|move|p2a: Kingambit|Iron Head|p1a: Clefable\n|-supereffective|p1a: Clefable|1\n|-damage|p1a: Clefable|82/100\n|\n|-heal|p1a: Clefable|88/100|[from] item: Leftovers\n|upkeep\n|turn|12\n|\n|t:|1776209006\n|move|p1a: Clefable|Charge Beam|p2a: Kingambit\n|-damage|p2a: Kingambit|84/100\n|-boost|p1a: Clefable|spa|1\n|move|p2a: Kingambit|Iron Head|p1a: Clefable\n|-supereffective|p1a: Clefable|1\n|-damage|p1a: Clefable|66/100\n|\n|-heal|p1a: Clefable|72/100|[from] item: Leftovers\n|upkeep\n|turn|13\n|\n|t:|1776209015\n|move|p1a: Clefable|Charge Beam|p2a: Kingambit|[miss]\n|-miss|p1a: Clefable|p2a: Kingambit\n|move|p2a: Kingambit|Iron Head|p1a: Clefable\n|-supereffective|p1a: Clefable|1\n|-damage|p1a: Clefable|50/100\n|\n|-heal|p1a: Clefable|56/100|[from] item: Leftovers\n|upkeep\n|turn|14\n|\n|t:|1776209023\n|move|p1a: Clefable|Charge Beam|p2a: Kingambit\n|-damage|p2a: Kingambit|67/100\n|-boost|p1a: Clefable|spa|1\n|move|p2a: Kingambit|Iron Head|p1a: Clefable\n|-supereffective|p1a: Clefable|1\n|-damage|p1a: Clefable|37/100\n|\n|-heal|p1a: Clefable|43/100|[from] item: Leftovers\n|upkeep\n|turn|15\n|\n|t:|1776209033\n|move|p1a: Clefable|Moonlight|p1a: Clefable\n|-heal|p1a: Clefable|93/100\n|move|p2a: Kingambit|Iron Head|p1a: Clefable\n|-supereffective|p1a: Clefable|1\n|-crit|p1a: Clefable\n|-damage|p1a: Clefable|0 fnt\n|faint|p1a: Clefable\n|\n|upkeep\n|\n|t:|1776209043\n|switch|p1a: Delphox|Delphox, L50, M, shiny|100/100\n|turn|16\n|\n|t:|1776209059\n|detailschange|p1a: Delphox|Delphox-Mega, L50, M, shiny\n|-mega|p1a: Delphox|Delphox|Delphoxite\n|move|p2a: Kingambit|Sucker Punch||[still]\n|-fail|p2a: Kingambit\n|move|p1a: Delphox|Encore|p2a: Kingambit\n|-start|p2a: Kingambit|Encore\n|\n|upkeep\n|turn|17\n|\n|t:|1776209067\n|move|p2a: Kingambit|Sucker Punch||[still]\n|-fail|p2a: Kingambit\n|move|p1a: Delphox|Nasty Plot|p1a: Delphox\n|-boost|p1a: Delphox|spa|2\n|\n|upkeep\n|turn|18\n|\n|t:|1776209073\n|move|p2a: Kingambit|Sucker Punch||[still]\n|-fail|p2a: Kingambit\n|move|p1a: Delphox|Nasty Plot|p1a: Delphox\n|-boost|p1a: Delphox|spa|2\n|\n|upkeep\n|turn|19\n|\n|t:|1776209080\n|-end|p2a: Kingambit|fallenundefined|[silent]\n|switch|p2a: Greninja|Greninja, L50, M|100/100 par\n|-damage|p2a: Greninja|88/100 par|[from] Stealth Rock\n|move|p1a: Delphox|Nasty Plot|p1a: Delphox\n|-boost|p1a: Delphox|spa|2\n|\n|upkeep\n|turn|20\n|\n|t:|1776209090\n|move|p2a: Greninja|Water Shuriken|p1a: Delphox\n|-supereffective|p1a: Delphox|1\n|-damage|p1a: Delphox|85/100\n|-supereffective|p1a: Delphox|1\n|-damage|p1a: Delphox|69/100\n|-hitcount|p1a: Delphox|2\n|move|p1a: Delphox|Flamethrower|p2a: Greninja\n|-resisted|p2a: Greninja|1\n|-damage|p2a: Greninja|0 fnt\n|faint|p2a: Greninja\n|\n|upkeep\n|\n|t:|1776209092\n|switch|p2a: Mimikyu|Mimikyu, L50, F|100/100\n|-damage|p2a: Mimikyu|89/100|[from] Stealth Rock\n|turn|21\n|\n|t:|1776209106\n|move|p1a: Delphox|Flamethrower|p2a: Mimikyu\n|-activate|p2a: Mimikyu|ability: Disguise\n|-damage|p2a: Mimikyu|89/100\n|detailschange|p2a: Mimikyu|Mimikyu-Busted, L50, F\n|-damage|p2a: Mimikyu|77/100|[from] pokemon: Mimikyu-Busted\n|move|p2a: Mimikyu|Shadow Claw|p1a: Delphox\n|-supereffective|p1a: Delphox|1\n|-damage|p1a: Delphox|0 fnt\n|faint|p1a: Delphox\n|\n|win|DiceyRice\n|raw|Allbiz's rating: 1246 &rarr; <strong>1231</strong><br />(-15 for losing)\n|raw|DiceyRice's rating: 1388 &rarr; <strong>1400</strong><br />(+12 for winning)\n|l|\u2606DiceyRice\n|player|p2|\n|l|\u2606Allbiz\n|player|p1|\n",
  "uploadtime": 1776209381,
  "views": 1,
  "formatid": "gen9championsbssregma",
  "rating": 1231,
  "private": 0,
  "password": null
}