{
  "id": "gen9championsbssregma-2583216074",
  "format": "[Gen 9 Champions] BSS Reg M-A",
  "players": [
    "Jordio",
    "M Y Raymachine"
  ],
  "log": "|j|\u2606Jordio\n|j|\u2606M Y Raymachine\n|t:|1776155766\n|gametype|singles\n|player|p1|Jordio|alder|1356\n|player|p2|M Y Raymachine|waiter-gen4|1253\n|gen|9\n|tier|[Gen 9 Champions] BSS Reg M-A\n|rated|\n|rule|Species Clause: Limit one of each Pok\u00e9mon\n|rule|Item Clause: Limit 1 of each item\n|clearpoke\n|poke|p1|Clefable, L50, M|\n|poke|p1|Rotom-Wash, L50|\n|poke|p1|Umbreon, L50, M|\n|poke|p1|Venusaur, L50, M|\n|poke|p1|Goodra-Hisui, L50, M|\n|poke|p1|Basculegion, L50, M|\n|poke|p2|Skarmory, L50, M|\n|poke|p2|Garchomp, L50, M|\n|poke|p2|Hydreigon, L50, M|\n|poke|p2|Aegislash, L50, M|\n|poke|p2|Delphox, L50, F|\n|poke|p2|Glimmora, L50, M|\n|teampreview|3\n|inactive|Battle timer is ON: inactive players will automatically lose when time's up. (requested by Jordio)\n|j| p74\n|inactive|Jordio has 60 seconds left.\n|inactive|M Y Raymachine has 60 seconds left.\n|inactive|Jordio has 30 seconds left.\n|\n|t:|1776155831\n|teamsize|p1|3\n|teamsize|p2|3\n|start\n|switch|p1a: Rotom|Rotom-Wash, L50, shiny|100/100\n|switch|p2a: Aegislash|Aegislash, L50, M, shiny|100/100\n|turn|1\n|\n|t:|1776155836\n|move|p1a: Rotom|Will-O-Wisp|p2a: Aegislash\n|-status|p2a: Aegislash|brn\n|-formechange|p2a: Aegislash|Aegislash-Blade|\n|move|p2a: Aegislash|Poltergeist|p1a: Rotom\n|-activate|p1a: Rotom|move: Poltergeist|Sitrus Berry\n|-damage|p1a: Rotom|75/100\n|\n|-damage|p2a: Aegislash|95/100 brn|[from] brn\n|upkeep\n|turn|2\n|\n|t:|1776155847\n|move|p1a: Rotom|Hydro Pump|p2a: Aegislash\n|-damage|p2a: Aegislash|19/100 brn\n|move|p2a: Aegislash|Poltergeist|p1a: Rotom\n|-activate|p1a: Rotom|move: Poltergeist|Sitrus Berry\n|-damage|p1a: Rotom|48/100\n|-enditem|p1a: Rotom|Sitrus Berry|[eat]\n|-heal|p1a: Rotom|72/100|[from] item: Sitrus Berry\n|\n|-heal|p2a: Aegislash|25/100 brn|[from] item: Leftovers\n|-damage|p2a: Aegislash|19/100 brn|[from] brn\n|upkeep\n|turn|3\n|\n|t:|1776155859\n|move|p1a: Rotom|Hydro Pump|p2a: Aegislash\n|-crit|p2a: Aegislash\n|-damage|p2a: Aegislash|0 fnt\n|faint|p2a: Aegislash\n|\n|upkeep\n|\n|t:|1776155874\n|switch|p2a: Garchomp|Garchomp, L50, M, shiny|100/100\n|turn|4\n|\n|t:|1776155877\n|move|p2a: Garchomp|Swords Dance|p2a: Garchomp\n|-boost|p2a: Garchomp|atk|2\n|move|p1a: Rotom|Will-O-Wisp|p2a: Garchomp\n|-status|p2a: Garchomp|brn\n|-enditem|p2a: Garchomp|Lum Berry|[eat]\n|-curestatus|p2a: Garchomp|brn|[msg]\n|\n|upkeep\n|turn|5\n|\n|t:|1776155883\n|move|p2a: Garchomp|Outrage|p1a: Rotom\n|-damage|p1a: Rotom|0 fnt\n|faint|p1a: Rotom\n|\n|upkeep\n|\n|t:|1776155885\n|switch|p1a: Clefable|Clefable, L50, M, shiny|100/100\n|turn|6\n|\n|t:|1776155889\n|move|p2a: Garchomp|Outrage|p1a: Clefable|[from] lockedmove\n|-immune|p1a: Clefable\n|-start|p2a: Garchomp|confusion|[fatigue]\n|move|p1a: Clefable|Moonblast|p2a: Garchomp\n|-supereffective|p2a: Garchomp|1\n|-crit|p2a: Garchomp\n|-damage|p2a: Garchomp|3/100\n|-unboost|p2a: Garchomp|spa|1\n|\n|upkeep\n|turn|7\n|\n|t:|1776155893\n|-activate|p2a: Garchomp|confusion\n|move|p2a: Garchomp|Earthquake|p1a: Clefable\n|-damage|p1a: Clefable|63/100\n|move|p1a: Clefable|Moonblast|p2a: Garchomp\n|-supereffective|p2a: Garchomp|1\n|-damage|p2a: Garchomp|0 fnt\n|faint|p2a: Garchomp\n|\n|upkeep\n|\n|t:|1776155897\n|switch|p2a: Delphox|Delphox, L50, F|100/100\n|turn|8\n|\n|t:|1776155905\n|detailschange|p2a: Delphox|Delphox-Mega, L50, F\n|-mega|p2a: Delphox|Delphox|Delphoxite\n|move|p2a: Delphox|Flamethrower|p1a: Clefable\n|-damage|p1a: Clefable|12/100\n|move|p1a: Clefable|Calm Mind|p1a: Clefable\n|-boost|p1a: Clefable|spa|1\n|-boost|p1a: Clefable|spd|1\n|\n|upkeep\n|turn|9\n|\n|t:|1776155914\n|move|p2a: Delphox|Flamethrower|p1a: Clefable\n|-damage|p1a: Clefable|0 fnt\n|faint|p1a: Clefable\n|\n|upkeep\n|\n|t:|1776155916\n|switch|p1a: Basculegion|Basculegion, L50, M, shiny|100/100\n|turn|10\n|\n|t:|1776155920\n|move|p2a: Delphox|Grass Knot|p1a: Basculegion\n|-supereffective|p1a: Basculegion|1\n|-damage|p1a: Basculegion|0 fnt\n|faint|p1a: Basculegion\n|\n|win|M Y Raymachine\n|raw|Jordio's rating: 1356 &rarr; <strong>1330</strong><br />(-26 for losing)\n|raw|M Y Raymachine's rating: 1253 &rarr; <strong>1285</strong><br />(+32 for winning)\n|l|\u2606Jordio\n|player|p1|\n|l|\u2606M Y Raymachine\n|player|p2|\n",
  "uploadtime": 1776155984,
  "views": 2,
  "formatid": "gen9championsbssregma",
  "rating": 1285,
  "private": 0,
  "password": null
}