{
  "id": "gen9championsbssregma-2584108137",
  "format": "[Gen 9 Champions] BSS Reg M-A",
  "players": [
    "genba64",
    "kyotoyoko"
  ],
  "log": "|j|\u2606genba64\n|j|\u2606kyotoyoko\n|t:|1776225990\n|gametype|singles\n|player|p1|genba64|170|1341\n|player|p2|kyotoyoko|caitlin|1275\n|gen|9\n|tier|[Gen 9 Champions] BSS Reg M-A\n|rated|\n|rule|Species Clause: Limit one of each Pok\u00e9mon\n|rule|Item Clause: Limit 1 of each item\n|clearpoke\n|poke|p1|Garchomp, L50, M|\n|poke|p1|Palafin, L50, F|\n|poke|p1|Floette-Eternal, L50, F|\n|poke|p1|Hydreigon, L50, M|\n|poke|p1|Aegislash, L50, F|\n|poke|p1|Venusaur, L50, M|\n|poke|p2|Hippowdon, L50, F|\n|poke|p2|Charizard, L50, F|\n|poke|p2|Corviknight, L50, F|\n|poke|p2|Primarina, L50, F|\n|poke|p2|Gengar, L50, F|\n|poke|p2|Mimikyu, L50, F|\n|teampreview|3\n|\n|t:|1776226015\n|teamsize|p1|3\n|teamsize|p2|3\n|start\n|switch|p1a: Palafin|Palafin, L50, F|100/100\n|switch|p2a: Hippowdon|Hippowdon, L50, F|100/100\n|-weather|Sandstorm|[from] ability: Sand Stream|[of] p2a: Hippowdon\n|turn|1\n|inactive|Battle timer is ON: inactive players will automatically lose when time's up. (requested by kyotoyoko)\n|inactive|genba64 has 60 seconds left.\n|j| p74\n|\n|t:|1776226056\n|move|p1a: Palafin|Flip Turn|p2a: Hippowdon\n|-supereffective|p2a: Hippowdon|1\n|-damage|p2a: Hippowdon|72/100\n|\n|t:|1776226060\n|detailschange|p1a: Palafin|Palafin-Hero, L50, F\n|switch|p1a: Garchomp|Garchomp, L50, M|100/100|[from] Flip Turn\n|move|p2a: Hippowdon|Yawn|p1a: Garchomp\n|-start|p1a: Garchomp|move: Yawn|[of] p2a: Hippowdon\n|\n|-weather|Sandstorm|[upkeep]\n|upkeep\n|turn|2\n|\n|t:|1776226072\n|move|p1a: Garchomp|Stealth Rock|p2a: Hippowdon\n|-sidestart|p2: kyotoyoko|move: Stealth Rock\n|move|p2a: Hippowdon|Yawn||[still]\n|-fail|p2a: Hippowdon\n|\n|-weather|Sandstorm|[upkeep]\n|-end|p1a: Garchomp|move: Yawn|[silent]\n|-status|p1a: Garchomp|slp\n|upkeep\n|turn|3\n|\n|t:|1776226079\n|cant|p1a: Garchomp|slp\n|move|p2a: Hippowdon|Whirlwind|p1a: Garchomp\n|drag|p1a: Floette|Floette-Eternal, L50, F|100/100\n|\n|-weather|Sandstorm|[upkeep]\n|-damage|p1a: Floette|94/100|[from] Sandstorm\n|upkeep\n|turn|4\n|\n|t:|1776226086\n|detailschange|p1a: Floette|Floette-Mega, L50, F\n|-mega|p1a: Floette|Floette|Floettite\n|-ability|p1a: Floette|Fairy Aura\n|move|p1a: Floette|Light of Ruin|p2a: Hippowdon\n|-damage|p2a: Hippowdon|0 fnt\n|faint|p2a: Hippowdon\n|-damage|p1a: Floette|52/100|[from] Recoil\n|\n|-weather|Sandstorm|[upkeep]\n|-damage|p1a: Floette|46/100|[from] Sandstorm\n|upkeep\n|\n|t:|1776226095\n|switch|p2a: Primarina|Primarina, L50, F|100/100\n|-damage|p2a: Primarina|88/100|[from] Stealth Rock\n|turn|5\n|\n|t:|1776226106\n|move|p1a: Floette|Calm Mind|p1a: Floette\n|-boost|p1a: Floette|spa|1\n|-boost|p1a: Floette|spd|1\n|move|p2a: Primarina|Sparkling Aria|p1a: Floette\n|-damage|p1a: Floette|22/100\n|\n|-weather|none\n|upkeep\n|turn|6\n|\n|t:|1776226114\n|switch|p2a: Charizard|Charizard, L50, F|100/100\n|-damage|p2a: Charizard|51/100|[from] Stealth Rock\n|move|p1a: Floette|Synthesis|p1a: Floette\n|-heal|p1a: Floette|72/100\n|\n|upkeep\n|turn|7\n|\n|t:|1776226125\n|detailschange|p2a: Charizard|Charizard-Mega-X, L50, F\n|-mega|p2a: Charizard|Charizard|Charizardite X\n|move|p2a: Charizard|Flare Blitz|p1a: Floette\n|-damage|p1a: Floette|0 fnt\n|faint|p1a: Floette\n|-damage|p2a: Charizard|26/100|[from] Recoil\n|\n|upkeep\n|\n|t:|1776226132\n|switch|p1a: Palafin|Palafin-Hero, L50, F|100/100\n|-activate|p1a: Palafin|ability: Zero to Hero\n|turn|8\n|\n|t:|1776226139\n|move|p1a: Palafin|Wave Crash|p2a: Charizard\n|-damage|p2a: Charizard|0 fnt\n|faint|p2a: Charizard\n|-damage|p1a: Palafin|92/100|[from] Recoil\n|\n|upkeep\n|\n|t:|1776226141\n|switch|p2a: Primarina|Primarina, L50, F|88/100\n|-damage|p2a: Primarina|76/100|[from] Stealth Rock\n|turn|9\n|\n|t:|1776226147\n|move|p1a: Palafin|Wave Crash|p2a: Primarina\n|-resisted|p2a: Primarina|1\n|-damage|p2a: Primarina|33/100\n|-damage|p1a: Palafin|77/100|[from] Recoil\n|move|p2a: Primarina|Energy Ball|p1a: Palafin\n|-supereffective|p1a: Palafin|1\n|-damage|p1a: Palafin|17/100\n|\n|upkeep\n|turn|10\n|\n|t:|1776226155\n|move|p2a: Primarina|Aqua Jet|p1a: Palafin\n|-resisted|p1a: Palafin|1\n|-damage|p1a: Palafin|8/100\n|move|p1a: Palafin|Wave Crash|p2a: Primarina\n|-resisted|p2a: Primarina|1\n|-damage|p2a: Primarina|0 fnt\n|faint|p2a: Primarina\n|-damage|p1a: Palafin|0 fnt|[from] Recoil\n|faint|p1a: Palafin\n|\n|win|genba64\n|raw|genba64's rating: 1341 &rarr; <strong>1357</strong><br />(+16 for winning)\n|raw|kyotoyoko's rating: 1275 &rarr; <strong>1255</strong><br />(-20 for losing)\n|l|\u2606kyotoyoko\n|player|p2|\n|l|\u2606genba64\n|player|p1|\n",
  "uploadtime": 1776226247,
  "views": 3,
  "formatid": "gen9championsbssregma",
  "rating": 1255,
  "private": 0,
  "password": null
}