{
  "id": "gen9championsbssregma-2585950874",
  "format": "[Gen 9 Champions] BSS Reg M-A",
  "players": [
    "meraton",
    "Gshs5"
  ],
  "log": "|j|\u2606meraton\n|j|\u2606Gshs5\n|t:|1776384403\n|gametype|singles\n|player|p1|meraton|266|1213\n|player|p2|Gshs5|266|1192\n|gen|9\n|tier|[Gen 9 Champions] BSS Reg M-A\n|rated|\n|rule|Species Clause: Limit one of each Pok\u00e9mon\n|rule|Item Clause: Limit 1 of each item\n|clearpoke\n|poke|p1|Slurpuff, L50, F|\n|poke|p1|Ninetales-Alola, L50, M|\n|poke|p1|Basculegion, L50, M|\n|poke|p1|Heracross, L50, M|\n|poke|p1|Aegislash, L50, F|\n|poke|p1|Umbreon, L50, F|\n|poke|p2|Absol, L50, F|\n|poke|p2|Gyarados, L50, F|\n|poke|p2|Garchomp, L50, F|\n|poke|p2|Serperior, L50, F|\n|poke|p2|Aegislash, L50, F|\n|poke|p2|Pinsir, L50, M|\n|teampreview|3\n|inactive|Battle timer is ON: inactive players will automatically lose when time's up. (requested by Gshs5)\n|inactive|meraton has 60 seconds left.\n|\n|t:|1776384476\n|teamsize|p1|3\n|teamsize|p2|3\n|start\n|switch|p1a: Slurpuff|Slurpuff, L50, F|100/100\n|switch|p2a: Serperior|Serperior, L50, F|100/100\n|turn|1\n|\n|t:|1776384495\n|move|p2a: Serperior|Leaf Storm|p1a: Slurpuff\n|-damage|p1a: Slurpuff|36/100\n|-boost|p2a: Serperior|spa|2\n|-enditem|p1a: Slurpuff|Oran Berry|[eat]\n|-heal|p1a: Slurpuff|42/100|[from] item: Oran Berry\n|move|p1a: Slurpuff|Yawn|p2a: Serperior\n|-start|p2a: Serperior|move: Yawn|[of] p1a: Slurpuff\n|\n|upkeep\n|turn|2\n|\n|t:|1776384510\n|switch|p2a: Garchomp|Garchomp, L50, F|100/100\n|move|p1a: Slurpuff|Sticky Web|p2a: Garchomp\n|-sidestart|p2: Gshs5|move: Sticky Web\n|\n|upkeep\n|turn|3\n|inactive|meraton has 30 seconds left.\n|\n|t:|1776384543\n|move|p1a: Slurpuff|Endeavor|p2a: Garchomp\n|-damage|p2a: Garchomp|43/100\n|-damage|p1a: Slurpuff|30/100|[from] ability: Rough Skin|[of] p2a: Garchomp\n|move|p2a: Garchomp|Earthquake|p1a: Slurpuff\n|-damage|p1a: Slurpuff|0 fnt\n|faint|p1a: Slurpuff\n|\n|upkeep\n|\n|t:|1776384557\n|switch|p1a: Heracross|Heracross, L50, M|100/100\n|turn|4\n|\n|t:|1776384576\n|detailschange|p1a: Heracross|Heracross-Mega, L50, M\n|-mega|p1a: Heracross|Heracross|Heracronite\n|move|p2a: Garchomp|Fire Fang|p1a: Heracross\n|-supereffective|p1a: Heracross|1\n|-damage|p1a: Heracross|50/100\n|move|p1a: Heracross|Earthquake|p2a: Garchomp\n|-damage|p2a: Garchomp|0 fnt\n|faint|p2a: Garchomp\n|\n|upkeep\n|\n|t:|1776384583\n|switch|p2a: Pinsir|Pinsir, L50, M|100/100\n|-activate|p2a: Pinsir|move: Sticky Web\n|-unboost|p2a: Pinsir|spe|1\n|turn|5\n|\n|t:|1776384593\n|detailschange|p2a: Pinsir|Pinsir-Mega, L50, M\n|-mega|p2a: Pinsir|Pinsir|Pinsirite\n|move|p2a: Pinsir|Feint|p1a: Heracross\n|-supereffective|p1a: Heracross|2\n|-damage|p1a: Heracross|0 fnt\n|faint|p1a: Heracross\n|\n|upkeep\n|\n|t:|1776384599\n|switch|p1a: Basculegion|Basculegion, L50, M|100/100\n|turn|6\n|\n|t:|1776384611\n|move|p1a: Basculegion|Last Respects|p2a: Pinsir\n|-damage|p2a: Pinsir|0 fnt\n|faint|p2a: Pinsir\n|\n|upkeep\n|\n|t:|1776384613\n|switch|p2a: Serperior|Serperior, L50, F|100/100\n|-activate|p2a: Serperior|move: Sticky Web\n|-boost|p2a: Serperior|spe|1\n|turn|7\n|\n|t:|1776384619\n|move|p2a: Serperior|Leaf Storm|p1a: Basculegion\n|-supereffective|p1a: Basculegion|1\n|-damage|p1a: Basculegion|0 fnt\n|-boost|p2a: Serperior|spa|2\n|faint|p1a: Basculegion\n|\n|win|Gshs5\n|raw|meraton's rating: 1213 &rarr; <strong>1186</strong><br />(-27 for losing)\n|raw|Gshs5's rating: 1192 &rarr; <strong>1219</strong><br />(+27 for winning)\n",
  "uploadtime": 1776384621,
  "views": 10,
  "formatid": "gen9championsbssregma",
  "rating": 1186,
  "private": 0,
  "password": null
}