{
  "id": "gen9championsbssregma-2585888694",
  "format": "[Gen 9 Champions] BSS Reg M-A",
  "players": [
    "Venti0406",
    "UtopicTurtle"
  ],
  "log": "|j|\u2606Venti0406\n|j|\u2606UtopicTurtle\n|t:|1776378669\n|gametype|singles\n|player|p1|Venti0406|n|1043\n|player|p2|UtopicTurtle|drayden|1192\n|gen|9\n|tier|[Gen 9 Champions] BSS Reg M-A\n|rated|\n|rule|Species Clause: Limit one of each Pok\u00e9mon\n|rule|Item Clause: Limit 1 of each item\n|clearpoke\n|poke|p1|Lopunny, L50, M|\n|poke|p1|Corviknight, L50, M|\n|poke|p1|Milotic, L50, M|\n|poke|p1|Gengar, L50, F|\n|poke|p1|Aegislash, L50, M|\n|poke|p1|Rotom-Wash, L50|\n|poke|p2|Meganium, L50, F|\n|poke|p2|Garchomp, L50, M|\n|poke|p2|Quaquaval, L50, F|\n|poke|p2|Kingambit, L50, M|\n|poke|p2|Volcarona, L50, F|\n|poke|p2|Gengar, L50, F|\n|teampreview|3\n|inactive|Battle timer is ON: inactive players will automatically lose when time's up. (requested by Venti0406)\n|\n|t:|1776378686\n|teamsize|p1|3\n|teamsize|p2|3\n|start\n|switch|p1a: Lopunny|Lopunny, L50, M|100/100\n|switch|p2a: Quaquaval|Quaquaval, L50, F|100/100\n|turn|1\n|\n|t:|1776378696\n|detailschange|p1a: Lopunny|Lopunny-Mega, L50, M\n|-mega|p1a: Lopunny|Lopunny|Lopunnite\n|move|p1a: Lopunny|Fake Out|p2a: Quaquaval\n|-damage|p2a: Quaquaval|72/100\n|cant|p2a: Quaquaval|flinch\n|\n|upkeep\n|turn|2\n|\n|t:|1776378704\n|move|p1a: Lopunny|U-turn|p2a: Quaquaval\n|-resisted|p2a: Quaquaval|1\n|-damage|p2a: Quaquaval|56/100\n|\n|t:|1776378713\n|switch|p1a: Corviknight|Corviknight, L50, M|100/100|[from] U-turn\n|move|p2a: Quaquaval|Close Combat|p1a: Corviknight\n|-damage|p1a: Corviknight|62/100\n|-unboost|p2a: Quaquaval|def|1\n|-unboost|p2a: Quaquaval|spd|1\n|\n|upkeep\n|turn|3\n|\n|t:|1776378726\n|switch|p2a: Gengar|Gengar, L50, F|100/100\n|move|p1a: Corviknight|U-turn|p2a: Gengar\n|-resisted|p2a: Gengar|2\n|-damage|p2a: Gengar|93/100\n|\n|t:|1776378733\n|switch|p1a: Lopunny|Lopunny-Mega, L50, M|100/100|[from] U-turn\n|\n|upkeep\n|turn|4\n|\n|t:|1776378741\n|detailschange|p2a: Gengar|Gengar-Mega, L50, F\n|-mega|p2a: Gengar|Gengar|Gengarite\n|move|p1a: Lopunny|Fake Out|p2a: Gengar\n|-damage|p2a: Gengar|60/100\n|cant|p2a: Gengar|flinch\n|\n|upkeep\n|turn|5\n|\n|t:|1776378748\n|move|p1a: Lopunny|U-turn|p2a: Gengar\n|-resisted|p2a: Gengar|2\n|-damage|p2a: Gengar|49/100\n|\n|t:|1776378752\n|switch|p1a: Milotic|Milotic, L50, M|100/100|[from] U-turn\n|move|p2a: Gengar|Psychic|p1a: Milotic\n|-damage|p1a: Milotic|80/100\n|\n|-heal|p1a: Milotic|86/100|[from] item: Leftovers\n|upkeep\n|turn|6\n|\n|t:|1776378767\n|switch|p2a: Quaquaval|Quaquaval, L50, F|56/100\n|move|p1a: Milotic|Flip Turn|p2a: Quaquaval\n|-resisted|p2a: Quaquaval|1\n|-damage|p2a: Quaquaval|47/100\n|\n|t:|1776378773\n|switch|p1a: Lopunny|Lopunny-Mega, L50, M|100/100|[from] Flip Turn\n|\n|upkeep\n|turn|7\n|\n|t:|1776378780\n|move|p1a: Lopunny|Fake Out|p2a: Quaquaval\n|-damage|p2a: Quaquaval|17/100\n|cant|p2a: Quaquaval|flinch\n|\n|upkeep\n|turn|8\n|\n|t:|1776378796\n|move|p1a: Lopunny|U-turn|p2a: Quaquaval\n|-resisted|p2a: Quaquaval|1\n|-damage|p2a: Quaquaval|0 fnt\n|faint|p2a: Quaquaval\n|\n|t:|1776378800\n|switch|p1a: Milotic|Milotic, L50, M|86/100|[from] U-turn\n|\n|-heal|p1a: Milotic|92/100|[from] item: Leftovers\n|upkeep\n|\n|t:|1776378811\n|switch|p2a: Gengar|Gengar-Mega, L50, F|49/100\n|turn|9\n|l|\u2606Venti0406\n|inactive|Venti0406 disconnected and has a minute to reconnect!\n|player|p1|\n|j|\u2606Venti0406\n|inactive|Venti0406 reconnected and has 35 seconds left.\n|player|p1|Venti0406|n|\n|\n|t:|1776378835\n|move|p2a: Gengar|Nasty Plot|p2a: Gengar\n|-boost|p2a: Gengar|spa|2\n|move|p1a: Milotic|Flip Turn|p2a: Gengar\n|-damage|p2a: Gengar|24/100\n|\n|t:|1776378841\n|switch|p1a: Lopunny|Lopunny-Mega, L50, M|100/100|[from] Flip Turn\n|\n|upkeep\n|turn|10\n|\n|t:|1776378849\n|move|p1a: Lopunny|Fake Out|p2a: Gengar\n|-damage|p2a: Gengar|0 fnt\n|faint|p2a: Gengar\n|\n|upkeep\n|\n|t:|1776378851\n|switch|p2a: Garchomp|Garchomp, L50, M|100/100\n|turn|11\n|\n|t:|1776378857\n|move|p1a: Lopunny|U-turn|p2a: Garchomp\n|-damage|p2a: Garchomp|78/100\n|-damage|p1a: Lopunny|89/100|[from] ability: Rough Skin|[of] p2a: Garchomp\n|\n|t:|1776378863\n|switch|p1a: Corviknight|Corviknight, L50, M|62/100|[from] U-turn\n|move|p2a: Garchomp|Rock Tomb|p1a: Corviknight\n|-damage|p1a: Corviknight|46/100\n|-ability|p1a: Corviknight|Mirror Armor\n|-unboost|p2a: Garchomp|spe|1\n|-enditem|p1a: Corviknight|Sitrus Berry|[eat]\n|-heal|p1a: Corviknight|71/100|[from] item: Sitrus Berry\n|\n|upkeep\n|turn|12\n|-message|UtopicTurtle forfeited.\n|\n|win|Venti0406\n|raw|Venti0406's rating: 1043 &rarr; <strong>1090</strong><br />(+47 for winning)\n|raw|UtopicTurtle's rating: 1192 &rarr; <strong>1157</strong><br />(-35 for losing)\n|l|\u2606UtopicTurtle\n|player|p2|\n",
  "uploadtime": 1776378876,
  "views": 19,
  "formatid": "gen9championsbssregma",
  "rating": 1090,
  "private": 0,
  "password": null
}