{
  "id": "gen9championsbssregma-2580832370",
  "format": "[Gen 9 Champions] BSS Reg M-A",
  "players": [
    "Yani Aprieto",
    "dragonroi"
  ],
  "log": "|j|\u2606Yani Aprieto\n|j|\u2606dragonroi\n|t:|1775936129\n|gametype|singles\n|player|p1|Yani Aprieto|caitlin|1000\n|player|p2|dragonroi|n|1000\n|gen|9\n|tier|[Gen 9 Champions] BSS Reg M-A\n|rated|\n|rule|Species Clause: Limit one of each Pok\u00e9mon\n|rule|Item Clause: Limit 1 of each item\n|clearpoke\n|poke|p1|Beedrill, L50, F|\n|poke|p1|Gengar, L50, F|\n|poke|p1|Slowking-Galar, L50, F|\n|poke|p1|Toxapex, L50, F|\n|poke|p1|Salazzle, L50, F|\n|poke|p1|Sneasler, L50, F|\n|poke|p2|Gengar, L50, F|\n|poke|p2|Clefable, L50, M|\n|poke|p2|Kommo-o, L50, M|\n|poke|p2|Sinistcha, L50|\n|poke|p2|Incineroar, L50, F|\n|poke|p2|Dragonite, L50, M|\n|teampreview|3\n|inactive|Battle timer is ON: inactive players will automatically lose when time's up. (requested by dragonroi)\n|\n|t:|1775936164\n|teamsize|p1|3\n|teamsize|p2|3\n|start\n|switch|p1a: Salazzle|Salazzle, L50, F, shiny|100/100\n|switch|p2a: Gengar|Gengar, L50, F|100/100\n|turn|1\n|\n|t:|1775936176\n|detailschange|p2a: Gengar|Gengar-Mega, L50, F\n|-mega|p2a: Gengar|Gengar|Gengarite\n|move|p2a: Gengar|Perish Song|p2a: Gengar\n|-start|p1a: Salazzle|perish3|[silent]\n|-start|p2a: Gengar|perish3|[silent]\n|-fieldactivate|move: Perish Song\n|move|p1a: Salazzle|Nasty Plot|p1a: Salazzle\n|-boost|p1a: Salazzle|spa|2\n|\n|-start|p2a: Gengar|perish3\n|-start|p1a: Salazzle|perish3\n|upkeep\n|turn|2\n|\n|t:|1775936192\n|move|p2a: Gengar|Protect|p2a: Gengar\n|-singleturn|p2a: Gengar|Protect\n|move|p1a: Salazzle|Flamethrower|p2a: Gengar\n|-activate|p2a: Gengar|move: Protect\n|\n|-start|p2a: Gengar|perish2\n|-start|p1a: Salazzle|perish2\n|upkeep\n|turn|3\n|\n|t:|1775936210\n|move|p2a: Gengar|Substitute|p2a: Gengar\n|-start|p2a: Gengar|Substitute\n|-damage|p2a: Gengar|76/100\n|move|p1a: Salazzle|Flamethrower|p2a: Gengar\n|-end|p2a: Gengar|Substitute\n|\n|-start|p2a: Gengar|perish1\n|-start|p1a: Salazzle|perish1\n|upkeep\n|turn|4\n|\n|t:|1775936220\n|switch|p2a: Incineroar|Incineroar, L50, F|100/100\n|-ability|p2a: Incineroar|Intimidate|boost\n|-unboost|p1a: Salazzle|atk|1\n|move|p1a: Salazzle|Flamethrower|p2a: Incineroar\n|-resisted|p2a: Incineroar|1\n|-damage|p2a: Incineroar|53/100\n|\n|-start|p1a: Salazzle|perish0\n|upkeep\n|faint|p1a: Salazzle\n|\n|t:|1775936235\n|switch|p1a: Gengar|Gengar, L50, F, shiny|100/100\n|turn|5\n|\n|t:|1775936258\n|detailschange|p1a: Gengar|Gengar-Mega, L50, F, shiny\n|-mega|p1a: Gengar|Gengar|Gengarite\n|move|p1a: Gengar|Sludge Bomb|p2a: Incineroar\n|-damage|p2a: Incineroar|0 fnt\n|faint|p2a: Incineroar\n|\n|upkeep\n|\n|t:|1775936263\n|switch|p2a: Gengar|Gengar-Mega, L50, F|76/100\n|turn|6\n|\n|t:|1775936269\n|move|p2a: Gengar|Perish Song|p2a: Gengar\n|-start|p1a: Gengar|perish3|[silent]\n|-start|p2a: Gengar|perish3|[silent]\n|-fieldactivate|move: Perish Song\n|move|p1a: Gengar|Shadow Ball|p2a: Gengar\n|-supereffective|p2a: Gengar|1\n|-damage|p2a: Gengar|0 fnt\n|faint|p2a: Gengar\n|\n|-start|p1a: Gengar|perish3\n|upkeep\n|\n|t:|1775936272\n|switch|p2a: Clefable|Clefable, L50, M|100/100\n|turn|7\n|\n|t:|1775936281\n|move|p1a: Gengar|Sludge Bomb|p2a: Clefable\n|-supereffective|p2a: Clefable|1\n|-enditem|p2a: Clefable|Focus Sash\n|-damage|p2a: Clefable|1/100\n|move|p2a: Clefable|Icy Wind|p1a: Gengar\n|-damage|p1a: Gengar|82/100\n|-unboost|p1a: Gengar|spe|1\n|\n|-start|p1a: Gengar|perish2\n|upkeep\n|turn|8\n|\n|t:|1775936293\n|switch|p1a: Slowking|Slowking-Galar, L50, F|100/100\n|move|p2a: Clefable|Protect||[still]\n|-fail|p2a: Clefable\n|\n|upkeep\n|turn|9\n|-message|dragonroi forfeited.\n|\n|win|Yani Aprieto\n|raw|Yani Aprieto's rating: 1000 &rarr; <strong>1040</strong><br />(+40 for winning)\n|raw|dragonroi's rating: 1000 &rarr; <strong>1000</strong><br />(+0 for losing)\n|l|\u2606dragonroi\n|player|p2|\n",
  "uploadtime": 1775936304,
  "views": 29,
  "formatid": "gen9championsbssregma",
  "rating": 1000,
  "private": 0,
  "password": null
}