{
  "id": "gen9championsbssregma-2585426576",
  "format": "[Gen 9 Champions] BSS Reg M-A",
  "players": [
    "taliya lover",
    "BBBkty"
  ],
  "log": "|j|\u2606taliya lover\n|j|\u2606BBBkty\n|t:|1776346503\n|gametype|singles\n|player|p1|taliya lover|102|1160\n|player|p2|BBBkty|265|1156\n|gen|9\n|tier|[Gen 9 Champions] BSS Reg M-A\n|rated|\n|rule|Species Clause: Limit one of each Pok\u00e9mon\n|rule|Item Clause: Limit 1 of each item\n|clearpoke\n|poke|p1|Glaceon, L50, F|\n|poke|p1|Empoleon, L50, F|\n|poke|p1|Leafeon, L50, M|\n|poke|p1|Lopunny, L50, M|\n|poke|p1|Manectric, L50, F|\n|poke|p1|Chandelure, L50, F|\n|poke|p2|Dragapult, L50, M|\n|poke|p2|Alakazam, L50, F|\n|poke|p2|Azumarill, L50, M|\n|poke|p2|Clefable, L50, M|\n|poke|p2|Espathra, L50, M|\n|poke|p2|Glimmora, L50, F|\n|teampreview|3\n|inactive|Battle timer is ON: inactive players will automatically lose when time's up. (requested by BBBkty)\n|\n|t:|1776346533\n|teamsize|p1|3\n|teamsize|p2|3\n|start\n|switch|p1a: Chandelure|Chandelure, L50, F|100/100\n|switch|p2a: Glimmora|Glimmora, L50, F|100/100\n|turn|1\n|\n|t:|1776346540\n|move|p1a: Chandelure|Shadow Ball|p2a: Glimmora\n|-damage|p2a: Glimmora|57/100\n|-unboost|p2a: Glimmora|spd|1\n|move|p2a: Glimmora|Stealth Rock|p1a: Chandelure\n|-sidestart|p1: taliya lover|move: Stealth Rock\n|\n|upkeep\n|turn|2\n|\n|t:|1776346548\n|move|p1a: Chandelure|Shadow Ball|p2a: Glimmora\n|-damage|p2a: Glimmora|0 fnt\n|faint|p2a: Glimmora\n|\n|upkeep\n|\n|t:|1776346558\n|switch|p2a: Espathra|Espathra, L50, M, shiny|100/100\n|turn|3\n|\n|t:|1776346561\n|move|p2a: Espathra|Protect|p2a: Espathra\n|-singleturn|p2a: Espathra|Protect\n|move|p1a: Chandelure|Shadow Ball|p2a: Espathra\n|-activate|p2a: Espathra|move: Protect\n|\n|-ability|p2a: Espathra|Speed Boost|boost\n|-boost|p2a: Espathra|spe|1\n|upkeep\n|turn|4\n|\n|t:|1776346566\n|move|p1a: Chandelure|Shadow Ball|p2a: Espathra\n|-supereffective|p2a: Espathra|1\n|-damage|p2a: Espathra|14/100\n|-enditem|p2a: Espathra|Sitrus Berry|[eat]\n|-heal|p2a: Espathra|38/100|[from] item: Sitrus Berry\n|move|p2a: Espathra|Calm Mind|p2a: Espathra\n|-boost|p2a: Espathra|spa|1\n|-boost|p2a: Espathra|spd|1\n|\n|-ability|p2a: Espathra|Speed Boost|boost\n|-boost|p2a: Espathra|spe|1\n|upkeep\n|turn|5\n|\n|t:|1776346573\n|move|p2a: Espathra|Protect|p2a: Espathra\n|-singleturn|p2a: Espathra|Protect\n|move|p1a: Chandelure|Shadow Ball|p2a: Espathra\n|-activate|p2a: Espathra|move: Protect\n|\n|-ability|p2a: Espathra|Speed Boost|boost\n|-boost|p2a: Espathra|spe|1\n|upkeep\n|turn|6\n|\n|t:|1776346589\n|move|p2a: Espathra|Baton Pass|p2a: Espathra\n|\n|t:|1776346591\n|switch|p2a: Clefable|Clefable, L50, M, shiny|100/100|[from] Baton Pass\n|move|p1a: Chandelure|Shadow Ball|p2a: Clefable\n|-damage|p2a: Clefable|75/100\n|-unboost|p2a: Clefable|spd|1\n|\n|upkeep\n|turn|7\n|\n|t:|1776346599\n|detailschange|p2a: Clefable|Clefable-Mega, L50, M, shiny\n|-mega|p2a: Clefable|Clefable|Clefablite\n|move|p2a: Clefable|Cosmic Power|p2a: Clefable\n|-boost|p2a: Clefable|def|1\n|-boost|p2a: Clefable|spd|1\n|move|p1a: Chandelure|Shadow Ball|p2a: Clefable\n|-damage|p2a: Clefable|52/100\n|\n|upkeep\n|turn|8\n|\n|t:|1776346606\n|move|p2a: Clefable|Moonlight|p2a: Clefable\n|-heal|p2a: Clefable|100/100\n|move|p1a: Chandelure|Shadow Ball|p2a: Clefable\n|-damage|p2a: Clefable|77/100\n|\n|upkeep\n|turn|9\n|\n|t:|1776346611\n|switch|p1a: Empoleon|Empoleon, L50, F|100/100\n|-damage|p1a: Empoleon|95/100|[from] Stealth Rock\n|move|p2a: Clefable|Cosmic Power|p2a: Clefable\n|-boost|p2a: Clefable|def|1\n|-boost|p2a: Clefable|spd|1\n|\n|-heal|p1a: Empoleon|100/100|[from] item: Leftovers\n|upkeep\n|turn|10\n|\n|t:|1776346626\n|move|p2a: Clefable|Cosmic Power|p2a: Clefable\n|-boost|p2a: Clefable|def|1\n|-boost|p2a: Clefable|spd|1\n|move|p1a: Empoleon|Flash Cannon|p2a: Clefable\n|-supereffective|p2a: Clefable|1\n|-damage|p2a: Clefable|59/100\n|\n|upkeep\n|turn|11\n|\n|t:|1776346631\n|move|p2a: Clefable|Moonlight|p2a: Clefable\n|-heal|p2a: Clefable|100/100\n|move|p1a: Empoleon|Flash Cannon|p2a: Clefable\n|-supereffective|p2a: Clefable|1\n|-damage|p2a: Clefable|82/100\n|-unboost|p2a: Clefable|spd|1\n|\n|upkeep\n|turn|12\n|\n|t:|1776346638\n|move|p2a: Clefable|Cosmic Power|p2a: Clefable\n|-boost|p2a: Clefable|def|1\n|-boost|p2a: Clefable|spd|1\n|move|p1a: Empoleon|Flash Cannon|p2a: Clefable\n|-supereffective|p2a: Clefable|1\n|-damage|p2a: Clefable|63/100\n|-unboost|p2a: Clefable|spd|1\n|\n|upkeep\n|turn|13\n|\n|t:|1776346641\n|move|p2a: Clefable|Moonlight|p2a: Clefable\n|-heal|p2a: Clefable|100/100\n|move|p1a: Empoleon|Flash Cannon|p2a: Clefable\n|-supereffective|p2a: Clefable|1\n|-damage|p2a: Clefable|75/100\n|\n|upkeep\n|turn|14\n|\n|t:|1776346647\n|move|p2a: Clefable|Cosmic Power|p2a: Clefable\n|-boost|p2a: Clefable|def|1\n|-boost|p2a: Clefable|spd|1\n|move|p1a: Empoleon|Flash Cannon|p2a: Clefable\n|-supereffective|p2a: Clefable|1\n|-damage|p2a: Clefable|54/100\n|\n|upkeep\n|turn|15\n|\n|t:|1776346650\n|move|p2a: Clefable|Moonlight|p2a: Clefable\n|-heal|p2a: Clefable|100/100\n|move|p1a: Empoleon|Flash Cannon|p2a: Clefable\n|-supereffective|p2a: Clefable|1\n|-damage|p2a: Clefable|78/100\n|\n|upkeep\n|turn|16\n|\n|t:|1776346655\n|move|p2a: Clefable|Cosmic Power|p2a: Clefable\n|-boost|p2a: Clefable|def|1\n|-boost|p2a: Clefable|spd|1\n|move|p1a: Empoleon|Flash Cannon|p2a: Clefable\n|-supereffective|p2a: Clefable|1\n|-damage|p2a: Clefable|63/100\n|\n|upkeep\n|turn|17\n|\n|t:|1776346659\n|move|p2a: Clefable|Moonlight|p2a: Clefable\n|-heal|p2a: Clefable|100/100\n|move|p1a: Empoleon|Flash Cannon|p2a: Clefable\n|-supereffective|p2a: Clefable|1\n|-damage|p2a: Clefable|85/100\n|\n|upkeep\n|turn|18\n|\n|t:|1776346666\n|move|p2a: Clefable|Stored Power|p1a: Empoleon\n|-resisted|p1a: Empoleon|1\n|-damage|p1a: Empoleon|53/100\n|move|p1a: Empoleon|Flash Cannon|p2a: Clefable\n|-supereffective|p2a: Clefable|1\n|-damage|p2a: Clefable|68/100\n|\n|-heal|p1a: Empoleon|59/100|[from] item: Leftovers\n|upkeep\n|turn|19\n|\n|t:|1776346673\n|move|p2a: Clefable|Cosmic Power|p2a: Clefable\n|-boost|p2a: Clefable|def|0\n|-boost|p2a: Clefable|spd|1\n|move|p1a: Empoleon|Roost|p1a: Empoleon\n|-heal|p1a: Empoleon|100/100\n|-singleturn|p1a: Empoleon|move: Roost\n|\n|upkeep\n|turn|20\n|\n|t:|1776346679\n|move|p2a: Clefable|Moonlight|p2a: Clefable\n|-heal|p2a: Clefable|100/100\n|move|p1a: Empoleon|Flash Cannon|p2a: Clefable\n|-supereffective|p2a: Clefable|1\n|-damage|p2a: Clefable|87/100\n|\n|upkeep\n|turn|21\n|\n|t:|1776346687\n|move|p2a: Clefable|Cosmic Power|p2a: Clefable\n|-boost|p2a: Clefable|def|0\n|-boost|p2a: Clefable|spd|1\n|move|p1a: Empoleon|Flash Cannon|p2a: Clefable\n|-supereffective|p2a: Clefable|1\n|-damage|p2a: Clefable|73/100\n|\n|upkeep\n|turn|22\n|\n|t:|1776346690\n|switch|p1a: Chandelure|Chandelure, L50, F|100/100\n|-damage|p1a: Chandelure|76/100|[from] Stealth Rock\n|move|p2a: Clefable|Stored Power|p1a: Chandelure\n|-damage|p1a: Chandelure|0 fnt\n|faint|p1a: Chandelure\n|\n|upkeep\n|inactive|taliya lover has 30 seconds left.\n|inactive|taliya lover has 20 seconds left.\n|inactive|taliya lover has 15 seconds left.\n|inactive|taliya lover has 10 seconds left.\n|inactive|taliya lover has 5 seconds left.\n|\n|t:|1776346746\n|switch|p1a: Empoleon|Empoleon, L50, F|100/100\n|-damage|p1a: Empoleon|95/100|[from] Stealth Rock\n|turn|23\n|l|\u2606BBBkty\n|inactive|BBBkty disconnected and has a minute to reconnect!\n|player|p2|\n|inactive|taliya lover has 30 seconds left.\n|j|\u2606BBBkty\n|inactive|BBBkty reconnected.\n|player|p2|BBBkty|265|\n|inactive|taliya lover has 20 seconds left.\n|inactive|taliya lover has 15 seconds left.\n|inactive|taliya lover has 10 seconds left.\n|inactive|taliya lover has 5 seconds left.\n|\n|t:|1776346802\n|move|p2a: Clefable|Stored Power|p1a: Empoleon\n|-resisted|p1a: Empoleon|1\n|-damage|p1a: Empoleon|43/100\n|move|p1a: Empoleon|Roost|p1a: Empoleon\n|-heal|p1a: Empoleon|94/100\n|-singleturn|p1a: Empoleon|move: Roost\n|\n|-heal|p1a: Empoleon|99/100|[from] item: Leftovers\n|upkeep\n|turn|24\n|inactive|taliya lover has 30 seconds left.\n|inactive|taliya lover has 20 seconds left.\n|inactive|taliya lover has 15 seconds left.\n|inactive|taliya lover has 10 seconds left.\n|inactive|taliya lover has 5 seconds left.\n|\n|t:|1776346858\n|move|p2a: Clefable|Moonblast|p1a: Empoleon\n|-resisted|p1a: Empoleon|1\n|-damage|p1a: Empoleon|79/100\n|move|p1a: Empoleon|Roost|p1a: Empoleon\n|-heal|p1a: Empoleon|100/100\n|-singleturn|p1a: Empoleon|move: Roost\n|\n|upkeep\n|turn|25\n|inactive|taliya lover has 30 seconds left.\n|inactive|taliya lover has 20 seconds left.\n|inactive|taliya lover has 15 seconds left.\n|inactive|taliya lover has 10 seconds left.\n|inactive|taliya lover has 5 seconds left.\n|\n|t:|1776346913\n|move|p2a: Clefable|Stored Power|p1a: Empoleon\n|-resisted|p1a: Empoleon|1\n|-damage|p1a: Empoleon|46/100\n|move|p1a: Empoleon|Roost|p1a: Empoleon\n|-heal|p1a: Empoleon|96/100\n|-singleturn|p1a: Empoleon|move: Roost\n|\n|-heal|p1a: Empoleon|100/100|[from] item: Leftovers\n|upkeep\n|turn|26\n|inactive|taliya lover has 30 seconds left.\n|inactive|taliya lover has 20 seconds left.\n|inactive|taliya lover has 15 seconds left.\n|inactive|taliya lover has 10 seconds left.\n|inactive|taliya lover has 5 seconds left.\n|\n|t:|1776346971\n|move|p2a: Clefable|Moonlight|p2a: Clefable\n|-heal|p2a: Clefable|100/100\n|move|p1a: Empoleon|Roost||[still]\n|-fail|p1a: Empoleon|heal\n|\n|upkeep\n|turn|27\n|inactive|taliya lover has 30 seconds left.\n|inactive|taliya lover has 20 seconds left.\n|inactive|taliya lover has 15 seconds left.\n|inactive|taliya lover has 10 seconds left.\n|inactive|taliya lover has 5 seconds left.\n|\n|t:|1776347026\n|move|p2a: Clefable|Moonblast|p1a: Empoleon\n|-resisted|p1a: Empoleon|1\n|-damage|p1a: Empoleon|80/100\n|move|p1a: Empoleon|Roost|p1a: Empoleon\n|-heal|p1a: Empoleon|100/100\n|-singleturn|p1a: Empoleon|move: Roost\n|\n|upkeep\n|turn|28\n|inactive|taliya lover has 30 seconds left.\n|inactive|taliya lover has 20 seconds left.\n|inactive|taliya lover has 15 seconds left.\n|inactive|taliya lover has 10 seconds left.\n|inactive|taliya lover has 5 seconds left.\n|\n|t:|1776347081\n|move|p2a: Clefable|Stored Power|p1a: Empoleon\n|-resisted|p1a: Empoleon|1\n|-damage|p1a: Empoleon|52/100\n|move|p1a: Empoleon|Roost|p1a: Empoleon\n|-heal|p1a: Empoleon|100/100\n|-singleturn|p1a: Empoleon|move: Roost\n|\n|upkeep\n|turn|29\n|inactive|taliya lover has 5 seconds left this turn.\n|-message|taliya lover lost due to inactivity.\n|\n|win|BBBkty\n|raw|taliya lover's rating: 1160 &rarr; <strong>1135</strong><br />(-25 for losing)\n|raw|BBBkty's rating: 1156 &rarr; <strong>1181</strong><br />(+25 for winning)\n",
  "uploadtime": 1776347091,
  "views": 12,
  "formatid": "gen9championsbssregma",
  "rating": 1135,
  "private": 0,
  "password": null
}