{
  "id": "gen9championsbssregma-2585553406",
  "format": "[Gen 9 Champions] BSS Reg M-A",
  "players": [
    "kackerot",
    "BBBKTY"
  ],
  "log": "|j|\u2606kackerot\n|j|\u2606BBBKTY\n|t:|1776355110\n|gametype|singles\n|player|p1|kackerot|266|1125\n|player|p2|BBBKTY|265|1060\n|gen|9\n|tier|[Gen 9 Champions] BSS Reg M-A\n|rated|\n|rule|Species Clause: Limit one of each Pok\u00e9mon\n|rule|Item Clause: Limit 1 of each item\n|clearpoke\n|poke|p1|Corviknight, L50, M|\n|poke|p1|Garchomp, L50, F|\n|poke|p1|Gardevoir, L50, F|\n|poke|p1|Starmie, L50|\n|poke|p1|Charizard, L50, F|\n|poke|p1|Araquanid, L50, M|\n|poke|p2|Dragapult, L50, F|\n|poke|p2|Alakazam, L50, M|\n|poke|p2|Azumarill, L50, F|\n|poke|p2|Clefable, L50, M|\n|poke|p2|Espathra, L50, M|\n|poke|p2|Glimmora, L50, M|\n|teampreview|3\n|inactive|Battle timer is ON: inactive players will automatically lose when time's up. (requested by kackerot)\n|inactive|kackerot has 60 seconds left.\n|\n|t:|1776355142\n|teamsize|p1|3\n|teamsize|p2|3\n|start\n|switch|p1a: Starmie|Starmie, L50|100/100\n|switch|p2a: Glimmora|Glimmora, L50, M|100/100\n|turn|1\n|\n|t:|1776355156\n|detailschange|p1a: Starmie|Starmie-Mega, L50\n|-mega|p1a: Starmie|Starmie|Starminite\n|move|p1a: Starmie|Flip Turn|p2a: Glimmora\n|-supereffective|p2a: Glimmora|1\n|-enditem|p2a: Glimmora|Focus Sash\n|-damage|p2a: Glimmora|1/100\n|-activate|p2a: Glimmora|ability: Toxic Debris\n|-sidestart|p1: kackerot|move: Toxic Spikes\n|\n|t:|1776355163\n|switch|p1a: Garchomp|Garchomp, L50, F|100/100|[from] Flip Turn\n|-status|p1a: Garchomp|psn\n|move|p2a: Glimmora|Stealth Rock|p1a: Garchomp\n|-sidestart|p1: kackerot|move: Stealth Rock\n|\n|-damage|p1a: Garchomp|88/100 psn|[from] psn\n|upkeep\n|turn|2\n|\n|t:|1776355170\n|move|p1a: Garchomp|Stealth Rock|p2a: Glimmora\n|-sidestart|p2: BBBKTY|move: Stealth Rock\n|move|p2a: Glimmora|Power Gem|p1a: Garchomp\n|-resisted|p1a: Garchomp|1\n|-damage|p1a: Garchomp|70/100 psn\n|\n|-damage|p1a: Garchomp|58/100 psn|[from] psn\n|upkeep\n|turn|3\n|\n|t:|1776355175\n|move|p1a: Garchomp|Earthquake|p2a: Glimmora\n|-supereffective|p2a: Glimmora|2\n|-damage|p2a: Glimmora|0 fnt\n|-activate|p2a: Glimmora|ability: Toxic Debris\n|-sidestart|p1: kackerot|move: Toxic Spikes\n|faint|p2a: Glimmora\n|\n|-damage|p1a: Garchomp|46/100 psn|[from] psn\n|upkeep\n|\n|t:|1776355182\n|switch|p2a: Espathra|Espathra, L50, M, shiny|100/100\n|-damage|p2a: Espathra|88/100|[from] Stealth Rock\n|turn|4\n|\n|t:|1776355186\n|move|p2a: Espathra|Protect|p2a: Espathra\n|-singleturn|p2a: Espathra|Protect\n|move|p1a: Garchomp|Dragon Tail|p2a: Espathra\n|-activate|p2a: Espathra|move: Protect\n|\n|-damage|p1a: Garchomp|34/100 psn|[from] psn\n|-ability|p2a: Espathra|Speed Boost|boost\n|-boost|p2a: Espathra|spe|1\n|upkeep\n|turn|5\n|\n|t:|1776355191\n|move|p2a: Espathra|Baton Pass|p2a: Espathra\n|\n|t:|1776355193\n|switch|p2a: Clefable|Clefable, L50, M, shiny|100/100|[from] Baton Pass\n|-damage|p2a: Clefable|88/100|[from] Stealth Rock\n|move|p1a: Garchomp|Earthquake|p2a: Clefable\n|-damage|p2a: Clefable|46/100\n|\n|-damage|p1a: Garchomp|22/100 psn|[from] psn\n|upkeep\n|turn|6\n|\n|t:|1776355198\n|detailschange|p2a: Clefable|Clefable-Mega, L50, M, shiny\n|-mega|p2a: Clefable|Clefable|Clefablite\n|move|p1a: Garchomp|Earthquake|p2a: Clefable\n|-immune|p2a: Clefable\n|move|p2a: Clefable|Cosmic Power|p2a: Clefable\n|-boost|p2a: Clefable|def|1\n|-boost|p2a: Clefable|spd|1\n|\n|-damage|p1a: Garchomp|10/100 psn|[from] psn\n|upkeep\n|turn|7\n|\n|t:|1776355203\n|move|p1a: Garchomp|Rock Tomb|p2a: Clefable\n|-supereffective|p2a: Clefable|1\n|-damage|p2a: Clefable|26/100\n|-unboost|p2a: Clefable|spe|1\n|move|p2a: Clefable|Moonlight|p2a: Clefable\n|-heal|p2a: Clefable|76/100\n|\n|-damage|p1a: Garchomp|0 fnt|[from] psn\n|faint|p1a: Garchomp\n|upkeep\n|\n|t:|1776355214\n|switch|p1a: Starmie|Starmie-Mega, L50|100/100\n|-status|p1a: Starmie|tox\n|-damage|p1a: Starmie|89/100 tox|[from] Stealth Rock\n|turn|8\n|\n|t:|1776355226\n|move|p1a: Starmie|Ice Spinner|p2a: Clefable\n|-supereffective|p2a: Clefable|1\n|-damage|p2a: Clefable|35/100\n|move|p2a: Clefable|Cosmic Power|p2a: Clefable\n|-boost|p2a: Clefable|def|1\n|-boost|p2a: Clefable|spd|1\n|\n|-damage|p1a: Starmie|83/100 tox|[from] psn\n|upkeep\n|turn|9\n|\n|t:|1776355232\n|move|p1a: Starmie|Ice Spinner|p2a: Clefable\n|-supereffective|p2a: Clefable|1\n|-damage|p2a: Clefable|4/100\n|move|p2a: Clefable|Moonlight|p2a: Clefable\n|-heal|p2a: Clefable|54/100\n|\n|-damage|p1a: Starmie|71/100 tox|[from] psn\n|upkeep\n|turn|10\n|\n|t:|1776355243\n|move|p1a: Starmie|Flip Turn|p2a: Clefable\n|-damage|p2a: Clefable|37/100\n|\n|t:|1776355246\n|switch|p1a: Gardevoir|Gardevoir, L50, F|100/100|[from] Flip Turn\n|-status|p1a: Gardevoir|tox\n|-damage|p1a: Gardevoir|89/100 tox|[from] Stealth Rock\n|-ability|p1a: Gardevoir|Magic Bounce|Trace|[from] ability: Trace|[of] p2a: Clefable\n|move|p2a: Clefable|Moonlight|p2a: Clefable\n|-heal|p2a: Clefable|87/100\n|\n|-damage|p1a: Gardevoir|83/100 tox|[from] psn\n|upkeep\n|turn|11\n|-message|kackerot forfeited.\n|\n|win|BBBKTY\n|raw|kackerot's rating: 1125 &rarr; <strong>1097</strong><br />(-28 for losing)\n|raw|BBBKTY's rating: 1086 &rarr; <strong>1116</strong><br />(+30 for winning)\n|l|\u2606kackerot\n|player|p1|\n",
  "uploadtime": 1776355257,
  "views": 12,
  "formatid": "gen9championsbssregma",
  "rating": 1097,
  "private": 0,
  "password": null
}