{
  "id": "gen9championsbssregma-2584894114",
  "format": "[Gen 9 Champions] BSS Reg M-A",
  "players": [
    "isaacmora22",
    "kwahsa"
  ],
  "log": "|j|\u2606isaacmora22\n|j|\u2606kwahsa\n|t:|1776292255\n|gametype|singles\n|player|p1|isaacmora22|hilbert|1067\n|player|p2|kwahsa|265|1145\n|gen|9\n|tier|[Gen 9 Champions] BSS Reg M-A\n|rated|\n|rule|Species Clause: Limit one of each Pok\u00e9mon\n|rule|Item Clause: Limit 1 of each item\n|clearpoke\n|poke|p1|Flareon, L50, M|\n|poke|p1|Dragonite, L50, M|\n|poke|p1|Luxray, L50, M|\n|poke|p1|Clawitzer, L50, M|\n|poke|p1|Sableye, L50, M|\n|poke|p1|Archaludon, L50, F|\n|poke|p2|Charizard, L50, F|\n|poke|p2|Gardevoir, L50, M|\n|poke|p2|Mamoswine, L50, F|\n|poke|p2|Aegislash, L50, F|\n|poke|p2|Azumarill, L50, F|\n|poke|p2|Serperior, L50, M|\n|teampreview|3\n|\n|t:|1776292309\n|teamsize|p1|3\n|teamsize|p2|3\n|start\n|switch|p1a: Rex|Luxray, L50, M|100/100\n|switch|p2a: Serperior|Serperior, L50, M|100/100\n|-ability|p1a: Rex|Intimidate|boost\n|-boost|p2a: Serperior|atk|1\n|turn|1\n|\n|t:|1776292319\n|move|p2a: Serperior|Leaf Storm|p1a: Rex|[miss]\n|-miss|p2a: Serperior|p1a: Rex\n|move|p1a: Rex|Ice Fang|p2a: Serperior\n|-supereffective|p2a: Serperior|1\n|-crit|p2a: Serperior\n|-damage|p2a: Serperior|39/100\n|\n|-heal|p2a: Serperior|46/100|[from] item: Leftovers\n|upkeep\n|turn|2\n|\n|t:|1776292330\n|move|p2a: Serperior|Reflect|p2a: Serperior\n|-sidestart|p2: kwahsa|Reflect\n|move|p1a: Rex|Ice Fang|p2a: Serperior\n|-supereffective|p2a: Serperior|1\n|-damage|p2a: Serperior|24/100\n|\n|-heal|p2a: Serperior|30/100|[from] item: Leftovers\n|upkeep\n|turn|3\n|\n|t:|1776292338\n|move|p2a: Serperior|Leaf Storm|p1a: Rex\n|-damage|p1a: Rex|50/100\n|-boost|p2a: Serperior|spa|2\n|-enditem|p1a: Rex|Sitrus Berry|[eat]\n|-heal|p1a: Rex|75/100|[from] item: Sitrus Berry\n|move|p1a: Rex|Ice Fang|p2a: Serperior|[miss]\n|-miss|p1a: Rex|p2a: Serperior\n|\n|-heal|p2a: Serperior|36/100|[from] item: Leftovers\n|upkeep\n|turn|4\n|\n|t:|1776292350\n|switch|p1a: Migo|Dragonite, L50, M|100/100\n|move|p2a: Serperior|Leaf Storm|p1a: Migo\n|-resisted|p1a: Migo|2\n|-damage|p1a: Migo|92/100\n|-boost|p2a: Serperior|spa|2\n|\n|-heal|p2a: Serperior|42/100|[from] item: Leftovers\n|upkeep\n|turn|5\n|\n|t:|1776292362\n|detailschange|p1a: Migo|Dragonite-Mega, L50, M\n|-mega|p1a: Migo|Dragonite|Dragoninite\n|move|p2a: Serperior|Glare|p1a: Migo\n|-status|p1a: Migo|par\n|cant|p1a: Migo|par\n|\n|-heal|p2a: Serperior|49/100|[from] item: Leftovers\n|upkeep\n|turn|6\n|\n|t:|1776292386\n|switch|p2a: Gardevoir|Gardevoir, L50, M|100/100\n|move|p1a: Migo|Ice Beam|p2a: Gardevoir\n|-damage|p2a: Gardevoir|70/100\n|\n|-sideend|p2: kwahsa|Reflect\n|upkeep\n|turn|7\n|\n|t:|1776292396\n|switch|p1a: Camden|Flareon, L50, M|100/100\n|detailschange|p2a: Gardevoir|Gardevoir-Mega, L50, M\n|-mega|p2a: Gardevoir|Gardevoir|Gardevoirite\n|move|p2a: Gardevoir|Hyper Voice|p1a: Camden\n|-resisted|p1a: Camden|1\n|-damage|p1a: Camden|71/100\n|\n|-heal|p1a: Camden|77/100|[from] item: Leftovers\n|upkeep\n|turn|8\n|\n|t:|1776292421\n|switch|p2a: Serperior|Serperior, L50, M|49/100\n|move|p1a: Camden|Flame Charge|p2a: Serperior\n|-supereffective|p2a: Serperior|1\n|-damage|p2a: Serperior|4/100\n|-boost|p1a: Camden|spe|1\n|\n|-heal|p1a: Camden|83/100|[from] item: Leftovers\n|-heal|p2a: Serperior|11/100|[from] item: Leftovers\n|upkeep\n|turn|9\n|\n|t:|1776292432\n|move|p1a: Camden|Flame Charge|p2a: Serperior\n|-supereffective|p2a: Serperior|1\n|-damage|p2a: Serperior|0 fnt\n|-boost|p1a: Camden|spe|1\n|faint|p2a: Serperior\n|\n|-heal|p1a: Camden|89/100|[from] item: Leftovers\n|upkeep\n|\n|t:|1776292446\n|switch|p2a: Aegislash|Aegislash, L50, F|100/100\n|turn|10\n|\n|t:|1776292452\n|switch|p1a: Migo|Dragonite-Mega, L50, M|92/100 par\n|move|p2a: Aegislash|Swords Dance|p2a: Aegislash\n|-boost|p2a: Aegislash|atk|2\n|\n|upkeep\n|turn|11\n|\n|t:|1776292460\n|move|p2a: Aegislash|Swords Dance|p2a: Aegislash\n|-boost|p2a: Aegislash|atk|2\n|move|p1a: Migo|Flamethrower|p2a: Aegislash\n|-supereffective|p2a: Aegislash|1\n|-damage|p2a: Aegislash|34/100\n|\n|upkeep\n|turn|12\n|\n|t:|1776292469\n|-formechange|p2a: Aegislash|Aegislash-Blade|\n|move|p2a: Aegislash|Iron Head|p1a: Migo\n|-damage|p1a: Migo|0 fnt\n|faint|p1a: Migo\n|\n|upkeep\n|\n|t:|1776292475\n|switch|p1a: Camden|Flareon, L50, M|89/100\n|turn|13\n|\n|t:|1776292483\n|move|p2a: Aegislash|Shadow Sneak|p1a: Camden\n|-damage|p1a: Camden|8/100\n|move|p1a: Camden|Flame Charge|p2a: Aegislash\n|-supereffective|p2a: Aegislash|1\n|-damage|p2a: Aegislash|0 fnt\n|-boost|p1a: Camden|spe|1\n|faint|p2a: Aegislash\n|\n|-heal|p1a: Camden|14/100|[from] item: Leftovers\n|upkeep\n|\n|t:|1776292493\n|switch|p2a: Gardevoir|Gardevoir-Mega, L50, M|70/100\n|turn|14\n|\n|t:|1776292498\n|move|p1a: Camden|Flare Blitz|p2a: Gardevoir\n|-damage|p2a: Gardevoir|10/100\n|-damage|p1a: Camden|0 fnt|[from] Recoil\n|faint|p1a: Camden\n|move|p2a: Gardevoir|Psychic Noise|p1: Camden|[notarget]\n|-fail|p2a: Gardevoir\n|\n|upkeep\n|\n|t:|1776292505\n|switch|p1a: Rex|Luxray, L50, M|75/100\n|-ability|p1a: Rex|Intimidate|boost\n|-unboost|p2a: Gardevoir|atk|1\n|turn|15\n|\n|t:|1776292511\n|move|p1a: Rex|Wild Charge|p2a: Gardevoir\n|-damage|p2a: Gardevoir|0 fnt\n|faint|p2a: Gardevoir\n|-damage|p1a: Rex|72/100|[from] Recoil\n|\n|win|isaacmora22\n|raw|isaacmora22's rating: 1067 &rarr; <strong>1104</strong><br />(+37 for winning)\n|raw|kwahsa's rating: 1145 &rarr; <strong>1114</strong><br />(-31 for losing)\n|l|\u2606kwahsa\n|player|p2|\n",
  "uploadtime": 1776292520,
  "views": 3,
  "formatid": "gen9championsbssregma",
  "rating": 1104,
  "private": 0,
  "password": null
}