{
  "id": "gen9championsbssregma-2582471453",
  "format": "[Gen 9 Champions] BSS Reg M-A",
  "players": [
    "Shuckle-claw",
    "deepseazapdos"
  ],
  "log": "|j|\u2606Shuckle-claw\n|j|\u2606deepseazapdos\n|t:|1776093844\n|gametype|singles\n|player|p1|Shuckle-claw|n-masters|1081\n|player|p2|deepseazapdos|nate|1151\n|gen|9\n|tier|[Gen 9 Champions] BSS Reg M-A\n|rated|\n|rule|Species Clause: Limit one of each Pok\u00e9mon\n|rule|Item Clause: Limit 1 of each item\n|clearpoke\n|poke|p1|Blastoise, L50, M|\n|poke|p1|Ditto, L50|\n|poke|p1|Pelipper, L50, F|\n|poke|p1|Manectric, L50, F|\n|poke|p1|Glimmora, L50, M|\n|poke|p1|Sneasler, L50, F|\n|poke|p2|Meowscarada, L50, M|\n|poke|p2|Gengar, L50, F|\n|poke|p2|Ditto, L50|\n|poke|p2|Lopunny, L50, M|\n|poke|p2|Primarina, L50, F|\n|poke|p2|Bellibolt, L50, M|\n|teampreview|3\n|inactive|Battle timer is ON: inactive players will automatically lose when time's up. (requested by Shuckle-claw)\n|\n|t:|1776093887\n|teamsize|p1|3\n|teamsize|p2|3\n|start\n|switch|p1a: Glimmora|Glimmora, L50, M|100/100\n|switch|p2a: Bellibolt|Bellibolt, L50, M|100/100\n|turn|1\n|\n|t:|1776093896\n|move|p1a: Glimmora|Stealth Rock|p2a: Bellibolt\n|-sidestart|p2: deepseazapdos|move: Stealth Rock\n|move|p2a: Bellibolt|Parabolic Charge|p1a: Glimmora\n|-damage|p1a: Glimmora|70/100\n|\n|upkeep\n|turn|2\n|\n|t:|1776093907\n|move|p1a: Glimmora|Earth Power|p2a: Bellibolt\n|-supereffective|p2a: Bellibolt|1\n|-damage|p2a: Bellibolt|54/100\n|-start|p2a: Bellibolt|Charge|Earth Power|[from] ability: Electromorphosis\n|move|p2a: Bellibolt|Volt Switch|p1a: Glimmora\n|-damage|p1a: Glimmora|0 fnt\n|faint|p1a: Glimmora\n|-end|p2a: Bellibolt|Charge|[silent]\n|\n|t:|1776093915\n|switch|p2a: Gengar|Gengar, L50, F|100/100|[from] Volt Switch\n|-damage|p2a: Gengar|88/100|[from] Stealth Rock\n|\n|upkeep\n|inactive|Shuckle-claw has 30 seconds left.\n|\n|t:|1776093943\n|switch|p1a: Blastoise|Blastoise, L50, M|100/100\n|turn|3\n|\n|t:|1776093956\n|detailschange|p2a: Gengar|Gengar-Mega, L50, F\n|-mega|p2a: Gengar|Gengar|Gengarite\n|detailschange|p1a: Blastoise|Blastoise-Mega, L50, M\n|-mega|p1a: Blastoise|Blastoise|Blastoisinite\n|move|p2a: Gengar|Sludge Bomb|p1a: Blastoise\n|-damage|p1a: Blastoise|49/100\n|-status|p1a: Blastoise|psn\n|move|p1a: Blastoise|Shell Smash|p1a: Blastoise\n|-unboost|p1a: Blastoise|def|1\n|-unboost|p1a: Blastoise|spd|1\n|-boost|p1a: Blastoise|atk|2\n|-boost|p1a: Blastoise|spa|2\n|-boost|p1a: Blastoise|spe|2\n|\n|-damage|p1a: Blastoise|37/100 psn|[from] psn\n|upkeep\n|turn|4\n|\n|t:|1776093973\n|move|p1a: Blastoise|Water Pulse|p2a: Gengar\n|-damage|p2a: Gengar|0 fnt\n|faint|p2a: Gengar\n|\n|-damage|p1a: Blastoise|24/100 psn|[from] psn\n|upkeep\n|\n|t:|1776093975\n|switch|p2a: Ditto|Ditto, L50|100/100\n|-damage|p2a: Ditto|88/100|[from] Stealth Rock\n|-transform|p2a: Ditto|p1a: Blastoise|[from] ability: Imposter\n|turn|5\n|\n|t:|1776093991\n|move|p2a: Ditto|Water Pulse|p1a: Blastoise\n|-resisted|p1a: Blastoise|1\n|-damage|p1a: Blastoise|0 fnt\n|faint|p1a: Blastoise\n|\n|upkeep\n|\n|t:|1776093995\n|switch|p1a: Manectric|Manectric, L50, F, shiny|100/100\n|turn|6\n|\n|t:|1776094002\n|move|p2a: Ditto|Water Pulse|p1a: Manectric\n|-damage|p1a: Manectric|0 fnt\n|faint|p1a: Manectric\n|\n|win|deepseazapdos\n|raw|Shuckle-claw's rating: 1081 &rarr; <strong>1063</strong><br />(-18 for losing)\n|raw|deepseazapdos's rating: 1151 &rarr; <strong>1171</strong><br />(+20 for winning)\n|l|\u2606Shuckle-claw\n|player|p1|\n",
  "uploadtime": 1776094005,
  "views": 17,
  "formatid": "gen9championsbssregma",
  "rating": 1063,
  "private": 0,
  "password": null
}