{
  "id": "gen9championsbssregma-2582205408",
  "format": "[Gen 9 Champions] BSS Reg M-A",
  "players": [
    "going 12",
    "I0I7peng"
  ],
  "log": "|j|\u2606going 12\n|j|\u2606I0I7peng\n|t:|1776071105\n|gametype|singles\n|player|p1|going 12|170|1368\n|player|p2|I0I7peng|may-masters4|1287\n|gen|9\n|tier|[Gen 9 Champions] BSS Reg M-A\n|rated|\n|rule|Species Clause: Limit one of each Pok\u00e9mon\n|rule|Item Clause: Limit 1 of each item\n|clearpoke\n|poke|p1|Hippowdon, L50, M|\n|poke|p1|Basculegion, L50, M|\n|poke|p1|Charizard, L50, F|\n|poke|p1|Excadrill, L50, M|\n|poke|p1|Meganium, L50, F|\n|poke|p1|Dragonite, L50, M|\n|poke|p2|Starmie, L50|\n|poke|p2|Aegislash, L50, F|\n|poke|p2|Hydreigon, L50, F|\n|poke|p2|Hippowdon, L50, F|\n|poke|p2|Rotom-Wash, L50|\n|poke|p2|Floette-Eternal, L50, F|\n|teampreview|3\n|inactive|Battle timer is ON: inactive players will automatically lose when time's up. (requested by I0I7peng)\n|inactive|going 12 also wants the timer to be on.\n|inactive|going 12 has 60 seconds left.\n|\n|t:|1776071140\n|teamsize|p1|3\n|teamsize|p2|3\n|start\n|switch|p1a: Meganium|Meganium, L50, F|100/100\n|switch|p2a: Floette|Floette-Eternal, L50, F|100/100\n|turn|1\n|j| p74\n|\n|t:|1776071156\n|switch|p1a: Excadrill|Excadrill, L50, M|100/100\n|-ability|p1a: Excadrill|Mold Breaker\n|detailschange|p2a: Floette|Floette-Mega, L50, F\n|-mega|p2a: Floette|Floette|Floettite\n|-ability|p2a: Floette|Fairy Aura\n|move|p2a: Floette|Calm Mind|p2a: Floette\n|-boost|p2a: Floette|spa|1\n|-boost|p2a: Floette|spd|1\n|\n|upkeep\n|turn|2\n|\n|t:|1776071161\n|switch|p2a: Hippowdon|Hippowdon, L50, F|100/100\n|-weather|Sandstorm|[from] ability: Sand Stream|[of] p2a: Hippowdon\n|move|p1a: Excadrill|Iron Head|p2a: Hippowdon\n|-damage|p2a: Hippowdon|71/100\n|\n|-weather|Sandstorm|[upkeep]\n|upkeep\n|turn|3\n|\n|t:|1776071169\n|switch|p1a: Meganium|Meganium, L50, F|100/100\n|move|p2a: Hippowdon|Earthquake|p1a: Meganium\n|-resisted|p1a: Meganium|1\n|-damage|p1a: Meganium|80/100\n|\n|-weather|Sandstorm|[upkeep]\n|-damage|p1a: Meganium|74/100|[from] Sandstorm\n|upkeep\n|turn|4\n|\n|t:|1776071176\n|switch|p2a: Floette|Floette-Mega, L50, F|100/100\n|-ability|p2a: Floette|Fairy Aura\n|detailschange|p1a: Meganium|Meganium-Mega, L50, F\n|-mega|p1a: Meganium|Meganium|Meganiumite\n|move|p1a: Meganium|Solar Beam||[still]\n|-prepare|p1a: Meganium|Solar Beam\n|-activate|p1a: Meganium|ability: Mega Sol\n|-anim|p1a: Meganium|Solar Beam|p2a: Floette\n|-damage|p2a: Floette|45/100\n|\n|-weather|Sandstorm|[upkeep]\n|-damage|p2a: Floette|39/100|[from] Sandstorm\n|-damage|p1a: Meganium|68/100|[from] Sandstorm\n|upkeep\n|turn|5\n|\n|t:|1776071184\n|move|p2a: Floette|Synthesis|p2a: Floette\n|-heal|p2a: Floette|64/100\n|move|p1a: Meganium|Solar Beam||[still]\n|-prepare|p1a: Meganium|Solar Beam\n|-activate|p1a: Meganium|ability: Mega Sol\n|-anim|p1a: Meganium|Solar Beam|p2a: Floette\n|-damage|p2a: Floette|14/100\n|\n|-weather|Sandstorm|[upkeep]\n|-damage|p2a: Floette|8/100|[from] Sandstorm\n|-damage|p1a: Meganium|63/100|[from] Sandstorm\n|upkeep\n|turn|6\n|\n|t:|1776071188\n|move|p2a: Floette|Moonblast|p1a: Meganium\n|-damage|p1a: Meganium|0 fnt\n|faint|p1a: Meganium\n|\n|-weather|none\n|upkeep\n|\n|t:|1776071193\n|switch|p1a: Excadrill|Excadrill, L50, M|100/100\n|-ability|p1a: Excadrill|Mold Breaker\n|turn|7\n|\n|t:|1776071197\n|move|p1a: Excadrill|Earthquake|p2a: Floette\n|-damage|p2a: Floette|0 fnt\n|faint|p2a: Floette\n|\n|upkeep\n|\n|t:|1776071199\n|switch|p2a: Hippowdon|Hippowdon, L50, F|71/100\n|-weather|Sandstorm|[from] ability: Sand Stream|[of] p2a: Hippowdon\n|turn|8\n|j| xXcrossbowXx\n|\n|t:|1776071218\n|move|p1a: Excadrill|Earthquake|p2a: Hippowdon\n|-damage|p2a: Hippowdon|34/100\n|-enditem|p2a: Hippowdon|Sitrus Berry|[eat]\n|-heal|p2a: Hippowdon|59/100|[from] item: Sitrus Berry\n|move|p2a: Hippowdon|Earthquake|p1a: Excadrill\n|-supereffective|p1a: Excadrill|1\n|-enditem|p1a: Excadrill|Focus Sash\n|-damage|p1a: Excadrill|1/100\n|\n|-weather|Sandstorm|[upkeep]\n|upkeep\n|turn|9\n|\n|t:|1776071223\n|move|p1a: Excadrill|Earthquake|p2a: Hippowdon\n|-damage|p2a: Hippowdon|25/100\n|move|p2a: Hippowdon|Slack Off|p2a: Hippowdon\n|-heal|p2a: Hippowdon|75/100\n|\n|-weather|Sandstorm|[upkeep]\n|upkeep\n|turn|10\n|l| xXcrossbowXx\n|\n|t:|1776071231\n|move|p1a: Excadrill|Earthquake|p2a: Hippowdon\n|-damage|p2a: Hippowdon|41/100\n|move|p2a: Hippowdon|Stealth Rock|p1a: Excadrill\n|-sidestart|p1: going 12|move: Stealth Rock\n|\n|-weather|Sandstorm|[upkeep]\n|upkeep\n|turn|11\n|\n|t:|1776071235\n|move|p1a: Excadrill|Earthquake|p2a: Hippowdon\n|-damage|p2a: Hippowdon|8/100\n|move|p2a: Hippowdon|Slack Off|p2a: Hippowdon\n|-heal|p2a: Hippowdon|58/100\n|\n|-weather|Sandstorm|[upkeep]\n|upkeep\n|turn|12\n|\n|t:|1776071245\n|move|p1a: Excadrill|Earthquake|p2a: Hippowdon\n|-damage|p2a: Hippowdon|21/100\n|move|p2a: Hippowdon|Slack Off|p2a: Hippowdon\n|-heal|p2a: Hippowdon|72/100\n|\n|-weather|none\n|upkeep\n|turn|13\n|l| p74\n|\n|t:|1776071252\n|move|p1a: Excadrill|Earthquake|p2a: Hippowdon\n|-damage|p2a: Hippowdon|35/100\n|move|p2a: Hippowdon|Slack Off|p2a: Hippowdon\n|-heal|p2a: Hippowdon|86/100\n|\n|upkeep\n|turn|14\n|\n|t:|1776071257\n|move|p1a: Excadrill|Earthquake|p2a: Hippowdon\n|-damage|p2a: Hippowdon|52/100\n|move|p2a: Hippowdon|Slack Off|p2a: Hippowdon\n|-heal|p2a: Hippowdon|100/100\n|\n|upkeep\n|turn|15\n|\n|t:|1776071259\n|move|p1a: Excadrill|Earthquake|p2a: Hippowdon\n|-damage|p2a: Hippowdon|66/100\n|move|p2a: Hippowdon|Earthquake|p1a: Excadrill\n|-supereffective|p1a: Excadrill|1\n|-damage|p1a: Excadrill|0 fnt\n|faint|p1a: Excadrill\n|\n|upkeep\n|\n|t:|1776071261\n|switch|p1a: Dragonite|Dragonite, L50, M|100/100\n|-damage|p1a: Dragonite|76/100|[from] Stealth Rock\n|turn|16\n|\n|t:|1776071263\n|move|p1a: Dragonite|Draco Meteor|p2a: Hippowdon\n|-damage|p2a: Hippowdon|14/100\n|-unboost|p1a: Dragonite|spa|2\n|-enditem|p1a: Dragonite|White Herb\n|-clearnegativeboost|p1a: Dragonite|[silent]\n|move|p2a: Hippowdon|Yawn|p1a: Dragonite\n|-start|p1a: Dragonite|move: Yawn|[of] p2a: Hippowdon\n|\n|upkeep\n|turn|17\n|\n|t:|1776071288\n|switch|p2a: Aegislash|Aegislash, L50, F|100/100\n|move|p1a: Dragonite|Thunderbolt|p2a: Aegislash\n|-damage|p2a: Aegislash|78/100\n|\n|-end|p1a: Dragonite|move: Yawn|[silent]\n|-status|p1a: Dragonite|slp\n|upkeep\n|turn|18\n|\n|t:|1776071293\n|cant|p1a: Dragonite|slp\n|-formechange|p2a: Aegislash|Aegislash-Blade|\n|move|p2a: Aegislash|Poltergeist||[still]\n|-fail|p2a: Aegislash\n|\n|upkeep\n|turn|19\n|\n|t:|1776071299\n|move|p2a: Aegislash|Shadow Sneak|p1a: Dragonite\n|-damage|p1a: Dragonite|48/100 slp\n|cant|p1a: Dragonite|slp\n|\n|upkeep\n|turn|20\n|\n|t:|1776071302\n|move|p2a: Aegislash|Shadow Sneak|p1a: Dragonite\n|-damage|p1a: Dragonite|20/100 slp\n|-curestatus|p1a: Dragonite|slp|[msg]\n|move|p1a: Dragonite|Flamethrower|p2a: Aegislash\n|-supereffective|p2a: Aegislash|1\n|-crit|p2a: Aegislash\n|-damage|p2a: Aegislash|0 fnt\n|faint|p2a: Aegislash\n|\n|upkeep\n|\n|t:|1776071305\n|switch|p2a: Hippowdon|Hippowdon, L50, F|14/100\n|-weather|Sandstorm|[from] ability: Sand Stream|[of] p2a: Hippowdon\n|turn|21\n|\n|t:|1776071319\n|move|p1a: Dragonite|Flamethrower|p2a: Hippowdon\n|-damage|p2a: Hippowdon|0 fnt\n|faint|p2a: Hippowdon\n|\n|win|going 12\n|raw|going 12's rating: 1368 &rarr; <strong>1383</strong><br />(+15 for winning)\n|raw|I0I7peng's rating: 1287 &rarr; <strong>1268</strong><br />(-19 for losing)\n|j| MahiwagangTite\n|l|\u2606I0I7peng\n|player|p2|\n",
  "uploadtime": 1776071326,
  "views": 6,
  "formatid": "gen9championsbssregma",
  "rating": 1268,
  "private": 0,
  "password": null
}