{
  "id": "gen9championsbssregma-2582220280",
  "format": "[Gen 9 Champions] BSS Reg M-A",
  "players": [
    "Delibird Heart",
    "wpktjgjtgjuj"
  ],
  "log": "|j|\u2606Delibird Heart\n|j|\u2606wpktjgjtgjuj\n|t:|1776072825\n|gametype|singles\n|player|p1|Delibird Heart|#omclihearttakers|1211\n|player|p2|wpktjgjtgjuj|101|1103\n|gen|9\n|tier|[Gen 9 Champions] BSS Reg M-A\n|rated|\n|rule|Species Clause: Limit one of each Pok\u00e9mon\n|rule|Item Clause: Limit 1 of each item\n|clearpoke\n|poke|p1|Abomasnow, L50, F|\n|poke|p1|Mr. Rime, L50, F|\n|poke|p1|Blastoise, L50, M|\n|poke|p1|Volcarona, L50, F|\n|poke|p1|Kingambit, L50, F|\n|poke|p1|Basculegion, L50, M|\n|poke|p2|Gengar, L50, F|\n|poke|p2|Snorlax, L50, F|\n|poke|p2|Greninja-*, L50, M|\n|poke|p2|Corviknight, L50, M|\n|poke|p2|Ditto, L50|\n|poke|p2|Lucario, L50, F|\n|teampreview|3\n|inactive|Battle timer is ON: inactive players will automatically lose when time's up. (requested by Delibird Heart)\n|\n|t:|1776072851\n|teamsize|p1|3\n|teamsize|p2|3\n|start\n|switch|p1a: Abomasnow|Abomasnow, L50, F|100/100\n|switch|p2a: Greninja|Greninja, L50, M, shiny|100/100\n|-weather|Snowscape|[from] ability: Snow Warning|[of] p1a: Abomasnow\n|turn|1\n|\n|t:|1776072858\n|move|p2a: Greninja|Dark Pulse|p1a: Abomasnow\n|-damage|p1a: Abomasnow|63/100\n|move|p1a: Abomasnow|Aurora Veil|p1a: Abomasnow\n|-sidestart|p1: Delibird Heart|move: Aurora Veil\n|\n|-weather|Snowscape|[upkeep]\n|upkeep\n|turn|2\n|\n|t:|1776072869\n|switch|p1a: Volcarona|Volcarona, L50, F|100/100\n|move|p2a: Greninja|Flip Turn|p1a: Volcarona\n|-supereffective|p1a: Volcarona|1\n|-damage|p1a: Volcarona|82/100\n|\n|t:|1776072875\n|switch|p2a: Snorlax|Snorlax, L50, F, shiny|100/100|[from] Flip Turn\n|\n|-weather|Snowscape|[upkeep]\n|upkeep\n|turn|3\n|\n|t:|1776072878\n|move|p1a: Volcarona|Quiver Dance|p1a: Volcarona\n|-boost|p1a: Volcarona|spa|1\n|-boost|p1a: Volcarona|spd|1\n|-boost|p1a: Volcarona|spe|1\n|move|p2a: Snorlax|Yawn|p1a: Volcarona\n|-start|p1a: Volcarona|move: Yawn|[of] p2a: Snorlax\n|\n|-weather|Snowscape|[upkeep]\n|upkeep\n|turn|4\n|\n|t:|1776072895\n|move|p1a: Volcarona|Quiver Dance|p1a: Volcarona\n|-boost|p1a: Volcarona|spa|1\n|-boost|p1a: Volcarona|spd|1\n|-boost|p1a: Volcarona|spe|1\n|move|p2a: Snorlax|Crunch|p1a: Volcarona\n|-damage|p1a: Volcarona|72/100\n|-status|p2a: Snorlax|brn|[from] ability: Flame Body|[of] p1a: Volcarona\n|\n|-weather|Snowscape|[upkeep]\n|-damage|p2a: Snorlax|94/100 brn|[from] brn\n|-end|p1a: Volcarona|move: Yawn|[silent]\n|-status|p1a: Volcarona|slp\n|upkeep\n|turn|5\n|\n|t:|1776072899\n|switch|p2a: Ditto|Ditto, L50, shiny|100/100\n|-transform|p2a: Ditto|p1a: Volcarona|[from] ability: Imposter\n|cant|p1a: Volcarona|slp\n|\n|-weather|none\n|-sideend|p1: Delibird Heart|move: Aurora Veil\n|upkeep\n|turn|6\n|\n|t:|1776072902\n|move|p2a: Ditto|Fiery Dance|p1a: Volcarona\n|-damage|p1a: Volcarona|37/100 slp\n|-enditem|p1a: Volcarona|Sitrus Berry|[eat]\n|-heal|p1a: Volcarona|62/100 slp|[from] item: Sitrus Berry\n|cant|p1a: Volcarona|slp\n|\n|upkeep\n|turn|7\n|\n|t:|1776072909\n|move|p2a: Ditto|Fiery Dance|p1a: Volcarona\n|-damage|p1a: Volcarona|29/100 slp\n|-curestatus|p1a: Volcarona|slp|[msg]\n|move|p1a: Volcarona|Morning Sun|p1a: Volcarona\n|-heal|p1a: Volcarona|79/100\n|\n|upkeep\n|turn|8\n|\n|t:|1776072914\n|switch|p2a: Snorlax|Snorlax, L50, F, shiny|94/100 brn\n|move|p1a: Volcarona|Quiver Dance|p1a: Volcarona\n|-boost|p1a: Volcarona|spa|1\n|-boost|p1a: Volcarona|spd|1\n|-boost|p1a: Volcarona|spe|1\n|\n|-heal|p2a: Snorlax|100/100 brn|[from] item: Leftovers\n|-damage|p2a: Snorlax|94/100 brn|[from] brn\n|upkeep\n|turn|9\n|\n|t:|1776072917\n|move|p1a: Volcarona|Bug Buzz|p2a: Snorlax\n|-crit|p2a: Snorlax\n|-damage|p2a: Snorlax|0 fnt\n|faint|p2a: Snorlax\n|\n|upkeep\n|\n|t:|1776072921\n|switch|p2a: Ditto|Ditto, L50, shiny|100/100\n|-transform|p2a: Ditto|p1a: Volcarona|[from] ability: Imposter\n|turn|10\n|\n|t:|1776072926\n|move|p2a: Ditto|Fiery Dance|p1a: Volcarona\n|-damage|p1a: Volcarona|42/100\n|-boost|p2a: Ditto|spa|1\n|move|p1a: Volcarona|Morning Sun|p1a: Volcarona\n|-heal|p1a: Volcarona|92/100\n|\n|upkeep\n|turn|11\n|\n|t:|1776072929\n|move|p2a: Ditto|Fiery Dance|p1a: Volcarona\n|-damage|p1a: Volcarona|48/100\n|move|p1a: Volcarona|Quiver Dance|p1a: Volcarona\n|-boost|p1a: Volcarona|spa|1\n|-boost|p1a: Volcarona|spd|1\n|-boost|p1a: Volcarona|spe|1\n|\n|upkeep\n|turn|12\n|\n|t:|1776072934\n|move|p2a: Ditto|Fiery Dance|p1a: Volcarona\n|-damage|p1a: Volcarona|14/100\n|move|p1a: Volcarona|Morning Sun|p1a: Volcarona\n|-heal|p1a: Volcarona|64/100\n|\n|upkeep\n|turn|13\n|\n|t:|1776072941\n|move|p2a: Ditto|Fiery Dance|p1a: Volcarona\n|-damage|p1a: Volcarona|29/100\n|move|p1a: Volcarona|Quiver Dance|p1a: Volcarona\n|-boost|p1a: Volcarona|spa|1\n|-boost|p1a: Volcarona|spd|1\n|-boost|p1a: Volcarona|spe|1\n|\n|upkeep\n|turn|14\n|\n|t:|1776072945\n|move|p2a: Ditto|Fiery Dance|p1a: Volcarona\n|-damage|p1a: Volcarona|0 fnt\n|-boost|p2a: Ditto|spa|1\n|faint|p1a: Volcarona\n|\n|upkeep\n|c|\u2606Delibird Heart|?????????\n|c|\u2606Delibird Heart|WHAT THE FUCK\n|c|\u2606Delibird Heart|thats not how\n|c|\u2606Delibird Heart|stat calc works\n|\n|t:|1776072965\n|switch|p1a: Basculegion|Basculegion, L50, M|100/100\n|turn|15\n|\n|t:|1776072971\n|switch|p2a: Greninja|Greninja, L50, M, shiny|100/100\n|move|p1a: Basculegion|Wave Crash|p2a: Greninja\n|-resisted|p2a: Greninja|1\n|-damage|p2a: Greninja|34/100\n|-damage|p1a: Basculegion|84/100|[from] Recoil\n|\n|upkeep\n|turn|16\n|\n|t:|1776072981\n|move|p1a: Basculegion|Wave Crash|p2a: Greninja\n|-resisted|p2a: Greninja|1\n|-crit|p2a: Greninja\n|-damage|p2a: Greninja|0 fnt\n|faint|p2a: Greninja\n|-damage|p1a: Basculegion|76/100|[from] Recoil\n|\n|upkeep\n|\n|t:|1776072986\n|switch|p2a: Ditto|Ditto, L50, shiny|100/100\n|-transform|p2a: Ditto|p1a: Basculegion|[from] ability: Imposter\n|turn|17\n|\n|t:|1776072989\n|switch|p1a: Abomasnow|Abomasnow, L50, F|63/100\n|-weather|Snowscape|[from] ability: Snow Warning|[of] p1a: Abomasnow\n|move|p2a: Ditto|Last Respects|p1a: Abomasnow\n|-damage|p1a: Abomasnow|0 fnt\n|faint|p1a: Abomasnow\n|\n|-weather|Snowscape|[upkeep]\n|upkeep\n|\n|t:|1776072991\n|switch|p1a: Basculegion|Basculegion, L50, M|76/100\n|turn|18\n|\n|t:|1776072994\n|move|p1a: Basculegion|Last Respects|p2a: Ditto\n|-supereffective|p2a: Ditto|1\n|-damage|p2a: Ditto|0 fnt\n|faint|p2a: Ditto\n|\n|win|Delibird Heart\n|raw|Delibird Heart's rating: 1211 &rarr; <strong>1228</strong><br />(+17 for winning)\n|raw|wpktjgjtgjuj's rating: 1103 &rarr; <strong>1086</strong><br />(-17 for losing)\n|l|\u2606wpktjgjtgjuj\n|player|p2|\n|c|\u2606Delibird Heart|yea easy farm\n|c|\u2606Delibird Heart|ditto abuser\n|c|\u2606Delibird Heart|foh\n",
  "uploadtime": 1776073001,
  "views": 18,
  "formatid": "gen9championsbssregma",
  "rating": 1086,
  "private": 0,
  "password": null
}