{
  "id": "gen9championsbssregma-2587188406",
  "format": "[Gen 9 Champions] BSS Reg M-A",
  "players": [
    "joguri",
    "Knocksun"
  ],
  "log": "|j|\u2606joguri\n|j|\u2606Knocksun\n|t:|1776506312\n|gametype|singles\n|player|p1|joguri|dawn|1286\n|player|p2|Knocksun|169|1361\n|gen|9\n|tier|[Gen 9 Champions] BSS Reg M-A\n|rated|\n|rule|Species Clause: Limit one of each Pok\u00e9mon\n|rule|Item Clause: Limit 1 of each item\n|clearpoke\n|poke|p1|Clefable, L50, F|\n|poke|p1|Espathra, L50, M|\n|poke|p1|Charizard, L50, F|\n|poke|p1|Garchomp, L50, F|\n|poke|p1|Archaludon, L50, M|\n|poke|p1|Primarina, L50, F|\n|poke|p2|Greninja, L50, M, shiny|\n|poke|p2|Garchomp, L50, F, shiny|\n|poke|p2|Corviknight, L50, M, shiny|\n|poke|p2|Primarina, L50, F|\n|poke|p2|Rotom-Wash, L50, shiny|\n|poke|p2|Dragonite, L50, F|\n|teampreview|3\n|inactive|Battle timer is ON: inactive players will automatically lose when time's up. (requested by Knocksun)\n|j| p74\n|\n|t:|1776506349\n|teamsize|p1|3\n|teamsize|p2|3\n|start\n|switch|p1a: Briduras|Archaludon, L50, M|100/100\n|switch|p2a: Garchomp|Garchomp, L50, F, shiny|100/100\n|turn|1\n|\n|t:|1776506358\n|move|p2a: Garchomp|Earthquake|p1a: Briduras\n|-supereffective|p1a: Briduras|1\n|-damage|p1a: Briduras|24/100\n|-ability|p1a: Briduras|Stamina|boost\n|-boost|p1a: Briduras|def|1\n|move|p1a: Briduras|Stealth Rock|p2a: Garchomp\n|-sidestart|p2: Knocksun|move: Stealth Rock\n|\n|upkeep\n|turn|2\n|\n|t:|1776506367\n|move|p2a: Garchomp|Earthquake|p1a: Briduras\n|-supereffective|p1a: Briduras|1\n|-damage|p1a: Briduras|0 fnt\n|faint|p1a: Briduras\n|\n|upkeep\n|\n|t:|1776506376\n|switch|p1a: Primarina|Primarina, L50, F|100/100\n|turn|3\n|\n|t:|1776506386\n|move|p2a: Garchomp|Stealth Rock|p1a: Primarina\n|-sidestart|p1: joguri|move: Stealth Rock\n|move|p1a: Primarina|Calm Mind|p1a: Primarina\n|-boost|p1a: Primarina|spa|1\n|-boost|p1a: Primarina|spd|1\n|\n|upkeep\n|turn|4\n|\n|t:|1776506396\n|move|p2a: Garchomp|Earthquake|p1a: Primarina\n|-damage|p1a: Primarina|39/100\n|-enditem|p1a: Primarina|Sitrus Berry|[eat]\n|-heal|p1a: Primarina|64/100|[from] item: Sitrus Berry\n|move|p1a: Primarina|Calm Mind|p1a: Primarina\n|-boost|p1a: Primarina|spa|1\n|-boost|p1a: Primarina|spd|1\n|\n|upkeep\n|turn|5\n|\n|t:|1776506404\n|move|p2a: Garchomp|Earthquake|p1a: Primarina\n|-damage|p1a: Primarina|4/100\n|move|p1a: Primarina|Moonblast|p2a: Garchomp\n|-supereffective|p2a: Garchomp|1\n|-enditem|p2a: Garchomp|Focus Sash\n|-damage|p2a: Garchomp|1/100\n|\n|upkeep\n|turn|6\n|\n|t:|1776506416\n|move|p2a: Garchomp|Rock Slide|p1a: Primarina\n|-damage|p1a: Primarina|0 fnt\n|faint|p1a: Primarina\n|\n|upkeep\n|\n|t:|1776506420\n|switch|p1a: Clefable|Clefable, L50, F|100/100\n|-damage|p1a: Clefable|88/100|[from] Stealth Rock\n|turn|7\n|\n|t:|1776506425\n|move|p2a: Garchomp|Earthquake|p1a: Clefable\n|-damage|p1a: Clefable|44/100\n|move|p1a: Clefable|Cosmic Power|p1a: Clefable\n|-boost|p1a: Clefable|def|1\n|-boost|p1a: Clefable|spd|1\n|\n|upkeep\n|turn|8\n|\n|t:|1776506433\n|move|p2a: Garchomp|Rock Slide|p1a: Clefable\n|-damage|p1a: Clefable|30/100\n|move|p1a: Clefable|Moonlight|p1a: Clefable\n|-heal|p1a: Clefable|80/100\n|\n|upkeep\n|turn|9\n|\n|t:|1776506440\n|move|p2a: Garchomp|Earthquake|p1a: Clefable\n|-damage|p1a: Clefable|53/100\n|move|p1a: Clefable|Cosmic Power|p1a: Clefable\n|-boost|p1a: Clefable|def|1\n|-boost|p1a: Clefable|spd|1\n|\n|upkeep\n|turn|10\n|\n|t:|1776506448\n|switch|p2a: Primarina|Primarina, L50, F|100/100\n|-damage|p2a: Primarina|88/100|[from] Stealth Rock\n|move|p1a: Clefable|Cosmic Power|p1a: Clefable\n|-boost|p1a: Clefable|def|1\n|-boost|p1a: Clefable|spd|1\n|\n|upkeep\n|turn|11\n|\n|t:|1776506459\n|detailschange|p1a: Clefable|Clefable-Mega, L50, F\n|-mega|p1a: Clefable|Clefable|Clefablite\n|move|p1a: Clefable|Cosmic Power|p1a: Clefable\n|-boost|p1a: Clefable|def|1\n|-boost|p1a: Clefable|spd|1\n|move|p2a: Primarina|Calm Mind|p2a: Primarina\n|-boost|p2a: Primarina|spa|1\n|-boost|p2a: Primarina|spd|1\n|\n|upkeep\n|turn|12\n|\n|t:|1776506468\n|move|p1a: Clefable|Cosmic Power|p1a: Clefable\n|-boost|p1a: Clefable|def|1\n|-boost|p1a: Clefable|spd|1\n|move|p2a: Primarina|Calm Mind|p2a: Primarina\n|-boost|p2a: Primarina|spa|1\n|-boost|p2a: Primarina|spd|1\n|\n|upkeep\n|turn|13\n|\n|t:|1776506480\n|move|p1a: Clefable|Cosmic Power|p1a: Clefable\n|-boost|p1a: Clefable|def|1\n|-boost|p1a: Clefable|spd|1\n|move|p2a: Primarina|Calm Mind|p2a: Primarina\n|-boost|p2a: Primarina|spa|1\n|-boost|p2a: Primarina|spd|1\n|\n|upkeep\n|turn|14\n|\n|t:|1776506487\n|move|p1a: Clefable|Stored Power|p2a: Primarina\n|-damage|p2a: Primarina|68/100\n|move|p2a: Primarina|Calm Mind|p2a: Primarina\n|-boost|p2a: Primarina|spa|1\n|-boost|p2a: Primarina|spd|1\n|\n|upkeep\n|turn|15\n|\n|t:|1776506496\n|move|p1a: Clefable|Stored Power|p2a: Primarina\n|-damage|p2a: Primarina|51/100\n|move|p2a: Primarina|Calm Mind|p2a: Primarina\n|-boost|p2a: Primarina|spa|1\n|-boost|p2a: Primarina|spd|1\n|\n|upkeep\n|turn|16\n|\n|t:|1776506504\n|move|p1a: Clefable|Stored Power|p2a: Primarina\n|-damage|p2a: Primarina|37/100\n|-enditem|p2a: Primarina|Sitrus Berry|[eat]\n|-heal|p2a: Primarina|61/100|[from] item: Sitrus Berry\n|move|p2a: Primarina|Calm Mind|p2a: Primarina\n|-boost|p2a: Primarina|spa|1\n|-boost|p2a: Primarina|spd|1\n|\n|upkeep\n|turn|17\n|\n|t:|1776506511\n|move|p1a: Clefable|Stored Power|p2a: Primarina\n|-damage|p2a: Primarina|49/100\n|move|p2a: Primarina|Sparkling Aria|p1a: Clefable\n|-damage|p1a: Clefable|20/100\n|\n|upkeep\n|turn|18\n|\n|t:|1776506517\n|move|p1a: Clefable|Moonlight|p1a: Clefable\n|-heal|p1a: Clefable|70/100\n|move|p2a: Primarina|Sparkling Aria|p1a: Clefable\n|-damage|p1a: Clefable|39/100\n|\n|upkeep\n|turn|19\n|\n|t:|1776506523\n|move|p1a: Clefable|Moonlight|p1a: Clefable\n|-heal|p1a: Clefable|89/100\n|move|p2a: Primarina|Moonblast|p1a: Clefable\n|-damage|p1a: Clefable|55/100\n|\n|upkeep\n|turn|20\n|\n|t:|1776506532\n|move|p1a: Clefable|Stored Power|p2a: Primarina\n|-damage|p2a: Primarina|35/100\n|move|p2a: Primarina|Moonblast|p1a: Clefable\n|-damage|p1a: Clefable|21/100\n|\n|upkeep\n|turn|21\n|\n|t:|1776506538\n|move|p1a: Clefable|Moonlight|p1a: Clefable\n|-heal|p1a: Clefable|71/100\n|move|p2a: Primarina|Sparkling Aria|p1a: Clefable\n|-damage|p1a: Clefable|38/100\n|\n|upkeep\n|turn|22\n|\n|t:|1776506544\n|move|p1a: Clefable|Moonlight|p1a: Clefable\n|-heal|p1a: Clefable|88/100\n|move|p2a: Primarina|Sparkling Aria|p1a: Clefable\n|-damage|p1a: Clefable|55/100\n|\n|upkeep\n|turn|23\n|\n|t:|1776506550\n|move|p1a: Clefable|Stored Power|p2a: Primarina\n|-damage|p2a: Primarina|23/100\n|move|p2a: Primarina|Moonblast|p1a: Clefable\n|-damage|p1a: Clefable|21/100\n|\n|upkeep\n|turn|24\n|\n|t:|1776506555\n|move|p1a: Clefable|Moonlight|p1a: Clefable\n|-heal|p1a: Clefable|71/100\n|move|p2a: Primarina|Sparkling Aria|p1a: Clefable\n|-damage|p1a: Clefable|25/100\n|\n|upkeep\n|turn|25\n|\n|t:|1776506562\n|move|p1a: Clefable|Moonlight|p1a: Clefable\n|-heal|p1a: Clefable|75/100\n|move|p2a: Primarina|Sparkling Aria|p1a: Clefable\n|-damage|p1a: Clefable|24/100\n|\n|upkeep\n|turn|26\n|\n|t:|1776506569\n|move|p1a: Clefable|Stored Power|p2a: Primarina\n|-damage|p2a: Primarina|10/100\n|move|p2a: Primarina|Sparkling Aria|p1a: Clefable\n|-damage|p1a: Clefable|0 fnt\n|faint|p1a: Clefable\n|\n|win|Knocksun\n|raw|joguri's rating: 1286 &rarr; <strong>1266</strong><br />(-20 for losing)\n|raw|Knocksun's rating: 1361 &rarr; <strong>1377</strong><br />(+16 for winning)\n|l|\u2606joguri\n|player|p1|\n|l|\u2606Knocksun\n|player|p2|\n",
  "uploadtime": 1776506863,
  "views": 6,
  "formatid": "gen9championsbssregma",
  "rating": 1266,
  "private": 0,
  "password": null
}