{
  "id": "gen9championsbssregma-2589546657",
  "format": "[Gen 9 Champions] BSS Reg M-A",
  "players": [
    "mega.CHIVA",
    "conrookman"
  ],
  "log": "|j|\u2606mega.CHIVA\n|j|\u2606conrookman\n|t:|1776732920\n|gametype|singles\n|player|p1|mega.CHIVA|unknown|1126\n|player|p2|conrookman|170|1230\n|gen|9\n|tier|[Gen 9 Champions] BSS Reg M-A\n|rated|\n|rule|Species Clause: Limit one of each Pok\u00e9mon\n|rule|Item Clause: Limit 1 of each item\n|clearpoke\n|poke|p1|Basculegion, L50, M|\n|poke|p1|Garchomp, L50, M|\n|poke|p1|Hawlucha, L50, M|\n|poke|p1|Sylveon, L50, F|\n|poke|p1|Greninja, L50, M|\n|poke|p1|Blastoise, L50, M|\n|poke|p2|Gyarados, L50, M|\n|poke|p2|Scizor, L50, F|\n|poke|p2|Bellibolt, L50, F|\n|poke|p2|Dragapult, L50, F|\n|poke|p2|Clefable, L50, F|\n|poke|p2|Diggersby, L50, F|\n|teampreview|3\n|\n|t:|1776732935\n|teamsize|p1|3\n|teamsize|p2|3\n|start\n|switch|p1a: Sylveon|Sylveon, L50, F|100/100\n|switch|p2a: Diggersby|Diggersby, L50, F|100/100\n|turn|1\n|\n|t:|1776732942\n|move|p2a: Diggersby|Earthquake|p1a: Sylveon\n|-damage|p1a: Sylveon|27/100\n|move|p1a: Sylveon|Hyper Voice|p2a: Diggersby\n|-damage|p2a: Diggersby|7/100\n|\n|upkeep\n|turn|2\n|\n|t:|1776732949\n|move|p2a: Diggersby|Body Slam|p1a: Sylveon\n|-damage|p1a: Sylveon|0 fnt\n|faint|p1a: Sylveon\n|\n|upkeep\n|\n|t:|1776732954\n|switch|p1a: Basculegion|Basculegion, L50, M|100/100\n|turn|3\n|\n|t:|1776732959\n|move|p1a: Basculegion|Liquidation|p2a: Diggersby\n|-supereffective|p2a: Diggersby|1\n|-damage|p2a: Diggersby|0 fnt\n|faint|p2a: Diggersby\n|\n|upkeep\n|\n|t:|1776732961\n|switch|p2a: Bellibolt|Bellibolt, L50, F|100/100\n|turn|4\n|\n|t:|1776732966\n|switch|p1a: Hawlucha|Hawlucha, L50, M|100/100\n|move|p2a: Bellibolt|Toxic|p1a: Hawlucha\n|-status|p1a: Hawlucha|tox\n|\n|-damage|p1a: Hawlucha|95/100 tox|[from] psn\n|upkeep\n|turn|5\n|\n|t:|1776732974\n|detailschange|p1a: Hawlucha|Hawlucha-Mega, L50, M\n|-mega|p1a: Hawlucha|Hawlucha|Hawluchanite\n|move|p1a: Hawlucha|Cross Chop|p2a: Bellibolt\n|-damage|p2a: Bellibolt|59/100\n|-start|p2a: Bellibolt|Charge|Cross Chop|[from] ability: Electromorphosis\n|move|p2a: Bellibolt|Parabolic Charge|p1a: Hawlucha\n|-supereffective|p1a: Hawlucha|1\n|-damage|p1a: Hawlucha|0 fnt\n|-heal|p2a: Bellibolt|93/100|[from] drain|[of] p1a: Hawlucha\n|faint|p1a: Hawlucha\n|-end|p2a: Bellibolt|Charge|[silent]\n|\n|-heal|p2a: Bellibolt|99/100|[from] item: Leftovers\n|upkeep\n|\n|t:|1776732986\n|switch|p1a: Basculegion|Basculegion, L50, M|100/100\n|turn|6\n|\n|t:|1776732989\n|move|p1a: Basculegion|Last Respects|p2a: Bellibolt\n|-damage|p2a: Bellibolt|38/100\n|-start|p2a: Bellibolt|Charge|Last Respects|[from] ability: Electromorphosis\n|move|p2a: Bellibolt|Parabolic Charge|p1a: Basculegion\n|-supereffective|p1a: Basculegion|1\n|-damage|p1a: Basculegion|0 fnt\n|-heal|p2a: Bellibolt|84/100|[from] drain|[of] p1a: Basculegion\n|faint|p1a: Basculegion\n|-end|p2a: Bellibolt|Charge|[silent]\n|\n|win|conrookman\n|raw|mega.CHIVA's rating: 1126 &rarr; <strong>1108</strong><br />(-18 for losing)\n|raw|conrookman's rating: 1230 &rarr; <strong>1248</strong><br />(+18 for winning)\n|c|\u2606conrookman|gg\n|l|\u2606mega.CHIVA\n|player|p1|\n",
  "uploadtime": 1776733000,
  "views": 0,
  "formatid": "gen9championsbssregma",
  "rating": 1108,
  "private": 0,
  "password": null
}