{
  "id": "gen9championsbssregma-2586190327",
  "format": "[Gen 9 Champions] BSS Reg M-A",
  "players": [
    "aresis",
    "HootHootHo"
  ],
  "log": "|j|\u2606aresis\n|j|\u2606HootHootHo\n|t:|1776410396\n|gametype|singles\n|player|p1|aresis|2|1279\n|player|p2|HootHootHo|102|1289\n|gen|9\n|tier|[Gen 9 Champions] BSS Reg M-A\n|rated|\n|rule|Species Clause: Limit one of each Pok\u00e9mon\n|rule|Item Clause: Limit 1 of each item\n|clearpoke\n|poke|p1|Pelipper, L50, M|\n|poke|p1|Archaludon, L50, M|\n|poke|p1|Basculegion, L50, M|\n|poke|p1|Lucario, L50, F|\n|poke|p1|Dragapult, L50, F|\n|poke|p1|Meganium, L50, F|\n|poke|p2|Blastoise, L50, F|\n|poke|p2|Archaludon, L50, M|\n|poke|p2|Basculegion, L50, M|\n|poke|p2|Kangaskhan, L50, F|\n|poke|p2|Ceruledge, L50, F|\n|poke|p2|Umbreon, L50, F|\n|teampreview|3\n|inactive|Battle timer is ON: inactive players will automatically lose when time's up. (requested by HootHootHo)\n|j| p74\n|inactive|aresis has 60 seconds left.\n|\n|t:|1776410428\n|teamsize|p1|3\n|teamsize|p2|3\n|start\n|switch|p1a: Lucario|Lucario, L50, F|100/100\n|switch|p2a: Kangaskhan|Kangaskhan, L50, F|100/100\n|turn|1\n|\n|t:|1776410439\n|detailschange|p1a: Lucario|Lucario-Mega, L50, F\n|-mega|p1a: Lucario|Lucario|Lucarionite\n|detailschange|p2a: Kangaskhan|Kangaskhan-Mega, L50, F\n|-mega|p2a: Kangaskhan|Kangaskhan|Kangaskhanite\n|move|p2a: Kangaskhan|Fake Out|p1a: Lucario\n|-resisted|p1a: Lucario|1\n|-damage|p1a: Lucario|86/100\n|-resisted|p1a: Lucario|1\n|-damage|p1a: Lucario|83/100\n|-hitcount|p1a: Lucario|2\n|cant|p1a: Lucario|flinch\n|\n|upkeep\n|turn|2\n|\n|t:|1776410452\n|switch|p2a: Basculegion|Basculegion, L50, M|100/100\n|move|p1a: Lucario|Close Combat|p2a: Basculegion\n|-immune|p2a: Basculegion\n|\n|upkeep\n|turn|3\n|\n|t:|1776410462\n|switch|p1a: Archaludon|Archaludon, L50, M|100/100\n|move|p2a: Basculegion|Wave Crash|p1a: Archaludon\n|-resisted|p1a: Archaludon|1\n|-damage|p1a: Archaludon|63/100\n|-damage|p2a: Basculegion|90/100|[from] Recoil\n|\n|-heal|p1a: Archaludon|69/100|[from] item: Leftovers\n|upkeep\n|turn|4\n|\n|t:|1776410470\n|switch|p2a: Kangaskhan|Kangaskhan-Mega, L50, F|100/100\n|move|p1a: Archaludon|Draco Meteor|p2a: Kangaskhan\n|-damage|p2a: Kangaskhan|38/100\n|-unboost|p1a: Archaludon|spa|2\n|\n|-heal|p1a: Archaludon|75/100|[from] item: Leftovers\n|upkeep\n|turn|5\n|\n|t:|1776410479\n|switch|p1a: Basculegion|Basculegion, L50, M|100/100\n|move|p2a: Kangaskhan|Earthquake|p1a: Basculegion\n|-damage|p1a: Basculegion|56/100\n|-damage|p1a: Basculegion|44/100\n|-hitcount|p1a: Basculegion|2\n|\n|upkeep\n|turn|6\n|\n|t:|1776410486\n|move|p2a: Kangaskhan|Sucker Punch|p1a: Basculegion\n|-supereffective|p1a: Basculegion|1\n|-damage|p1a: Basculegion|0 fnt\n|faint|p1a: Basculegion\n|-hitcount|p1: Basculegion|1\n|\n|upkeep\n|\n|t:|1776410491\n|switch|p1a: Lucario|Lucario-Mega, L50, F|83/100\n|turn|7\n|\n|t:|1776410498\n|move|p1a: Lucario|Meteor Mash|p2a: Kangaskhan|[miss]\n|-miss|p1a: Lucario|p2a: Kangaskhan\n|move|p2a: Kangaskhan|Earthquake|p1a: Lucario\n|-supereffective|p1a: Lucario|1\n|-damage|p1a: Lucario|0 fnt\n|faint|p1a: Lucario\n|-hitcount|p1: Lucario|1\n|\n|upkeep\n|\n|t:|1776410505\n|switch|p1a: Archaludon|Archaludon, L50, M|75/100\n|turn|8\n|\n|t:|1776410509\n|move|p2a: Kangaskhan|Earthquake|p1a: Archaludon\n|-supereffective|p1a: Archaludon|1\n|-damage|p1a: Archaludon|11/100\n|-supereffective|p1a: Archaludon|1\n|-damage|p1a: Archaludon|0 fnt\n|faint|p1a: Archaludon\n|-hitcount|p1: Archaludon|2\n|\n|win|HootHootHo\n|raw|aresis's rating: 1279 &rarr; <strong>1255</strong><br />(-24 for losing)\n|raw|HootHootHo's rating: 1289 &rarr; <strong>1313</strong><br />(+24 for winning)\n|l|\u2606aresis\n|player|p1|\n|l|\u2606HootHootHo\n|player|p2|\n",
  "uploadtime": 1776410569,
  "views": 2,
  "formatid": "gen9championsbssregma",
  "rating": 1255,
  "private": 0,
  "password": null
}