{
  "id": "gen9championsbssregma-2584846743",
  "format": "[Gen 9 Champions] BSS Reg M-A",
  "players": [
    "alswnsjsid",
    "Blastfury0614"
  ],
  "log": "|j|\u2606alswnsjsid\n|j|\u2606Blastfury0614\n|t:|1776288263\n|gametype|singles\n|player|p1|alswnsjsid|caitlin|1240\n|player|p2|Blastfury0614|red-masters3|1247\n|gen|9\n|tier|[Gen 9 Champions] BSS Reg M-A\n|rated|\n|rule|Species Clause: Limit one of each Pok\u00e9mon\n|rule|Item Clause: Limit 1 of each item\n|clearpoke\n|poke|p1|Kangaskhan, L50, F|\n|poke|p1|Hippowdon, L50, M|\n|poke|p1|Primarina, L50, F|\n|poke|p1|Archaludon, L50, M|\n|poke|p1|Volcarona, L50, F|\n|poke|p1|Basculegion, L50, M|\n|poke|p2|Pelipper, L50, M|\n|poke|p2|Meganium, L50, F|\n|poke|p2|Greninja-*, L50, M|\n|poke|p2|Basculegion, L50, M|\n|poke|p2|Archaludon, L50, F|\n|poke|p2|Sneasler, L50, M|\n|teampreview|3\n|inactive|Battle timer is ON: inactive players will automatically lose when time's up. (requested by Blastfury0614)\n|inactive|alswnsjsid has 60 seconds left.\n|inactive|Blastfury0614 has 60 seconds left.\n|j| p74\n|\n|t:|1776288306\n|teamsize|p1|3\n|teamsize|p2|3\n|start\n|switch|p1a: Kangaskhan|Kangaskhan, L50, F, shiny|100/100\n|switch|p2a: Archaludon|Archaludon, L50, F|100/100\n|turn|1\n|\n|t:|1776288319\n|move|p1a: Kangaskhan|Fake Out|p2a: Archaludon\n|-resisted|p2a: Archaludon|1\n|-damage|p2a: Archaludon|93/100\n|-ability|p2a: Archaludon|Stamina|boost\n|-boost|p2a: Archaludon|def|1\n|cant|p2a: Archaludon|flinch\n|\n|-heal|p2a: Archaludon|99/100|[from] item: Leftovers\n|upkeep\n|turn|2\n|\n|t:|1776288330\n|switch|p1a: Hippowdon|Hippowdon, L50, M, shiny|100/100\n|-weather|Sandstorm|[from] ability: Sand Stream|[of] p1a: Hippowdon\n|move|p2a: Archaludon|Thunder Wave|p1a: Hippowdon\n|-immune|p1a: Hippowdon\n|\n|-weather|Sandstorm|[upkeep]\n|-heal|p2a: Archaludon|100/100|[from] item: Leftovers\n|upkeep\n|turn|3\n|\n|t:|1776288346\n|move|p2a: Archaludon|Flash Cannon|p1a: Hippowdon\n|-damage|p1a: Hippowdon|59/100\n|move|p1a: Hippowdon|Earthquake|p2a: Archaludon\n|-supereffective|p2a: Archaludon|1\n|-damage|p2a: Archaludon|53/100\n|-ability|p2a: Archaludon|Stamina|boost\n|-boost|p2a: Archaludon|def|1\n|\n|-weather|Sandstorm|[upkeep]\n|-heal|p2a: Archaludon|59/100|[from] item: Leftovers\n|upkeep\n|turn|4\n|\n|t:|1776288358\n|move|p2a: Archaludon|Draco Meteor|p1a: Hippowdon\n|-damage|p1a: Hippowdon|0 fnt\n|-unboost|p2a: Archaludon|spa|2\n|faint|p1a: Hippowdon\n|\n|-weather|Sandstorm|[upkeep]\n|-heal|p2a: Archaludon|65/100|[from] item: Leftovers\n|upkeep\n|\n|t:|1776288373\n|switch|p1a: Kangaskhan|Kangaskhan, L50, F, shiny|100/100\n|turn|5\n|\n|t:|1776288378\n|move|p1a: Kangaskhan|Fake Out|p2a: Archaludon\n|-resisted|p2a: Archaludon|1\n|-damage|p2a: Archaludon|61/100\n|-ability|p2a: Archaludon|Stamina|boost\n|-boost|p2a: Archaludon|def|1\n|cant|p2a: Archaludon|flinch\n|\n|-weather|Sandstorm|[upkeep]\n|-damage|p1a: Kangaskhan|95/100|[from] Sandstorm\n|-heal|p2a: Archaludon|67/100|[from] item: Leftovers\n|upkeep\n|turn|6\n|\n|t:|1776288389\n|detailschange|p1a: Kangaskhan|Kangaskhan-Mega, L50, F, shiny\n|-mega|p1a: Kangaskhan|Kangaskhan|Kangaskhanite\n|move|p2a: Archaludon|Thunder Wave|p1a: Kangaskhan\n|-status|p1a: Kangaskhan|par\n|move|p1a: Kangaskhan|Last Resort|p2a: Archaludon\n|-resisted|p2a: Archaludon|1\n|-damage|p2a: Archaludon|53/100\n|-ability|p2a: Archaludon|Stamina|boost\n|-boost|p2a: Archaludon|def|1\n|-resisted|p2a: Archaludon|1\n|-damage|p2a: Archaludon|51/100\n|-ability|p2a: Archaludon|Stamina|boost\n|-boost|p2a: Archaludon|def|1\n|-hitcount|p2a: Archaludon|2\n|\n|-weather|none\n|-heal|p2a: Archaludon|57/100|[from] item: Leftovers\n|upkeep\n|turn|7\n|\n|t:|1776288404\n|move|p2a: Archaludon|Electro Shot||[still]\n|-prepare|p2a: Archaludon|Electro Shot\n|-boost|p2a: Archaludon|spa|1\n|move|p1a: Kangaskhan|Last Resort|p2a: Archaludon\n|-resisted|p2a: Archaludon|1\n|-damage|p2a: Archaludon|47/100\n|-ability|p2a: Archaludon|Stamina|boost\n|-boost|p2a: Archaludon|def|1\n|-resisted|p2a: Archaludon|1\n|-damage|p2a: Archaludon|45/100\n|-hitcount|p2a: Archaludon|2\n|\n|-heal|p2a: Archaludon|51/100|[from] item: Leftovers\n|upkeep\n|turn|8\n|\n|t:|1776288416\n|move|p2a: Archaludon|Electro Shot|p1a: Kangaskhan|[from] lockedmove\n|-damage|p1a: Kangaskhan|72/100 par\n|move|p1a: Kangaskhan|Last Resort|p2a: Archaludon\n|-resisted|p2a: Archaludon|1\n|-damage|p2a: Archaludon|42/100\n|-resisted|p2a: Archaludon|1\n|-damage|p2a: Archaludon|40/100\n|-hitcount|p2a: Archaludon|2\n|\n|-heal|p2a: Archaludon|46/100|[from] item: Leftovers\n|upkeep\n|turn|9\n|\n|t:|1776288427\n|move|p2a: Archaludon|Electro Shot||[still]\n|-prepare|p2a: Archaludon|Electro Shot\n|-boost|p2a: Archaludon|spa|1\n|move|p1a: Kangaskhan|Last Resort|p2a: Archaludon\n|-resisted|p2a: Archaludon|1\n|-damage|p2a: Archaludon|38/100\n|-resisted|p2a: Archaludon|1\n|-damage|p2a: Archaludon|36/100\n|-hitcount|p2a: Archaludon|2\n|\n|-heal|p2a: Archaludon|42/100|[from] item: Leftovers\n|upkeep\n|turn|10\n|\n|t:|1776288437\n|move|p2a: Archaludon|Electro Shot|p1a: Kangaskhan|[from] lockedmove\n|-damage|p1a: Kangaskhan|33/100 par\n|move|p1a: Kangaskhan|Last Resort|p2a: Archaludon\n|-resisted|p2a: Archaludon|1\n|-damage|p2a: Archaludon|33/100\n|-resisted|p2a: Archaludon|1\n|-damage|p2a: Archaludon|31/100\n|-hitcount|p2a: Archaludon|2\n|\n|-heal|p2a: Archaludon|37/100|[from] item: Leftovers\n|upkeep\n|turn|11\n|\n|t:|1776288448\n|move|p2a: Archaludon|Electro Shot||[still]\n|-prepare|p2a: Archaludon|Electro Shot\n|-boost|p2a: Archaludon|spa|1\n|move|p1a: Kangaskhan|Last Resort|p2a: Archaludon\n|-resisted|p2a: Archaludon|1\n|-damage|p2a: Archaludon|30/100\n|-resisted|p2a: Archaludon|1\n|-damage|p2a: Archaludon|28/100\n|-hitcount|p2a: Archaludon|2\n|\n|-heal|p2a: Archaludon|34/100|[from] item: Leftovers\n|upkeep\n|turn|12\n|\n|t:|1776288456\n|move|p2a: Archaludon|Electro Shot|p1a: Kangaskhan|[from] lockedmove\n|-damage|p1a: Kangaskhan|0 fnt\n|faint|p1a: Kangaskhan\n|\n|-heal|p2a: Archaludon|40/100|[from] item: Leftovers\n|upkeep\n|\n|t:|1776288459\n|switch|p1a: Basculegion|Basculegion, L50, M, shiny|100/100\n|turn|13\n|\n|t:|1776288472\n|move|p1a: Basculegion|Last Respects|p2a: Archaludon\n|-damage|p2a: Archaludon|19/100\n|move|p2a: Archaludon|Draco Meteor|p1a: Basculegion\n|-damage|p1a: Basculegion|0 fnt\n|-unboost|p2a: Archaludon|spa|2\n|faint|p1a: Basculegion\n|\n|win|Blastfury0614\n|raw|alswnsjsid's rating: 1240 &rarr; <strong>1216</strong><br />(-24 for losing)\n|raw|Blastfury0614's rating: 1247 &rarr; <strong>1271</strong><br />(+24 for winning)\n|c|\u2606Blastfury0614|gg\n|l|\u2606alswnsjsid\n|player|p1|\n",
  "uploadtime": 1776288485,
  "views": 9,
  "formatid": "gen9championsbssregma",
  "rating": 1216,
  "private": 0,
  "password": null
}