{
  "id": "gen9championsbssregma-2582473104",
  "format": "[Gen 9 Champions] BSS Reg M-A",
  "players": [
    "gshs5",
    "uiopoop"
  ],
  "log": "|j|\u2606gshs5\n|j|\u2606uiopoop\n|t:|1776093949\n|gametype|singles\n|player|p1|gshs5|266|1139\n|player|p2|uiopoop|266|1209\n|gen|9\n|tier|[Gen 9 Champions] BSS Reg M-A\n|rated|\n|rule|Species Clause: Limit one of each Pok\u00e9mon\n|rule|Item Clause: Limit 1 of each item\n|clearpoke\n|poke|p1|Absol, L50, F|\n|poke|p1|Zoroark-Hisui, L50, F|\n|poke|p1|Gyarados, L50, M|\n|poke|p1|Garchomp, L50, F|\n|poke|p1|Empoleon, L50, M|\n|poke|p1|Gardevoir, L50, F|\n|poke|p2|Dragonite, L50, F|\n|poke|p2|Aegislash, L50, F|\n|poke|p2|Hippowdon, L50, M|\n|teampreview|3\n|\n|t:|1776093982\n|teamsize|p1|3\n|teamsize|p2|3\n|start\n|switch|p1a: \ud0b9\uac13\ud669\uc194|Absol, L50, F|100/100\n|switch|p2a: Dragonite|Dragonite, L50, F|100/100\n|-ability|p1a: \ud0b9\uac13\ud669\uc194|Pressure\n|turn|1\n|inactive|Battle timer is ON: inactive players will automatically lose when time's up. (requested by gshs5)\n|inactive|uiopoop has 60 seconds left.\n|\n|t:|1776094033\n|switch|p1a: Empoleon|Empoleon, L50, M|100/100\n|detailschange|p2a: Dragonite|Dragonite-Mega, L50, F\n|-mega|p2a: Dragonite|Dragonite|Dragoninite\n|move|p2a: Dragonite|Draco Meteor|p1a: Empoleon\n|-resisted|p1a: Empoleon|1\n|-damage|p1a: Empoleon|73/100\n|-unboost|p2a: Dragonite|spa|2\n|\n|-heal|p1a: Empoleon|79/100|[from] item: Leftovers\n|upkeep\n|turn|2\n|\n|t:|1776094047\n|switch|p2a: Aegislash|Aegislash, L50, F|100/100\n|move|p1a: Empoleon|Stealth Rock|p2a: Aegislash\n|-sidestart|p2: uiopoop|move: Stealth Rock\n|\n|-heal|p1a: Empoleon|84/100|[from] item: Leftovers\n|upkeep\n|turn|3\n|\n|t:|1776094069\n|move|p1a: Empoleon|Yawn|p2a: Aegislash\n|-start|p2a: Aegislash|move: Yawn|[of] p1a: Empoleon\n|-formechange|p2a: Aegislash|Aegislash-Blade|\n|move|p2a: Aegislash|Close Combat|p1a: Empoleon\n|-supereffective|p1a: Empoleon|1\n|-damage|p1a: Empoleon|11/100\n|-unboost|p2a: Aegislash|def|1\n|-unboost|p2a: Aegislash|spd|1\n|\n|-heal|p1a: Empoleon|17/100|[from] item: Leftovers\n|upkeep\n|turn|4\n|\n|t:|1776094089\n|switch|p2a: Hippowdon|Hippowdon, L50, M|100/100\n|-damage|p2a: Hippowdon|94/100|[from] Stealth Rock\n|-weather|Sandstorm|[from] ability: Sand Stream|[of] p2a: Hippowdon\n|move|p1a: Empoleon|Flip Turn|p2a: Hippowdon\n|-supereffective|p2a: Hippowdon|1\n|-damage|p2a: Hippowdon|72/100\n|\n|t:|1776094093\n|switch|p1a: Gyarados|Gyarados, L50, M|100/100|[from] Flip Turn\n|-ability|p1a: Gyarados|Intimidate|boost\n|-unboost|p2a: Hippowdon|atk|1\n|\n|-weather|Sandstorm|[upkeep]\n|-damage|p1a: Gyarados|94/100|[from] Sandstorm\n|upkeep\n|turn|5\n|\n|t:|1776094105\n|move|p1a: Gyarados|Taunt|p2a: Hippowdon\n|-start|p2a: Hippowdon|move: Taunt\n|cant|p2a: Hippowdon|move: Taunt|Yawn\n|\n|-weather|Sandstorm|[upkeep]\n|-damage|p1a: Gyarados|88/100|[from] Sandstorm\n|upkeep\n|turn|6\n|\n|t:|1776094121\n|switch|p2a: Aegislash|Aegislash, L50, F|100/100\n|-damage|p2a: Aegislash|95/100|[from] Stealth Rock\n|move|p1a: Gyarados|Dragon Tail|p2a: Aegislash\n|-resisted|p2a: Aegislash|1\n|-damage|p2a: Aegislash|87/100\n|drag|p2a: Hippowdon|Hippowdon, L50, M|72/100\n|-damage|p2a: Hippowdon|66/100|[from] Stealth Rock\n|\n|-weather|Sandstorm|[upkeep]\n|-damage|p1a: Gyarados|82/100|[from] Sandstorm\n|upkeep\n|turn|7\n|inactive|uiopoop has 30 seconds left.\n|\n|t:|1776094152\n|move|p1a: Gyarados|Taunt|p2a: Hippowdon\n|-start|p2a: Hippowdon|move: Taunt\n|cant|p2a: Hippowdon|move: Taunt|Yawn\n|\n|-weather|Sandstorm|[upkeep]\n|-damage|p1a: Gyarados|75/100|[from] Sandstorm\n|upkeep\n|turn|8\n|\n|t:|1776094158\n|move|p1a: Gyarados|Waterfall|p2a: Hippowdon\n|-supereffective|p2a: Hippowdon|1\n|-damage|p2a: Hippowdon|27/100\n|-enditem|p2a: Hippowdon|Sitrus Berry|[eat]\n|-heal|p2a: Hippowdon|52/100|[from] item: Sitrus Berry\n|cant|p2a: Hippowdon|flinch\n|\n|-weather|none\n|upkeep\n|turn|9\n|\n|t:|1776094168\n|move|p1a: Gyarados|Waterfall|p2a: Hippowdon\n|-supereffective|p2a: Hippowdon|1\n|-damage|p2a: Hippowdon|14/100\n|move|p2a: Hippowdon|Earthquake|p1a: Gyarados\n|-immune|p1a: Gyarados\n|\n|-end|p2a: Hippowdon|move: Taunt\n|upkeep\n|turn|10\n|\n|t:|1776094173\n|move|p1a: Gyarados|Waterfall|p2a: Hippowdon\n|-supereffective|p2a: Hippowdon|1\n|-damage|p2a: Hippowdon|0 fnt\n|faint|p2a: Hippowdon\n|\n|upkeep\n|\n|t:|1776094183\n|switch|p2a: Dragonite|Dragonite-Mega, L50, F|100/100\n|-damage|p2a: Dragonite|76/100|[from] Stealth Rock\n|turn|11\n|\n|t:|1776094187\n|move|p2a: Dragonite|Thunderbolt|p1a: Gyarados\n|-supereffective|p1a: Gyarados|2\n|-damage|p1a: Gyarados|0 fnt\n|faint|p1a: Gyarados\n|\n|upkeep\n|\n|t:|1776094198\n|switch|p1a: \ud0b9\uac13\ud669\uc194|Absol, L50, F|100/100\n|-ability|p1a: \ud0b9\uac13\ud669\uc194|Pressure\n|turn|12\n|\n|t:|1776094209\n|detailschange|p1a: \ud0b9\uac13\ud669\uc194|Absol-Mega, L50, F\n|-mega|p1a: \ud0b9\uac13\ud669\uc194|Absol|Absolite\n|move|p1a: \ud0b9\uac13\ud669\uc194|Stone Edge|p2a: Dragonite\n|-supereffective|p2a: Dragonite|1\n|-damage|p2a: Dragonite|10/100\n|move|p2a: Dragonite|Air Slash|p1a: \ud0b9\uac13\ud669\uc194\n|-damage|p1a: \ud0b9\uac13\ud669\uc194|9/100\n|\n|upkeep\n|turn|13\n|\n|t:|1776094218\n|move|p2a: Dragonite|Extreme Speed|p1a: \ud0b9\uac13\ud669\uc194\n|-damage|p1a: \ud0b9\uac13\ud669\uc194|0 fnt\n|faint|p1a: \ud0b9\uac13\ud669\uc194\n|\n|upkeep\n|\n|t:|1776094223\n|switch|p1a: Empoleon|Empoleon, L50, M|17/100\n|turn|14\n|\n|t:|1776094228\n|move|p2a: Dragonite|Thunderbolt|p1a: Empoleon\n|-supereffective|p1a: Empoleon|1\n|-damage|p1a: Empoleon|0 fnt\n|faint|p1a: Empoleon\n|\n|win|uiopoop\n|raw|gshs5's rating: 1139 &rarr; <strong>1119</strong><br />(-20 for losing)\n|raw|uiopoop's rating: 1209 &rarr; <strong>1229</strong><br />(+20 for winning)\n",
  "uploadtime": 1776094230,
  "views": 3,
  "formatid": "gen9championsbssregma",
  "rating": 1119,
  "private": 0,
  "password": null
}