{
  "id": "gen9championsbssregma-2586981106",
  "format": "[Gen 9 Champions] BSS Reg M-A",
  "players": [
    "magnokurai",
    "Satnssk"
  ],
  "log": "|j|\u2606magnokurai\n|j|\u2606Satnssk\n|t:|1776477933\n|gametype|singles\n|player|p1|magnokurai|red|1067\n|player|p2|Satnssk|102|1000\n|gen|9\n|tier|[Gen 9 Champions] BSS Reg M-A\n|rated|\n|rule|Species Clause: Limit one of each Pok\u00e9mon\n|rule|Item Clause: Limit 1 of each item\n|clearpoke\n|poke|p1|Charizard, L50, M|\n|poke|p1|Dragapult, L50, M|\n|poke|p1|Venusaur, L50, F|\n|poke|p1|Zoroark-Hisui, L50, M|\n|poke|p1|Goodra-Hisui, L50, F|\n|poke|p1|Blastoise, L50, M|\n|poke|p2|Hawlucha, L50, F|\n|poke|p2|Espeon, L50, M|\n|poke|p2|Kleavor, L50, M|\n|poke|p2|Aegislash, L50, M|\n|poke|p2|Abomasnow, L50, M|\n|poke|p2|Froslass, L50, F|\n|teampreview|3\n|\n|t:|1776477977\n|teamsize|p1|3\n|teamsize|p2|3\n|start\n|switch|p1a: Dragapult|Dragapult, L50, M|100/100\n|switch|p2a: Kleavor|Kleavor, L50, M|100/100\n|turn|1\n|\n|t:|1776477985\n|move|p2a: Kleavor|Stone Axe|p1a: Dragapult\n|-enditem|p1a: Dragapult|Focus Sash\n|-damage|p1a: Dragapult|1/100\n|replace|p1a: Zoroark|Zoroark-Hisui, L50, M\n|-end|p1a: Zoroark|Illusion\n|-sidestart|p1: magnokurai|move: Stealth Rock\n|move|p1a: Zoroark|Nasty Plot|p1a: Zoroark\n|-boost|p1a: Zoroark|spa|2\n|\n|upkeep\n|turn|2\n|\n|t:|1776477994\n|move|p2a: Kleavor|Stone Axe|p1a: Zoroark\n|-damage|p1a: Zoroark|0 fnt\n|faint|p1a: Zoroark\n|\n|upkeep\n|\n|t:|1776478002\n|switch|p1a: Dragapult|Dragapult, L50, M|100/100\n|-damage|p1a: Dragapult|88/100|[from] Stealth Rock\n|turn|3\n|\n|t:|1776478007\n|move|p1a: Dragapult|Hydro Pump|p2a: Kleavor\n|-supereffective|p2a: Kleavor|1\n|-damage|p2a: Kleavor|0 fnt\n|faint|p2a: Kleavor\n|\n|upkeep\n|\n|t:|1776478009\n|switch|p2a: Espeon|Espeon, L50, M|100/100\n|turn|4\n|\n|t:|1776478017\n|move|p1a: Dragapult|Shadow Ball|p2a: Espeon\n|-supereffective|p2a: Espeon|1\n|-damage|p2a: Espeon|3/100\n|move|p2a: Espeon|Psychic Terrain|p2a: Espeon\n|-fieldstart|move: Psychic Terrain\n|\n|upkeep\n|turn|5\n|\n|t:|1776478027\n|move|p1a: Dragapult|U-turn|p2a: Espeon\n|-supereffective|p2a: Espeon|1\n|-damage|p2a: Espeon|0 fnt\n|faint|p2a: Espeon\n|\n|t:|1776478031\n|switch|p1a: Charizard|Charizard, L50, M, shiny|100/100|[from] U-turn\n|-damage|p1a: Charizard|51/100|[from] Stealth Rock\n|\n|upkeep\n|\n|t:|1776478034\n|switch|p2a: Hawlucha|Hawlucha, L50, F|100/100\n|turn|6\n|\n|t:|1776478039\n|detailschange|p1a: Charizard|Charizard-Mega-X, L50, M, shiny\n|-mega|p1a: Charizard|Charizard|Charizardite X\n|move|p2a: Hawlucha|Swords Dance|p2a: Hawlucha\n|-boost|p2a: Hawlucha|atk|2\n|move|p1a: Charizard|Flare Blitz|p2a: Hawlucha\n|-enditem|p2a: Hawlucha|Focus Sash\n|-damage|p2a: Hawlucha|1/100\n|-damage|p1a: Charizard|18/100|[from] Recoil\n|\n|upkeep\n|turn|7\n|\n|t:|1776478050\n|move|p2a: Hawlucha|Reversal|p1a: Charizard\n|-damage|p1a: Charizard|0 fnt\n|faint|p1a: Charizard\n|\n|upkeep\n|\n|t:|1776478053\n|switch|p1a: Dragapult|Dragapult, L50, M|88/100\n|-damage|p1a: Dragapult|76/100|[from] Stealth Rock\n|turn|8\n|\n|t:|1776478069\n|move|p2a: Hawlucha|Acrobatics|p1a: Dragapult\n|-crit|p1a: Dragapult\n|-damage|p1a: Dragapult|0 fnt\n|faint|p1a: Dragapult\n|\n|win|Satnssk\n|raw|magnokurai's rating: 1067 &rarr; <strong>1043</strong><br />(-24 for losing)\n|raw|Satnssk's rating: 1000 &rarr; <strong>1048</strong><br />(+48 for winning)\n|l|\u2606magnokurai\n|player|p1|\n",
  "uploadtime": 1776478089,
  "views": 4,
  "formatid": "gen9championsbssregma",
  "rating": 1043,
  "private": 0,
  "password": null
}