{
  "id": "gen9championsbssregma-2588442539",
  "format": "[Gen 9 Champions] BSS Reg M-A",
  "players": [
    "slicer30",
    "qdude32"
  ],
  "log": "|j|\u2606slicer30\n|j|\u2606qdude32\n|t:|1776633923\n|gametype|singles\n|player|p1|slicer30|linebacker|1105\n|player|p2|qdude32|1|1163\n|gen|9\n|tier|[Gen 9 Champions] BSS Reg M-A\n|rated|\n|rule|Species Clause: Limit one of each Pok\u00e9mon\n|rule|Item Clause: Limit 1 of each item\n|clearpoke\n|poke|p1|Beedrill, L50, F|\n|poke|p1|Blastoise, L50, M|\n|poke|p1|Clefable, L50, M|\n|poke|p1|Garchomp, L50, M|\n|poke|p1|Sneasler, L50, F|\n|poke|p1|Rotom-Wash, L50|\n|poke|p2|Gengar, L50, F|\n|poke|p2|Rotom-Wash, L50|\n|poke|p2|Excadrill, L50, M|\n|poke|p2|Charizard, L50, M|\n|poke|p2|Primarina, L50, M|\n|poke|p2|Meowscarada, L50, M|\n|teampreview|3\n|inactive|Battle timer is ON: inactive players will automatically lose when time's up. (requested by slicer30)\n|inactive|qdude32 has 60 seconds left.\n|\n|t:|1776633977\n|teamsize|p1|3\n|teamsize|p2|3\n|start\n|switch|p1a: Beedrill|Beedrill, L50, F|100/100\n|switch|p2a: Meowscarada|Meowscarada, L50, M|100/100\n|turn|1\n|\n|t:|1776633985\n|detailschange|p1a: Beedrill|Beedrill-Mega, L50, F\n|-mega|p1a: Beedrill|Beedrill|Beedrillite\n|move|p2a: Meowscarada|U-turn|p1a: Beedrill\n|-start|p2a: Meowscarada|typechange|Bug|[from] ability: Protean\n|-resisted|p1a: Beedrill|1\n|-damage|p1a: Beedrill|61/100\n|\n|t:|1776633988\n|switch|p2a: Excadrill|Excadrill, L50, M|100/100|[from] U-turn\n|-ability|p2a: Excadrill|Mold Breaker\n|move|p1a: Beedrill|U-turn|p2a: Excadrill\n|-resisted|p2a: Excadrill|1\n|-damage|p2a: Excadrill|60/100\n|\n|t:|1776633997\n|switch|p1a: Garchomp|Garchomp, L50, M|100/100|[from] U-turn\n|\n|upkeep\n|turn|2\n|\n|t:|1776634003\n|switch|p2a: Charizard|Charizard, L50, M|100/100\n|move|p1a: Garchomp|Earthquake|p2a: Charizard\n|-immune|p2a: Charizard\n|\n|upkeep\n|turn|3\n|\n|t:|1776634006\n|switch|p1a: Clefable|Clefable, L50, M|100/100\n|move|p2a: Charizard|Dragon Claw|p1a: Clefable\n|-immune|p1a: Clefable\n|\n|upkeep\n|turn|4\n|\n|t:|1776634022\n|move|p2a: Charizard|Flare Blitz|p1a: Clefable\n|-damage|p1a: Clefable|64/100\n|-damage|p2a: Charizard|85/100|[from] Recoil\n|move|p1a: Clefable|Calm Mind|p1a: Clefable\n|-boost|p1a: Clefable|spa|1\n|-boost|p1a: Clefable|spd|1\n|\n|-heal|p1a: Clefable|70/100|[from] item: Leftovers\n|upkeep\n|turn|5\n|\n|t:|1776634026\n|switch|p2a: Excadrill|Excadrill, L50, M|60/100\n|-ability|p2a: Excadrill|Mold Breaker\n|move|p1a: Clefable|Moonlight|p1a: Clefable\n|-heal|p1a: Clefable|100/100\n|\n|upkeep\n|turn|6\n|\n|t:|1776634028\n|move|p2a: Excadrill|Iron Head|p1a: Clefable\n|-supereffective|p1a: Clefable|1\n|-damage|p1a: Clefable|31/100\n|move|p1a: Clefable|Flamethrower|p2a: Excadrill\n|-supereffective|p2a: Excadrill|1\n|-damage|p2a: Excadrill|0 fnt\n|faint|p2a: Excadrill\n|\n|-heal|p1a: Clefable|37/100|[from] item: Leftovers\n|upkeep\n|\n|t:|1776634042\n|switch|p2a: Charizard|Charizard, L50, M|85/100\n|turn|7\n|\n|t:|1776634050\n|move|p2a: Charizard|Dragon Dance|p2a: Charizard\n|-boost|p2a: Charizard|atk|1\n|-boost|p2a: Charizard|spe|1\n|move|p1a: Clefable|Moonlight|p1a: Clefable\n|-heal|p1a: Clefable|87/100\n|\n|-heal|p1a: Clefable|93/100|[from] item: Leftovers\n|upkeep\n|turn|8\n|\n|t:|1776634058\n|move|p2a: Charizard|Dragon Dance|p2a: Charizard\n|-boost|p2a: Charizard|atk|1\n|-boost|p2a: Charizard|spe|1\n|move|p1a: Clefable|Calm Mind|p1a: Clefable\n|-boost|p1a: Clefable|spa|1\n|-boost|p1a: Clefable|spd|1\n|\n|-heal|p1a: Clefable|99/100|[from] item: Leftovers\n|upkeep\n|turn|9\n|\n|t:|1776634079\n|move|p2a: Charizard|Dragon Dance|p2a: Charizard\n|-boost|p2a: Charizard|atk|1\n|-boost|p2a: Charizard|spe|1\n|move|p1a: Clefable|Moonblast|p2a: Charizard\n|-resisted|p2a: Charizard|1\n|-damage|p2a: Charizard|46/100\n|\n|-heal|p1a: Clefable|100/100|[from] item: Leftovers\n|upkeep\n|turn|10\n|\n|t:|1776634086\n|move|p2a: Charizard|Flare Blitz|p1a: Clefable\n|-damage|p1a: Clefable|63/100\n|-damage|p2a: Charizard|29/100|[from] Recoil\n|move|p1a: Clefable|Moonblast|p2a: Charizard\n|-resisted|p2a: Charizard|1\n|-damage|p2a: Charizard|0 fnt\n|faint|p2a: Charizard\n|\n|-heal|p1a: Clefable|69/100|[from] item: Leftovers\n|upkeep\n|\n|t:|1776634097\n|switch|p2a: Meowscarada|Meowscarada, L50, M|100/100\n|turn|11\n|c|\u2606slicer30|gg\n|c|\u2606qdude32|lol i was unaware of your game\n|c|\u2606slicer30|xD\n|\n|t:|1776634115\n|move|p2a: Meowscarada|Triple Axel|p1a: Clefable\n|-start|p2a: Meowscarada|typechange|Ice|[from] ability: Protean\n|-damage|p1a: Clefable|61/100\n|-damage|p1a: Clefable|46/100\n|-damage|p1a: Clefable|22/100\n|-hitcount|p1a: Clefable|3\n|move|p1a: Clefable|Moonblast|p2a: Meowscarada\n|-damage|p2a: Meowscarada|2/100\n|\n|-heal|p1a: Clefable|28/100|[from] item: Leftovers\n|upkeep\n|turn|12\n|\n|t:|1776634126\n|move|p2a: Meowscarada|Triple Axel|p1a: Clefable\n|-damage|p1a: Clefable|21/100\n|-damage|p1a: Clefable|6/100\n|-damage|p1a: Clefable|0 fnt\n|faint|p1a: Clefable\n|-hitcount|p1: Clefable|3\n|\n|upkeep\n|\n|t:|1776634129\n|switch|p1a: Garchomp|Garchomp, L50, M|100/100\n|turn|13\n|\n|t:|1776634132\n|move|p2a: Meowscarada|Triple Axel|p1a: Garchomp\n|-supereffective|p1a: Garchomp|2\n|-damage|p1a: Garchomp|66/100\n|-supereffective|p1a: Garchomp|2\n|-damage|p1a: Garchomp|0 fnt\n|faint|p1a: Garchomp\n|-hitcount|p1: Garchomp|2\n|\n|upkeep\n|\n|t:|1776634133\n|switch|p1a: Beedrill|Beedrill-Mega, L50, F|61/100\n|turn|14\n|\n|t:|1776634139\n|move|p2a: Meowscarada|Triple Axel|p1a: Beedrill\n|-damage|p1a: Beedrill|37/100\n|-crit|p1a: Beedrill\n|-damage|p1a: Beedrill|0 fnt\n|faint|p1a: Beedrill\n|-hitcount|p1: Beedrill|2\n|\n|win|qdude32\n|raw|slicer30's rating: 1105 &rarr; <strong>1084</strong><br />(-21 for losing)\n|raw|qdude32's rating: 1163 &rarr; <strong>1184</strong><br />(+21 for winning)\n|l|\u2606slicer30\n|player|p1|\n|c|\u2606qdude32|gg\n",
  "uploadtime": 1776634175,
  "views": 4,
  "formatid": "gen9championsbssregma",
  "rating": 1084,
  "private": 0,
  "password": null
}