{
  "id": "gen9championsbssregma-2582536038",
  "format": "[Gen 9 Champions] BSS Reg M-A",
  "players": [
    "infernalpoke",
    "DerpySuX"
  ],
  "log": "|j|\u2606infernalpoke\n|j|\u2606DerpySuX\n|inactive|Battle timer is ON: inactive players will automatically lose when time's up.\n|t:|1776097913\n|gametype|singles\n|player|p1|infernalpoke|265|\n|player|p2|DerpySuX|#derpysux|\n|gen|9\n|tier|[Gen 9 Champions] BSS Reg M-A\n|rated|Tournament battle\n|rule|Species Clause: Limit one of each Pok\u00e9mon\n|rule|Item Clause: Limit 1 of each item\n|clearpoke\n|poke|p1|Venusaur, L50, F|\n|poke|p1|Whimsicott, L50, M|\n|poke|p1|Incineroar, L50, F|\n|poke|p1|Charizard, L50, M|\n|poke|p1|Garchomp, L50, M|\n|poke|p1|Kingambit, L50, F|\n|poke|p2|Charizard, L50, F|\n|poke|p2|Hippowdon, L50, M|\n|poke|p2|Primarina, L50, F|\n|poke|p2|Meowscarada, L50, F|\n|poke|p2|Sneasler, L50, F|\n|poke|p2|Starmie, L50|\n|teampreview|3\n|inactive|DerpySuX also wants the timer to be on.\n|c|\u2606DerpySuX|hf\n|c|\u2606infernalpoke|Hi\n|c|\u2606infernalpoke|Glhf\n|inactive|infernalpoke has 60 seconds left.\n|\n|t:|1776097955\n|teamsize|p1|3\n|teamsize|p2|3\n|start\n|switch|p1a: Venusaur|Venusaur, L50, F|100/100\n|switch|p2a: ALLMIGHT|Starmie, L50|100/100\n|turn|1\n|\n|t:|1776097973\n|detailschange|p2a: ALLMIGHT|Starmie-Mega, L50\n|-mega|p2a: ALLMIGHT|Starmie|Starminite\n|detailschange|p1a: Venusaur|Venusaur-Mega, L50, F\n|-mega|p1a: Venusaur|Venusaur|Venusaurite\n|move|p2a: ALLMIGHT|Zen Headbutt|p1a: Venusaur\n|-supereffective|p1a: Venusaur|1\n|-damage|p1a: Venusaur|0 fnt\n|faint|p1a: Venusaur\n|\n|upkeep\n|j| deepseazapdos\n|\n|t:|1776097987\n|switch|p1a: Incineroar|Incineroar, L50, F|100/100\n|-ability|p1a: Incineroar|Intimidate|boost\n|-unboost|p2a: ALLMIGHT|atk|1\n|turn|2\n|\n|t:|1776097990\n|move|p1a: Incineroar|Fake Out|p2a: ALLMIGHT\n|-damage|p2a: ALLMIGHT|87/100\n|cant|p2a: ALLMIGHT|flinch\n|\n|upkeep\n|turn|3\n|\n|t:|1776098000\n|move|p2a: ALLMIGHT|Flip Turn|p1a: Incineroar\n|-supereffective|p1a: Incineroar|1\n|-damage|p1a: Incineroar|38/100\n|-enditem|p1a: Incineroar|Sitrus Berry|[eat]\n|-heal|p1a: Incineroar|63/100|[from] item: Sitrus Berry\n|\n|t:|1776098002\n|switch|p2a: MOODENG|Hippowdon, L50, M|100/100|[from] Flip Turn\n|-weather|Sandstorm|[from] ability: Sand Stream|[of] p2a: MOODENG\n|move|p1a: Incineroar|Darkest Lariat|p2a: MOODENG\n|-damage|p2a: MOODENG|83/100\n|\n|-weather|Sandstorm|[upkeep]\n|-damage|p1a: Incineroar|57/100|[from] Sandstorm\n|-heal|p2a: MOODENG|89/100|[from] item: Leftovers\n|upkeep\n|turn|4\n|\n|t:|1776098019\n|move|p1a: Incineroar|Parting Shot|p2a: MOODENG\n|-unboost|p2a: MOODENG|atk|1\n|-unboost|p2a: MOODENG|spa|1\n|\n|t:|1776098021\n|switch|p1a: Charizard|Charizard, L50, M|100/100|[from] Parting Shot\n|move|p2a: MOODENG|Stealth Rock|p1a: Charizard\n|-sidestart|p1: infernalpoke|move: Stealth Rock\n|\n|-weather|Sandstorm|[upkeep]\n|-damage|p1a: Charizard|94/100|[from] Sandstorm\n|-heal|p2a: MOODENG|95/100|[from] item: Leftovers\n|upkeep\n|turn|5\n|\n|t:|1776098031\n|move|p1a: Charizard|Overheat|p2a: MOODENG\n|-damage|p2a: MOODENG|28/100\n|-unboost|p1a: Charizard|spa|2\n|move|p2a: MOODENG|Yawn|p1a: Charizard\n|-start|p1a: Charizard|move: Yawn|[of] p2a: MOODENG\n|\n|-weather|Sandstorm|[upkeep]\n|-damage|p1a: Charizard|88/100|[from] Sandstorm\n|-heal|p2a: MOODENG|34/100|[from] item: Leftovers\n|upkeep\n|turn|6\n|\n|t:|1776098041\n|switch|p1a: Incineroar|Incineroar, L50, F|57/100\n|-damage|p1a: Incineroar|32/100|[from] Stealth Rock\n|-ability|p1a: Incineroar|Intimidate|boost\n|-unboost|p2a: MOODENG|atk|1\n|move|p2a: MOODENG|Slack Off|p2a: MOODENG\n|-heal|p2a: MOODENG|84/100\n|\n|-weather|Sandstorm|[upkeep]\n|-damage|p1a: Incineroar|26/100|[from] Sandstorm\n|-heal|p2a: MOODENG|90/100|[from] item: Leftovers\n|upkeep\n|turn|7\n|\n|t:|1776098050\n|move|p1a: Incineroar|Fake Out|p2a: MOODENG\n|-damage|p2a: MOODENG|84/100\n|cant|p2a: MOODENG|flinch\n|\n|-weather|none\n|-heal|p2a: MOODENG|90/100|[from] item: Leftovers\n|upkeep\n|turn|8\n|\n|t:|1776098060\n|move|p1a: Incineroar|Flare Blitz|p2a: MOODENG\n|-damage|p2a: MOODENG|64/100\n|-damage|p1a: Incineroar|17/100|[from] Recoil\n|move|p2a: MOODENG|Yawn|p1a: Incineroar\n|-start|p1a: Incineroar|move: Yawn|[of] p2a: MOODENG\n|\n|-heal|p2a: MOODENG|70/100|[from] item: Leftovers\n|upkeep\n|turn|9\n|\n|t:|1776098065\n|switch|p2a: ALLMIGHT|Starmie-Mega, L50|87/100\n|move|p1a: Incineroar|Flare Blitz|p2a: ALLMIGHT\n|-resisted|p2a: ALLMIGHT|1\n|-damage|p2a: ALLMIGHT|60/100\n|-damage|p1a: Incineroar|11/100|[from] Recoil\n|\n|-end|p1a: Incineroar|move: Yawn|[silent]\n|-status|p1a: Incineroar|slp\n|upkeep\n|turn|10\n|\n|t:|1776098070\n|move|p2a: ALLMIGHT|Liquidation|p1a: Incineroar\n|-supereffective|p1a: Incineroar|1\n|-damage|p1a: Incineroar|0 fnt\n|faint|p1a: Incineroar\n|\n|upkeep\n|\n|t:|1776098072\n|switch|p1a: Charizard|Charizard, L50, M|88/100\n|-damage|p1a: Charizard|38/100|[from] Stealth Rock\n|turn|11\n|c|\u2606DerpySuX|gg\n|\n|t:|1776098079\n|move|p2a: ALLMIGHT|Aqua Jet|p1a: Charizard\n|-supereffective|p1a: Charizard|1\n|-damage|p1a: Charizard|0 fnt\n|faint|p1a: Charizard\n|\n|win|DerpySuX\n|n|\u2606infernalpoke|infernalpoke\n|n|\u2606DerpySuX|derpysux\n|n| deepseazapdos|deepseazapdos\n|c|\u2606infernalpoke|gg\n|l| deepseazapdos\n",
  "uploadtime": 1776098079,
  "views": 37,
  "formatid": "gen9championsbssregma",
  "rating": null,
  "private": 0,
  "password": null
}