{
  "id": "gen9championsbssregma-2581490327",
  "format": "[Gen 9 Champions] BSS Reg M-A",
  "players": [
    "adsfgzsgzs",
    "thegrea"
  ],
  "log": "|j|\u2606adsfgzsgzs\n|j|\u2606thegrea\n|t:|1776005276\n|gametype|singles\n|player|p1|adsfgzsgzs|169|1069\n|player|p2|thegrea|rosa|1000\n|gen|9\n|tier|[Gen 9 Champions] BSS Reg M-A\n|rated|\n|rule|Species Clause: Limit one of each Pok\u00e9mon\n|rule|Item Clause: Limit 1 of each item\n|clearpoke\n|poke|p1|Primarina, L50, F|\n|poke|p1|Corviknight, L50, M|\n|poke|p1|Garchomp, L50, F|\n|poke|p1|Delphox, L50, M|\n|poke|p1|Mimikyu, L50, M|\n|poke|p1|Glimmora, L50, F|\n|poke|p2|Heracross, L50, M|\n|poke|p2|Ninetales-Alola, L50, F|\n|poke|p2|Archaludon, L50, M|\n|poke|p2|Rotom-Wash, L50|\n|poke|p2|Emboar, L50, M|\n|poke|p2|Pinsir, L50, M|\n|teampreview|3\n|\n|t:|1776005311\n|teamsize|p1|3\n|teamsize|p2|3\n|start\n|switch|p1a: Glimmora|Glimmora, L50, F|100/100\n|switch|p2a: Archaludon|Archaludon, L50, M, shiny|100/100\n|turn|1\n|inactive|Battle timer is ON: inactive players will automatically lose when time's up. (requested by adsfgzsgzs)\n|\n|t:|1776005319\n|move|p1a: Glimmora|Stealth Rock|p2a: Archaludon\n|-sidestart|p2: thegrea|move: Stealth Rock\n|move|p2a: Archaludon|Stealth Rock|p1a: Glimmora\n|-sidestart|p1: adsfgzsgzs|move: Stealth Rock\n|\n|upkeep\n|turn|2\n|\n|t:|1776005329\n|move|p1a: Glimmora|Power Gem|p2a: Archaludon\n|-resisted|p2a: Archaludon|1\n|-damage|p2a: Archaludon|83/100\n|-ability|p2a: Archaludon|Stamina|boost\n|-boost|p2a: Archaludon|def|1\n|move|p2a: Archaludon|Roar|p1a: Glimmora\n|drag|p1a: Mimikyu|Mimikyu, L50, M|100/100\n|-damage|p1a: Mimikyu|88/100|[from] Stealth Rock\n|\n|-heal|p2a: Archaludon|89/100|[from] item: Leftovers\n|upkeep\n|turn|3\n|\n|t:|1776005349\n|move|p2a: Archaludon|Flash Cannon|p1a: Mimikyu\n|-activate|p1a: Mimikyu|ability: Disguise\n|-damage|p1a: Mimikyu|88/100\n|detailschange|p1a: Mimikyu|Mimikyu-Busted, L50, M\n|-damage|p1a: Mimikyu|76/100|[from] pokemon: Mimikyu-Busted\n|move|p1a: Mimikyu|Curse|p2a: Archaludon\n|-start|p2a: Archaludon|Curse|[of] p1a: Mimikyu\n|-damage|p1a: Mimikyu|26/100\n|\n|-heal|p2a: Archaludon|95/100|[from] item: Leftovers\n|-damage|p2a: Archaludon|70/100|[from] Curse\n|upkeep\n|turn|4\n|\n|t:|1776005364\n|move|p1a: Mimikyu|Play Rough|p2a: Archaludon|[miss]\n|-miss|p1a: Mimikyu|p2a: Archaludon\n|move|p2a: Archaludon|Roar|p1a: Mimikyu\n|drag|p1a: Primarina|Primarina, L50, F|100/100\n|-damage|p1a: Primarina|88/100|[from] Stealth Rock\n|\n|-heal|p2a: Archaludon|76/100|[from] item: Leftovers\n|-damage|p2a: Archaludon|51/100|[from] Curse\n|upkeep\n|turn|5\n|\n|t:|1776005376\n|switch|p2a: Rotom|Rotom-Wash, L50, shiny|100/100\n|-damage|p2a: Rotom|88/100|[from] Stealth Rock\n|move|p1a: Primarina|Moonblast|p2a: Rotom\n|-damage|p2a: Rotom|43/100\n|-enditem|p2a: Rotom|Sitrus Berry|[eat]\n|-heal|p2a: Rotom|67/100|[from] item: Sitrus Berry\n|\n|upkeep\n|turn|6\n|\n|t:|1776005386\n|move|p2a: Rotom|Volt Switch|p1a: Primarina\n|-supereffective|p1a: Primarina|1\n|-damage|p1a: Primarina|42/100\n|-enditem|p1a: Primarina|Sitrus Berry|[eat]\n|-heal|p1a: Primarina|67/100|[from] item: Sitrus Berry\n|\n|t:|1776005393\n|switch|p2a: Archaludon|Archaludon, L50, M, shiny|51/100|[from] Volt Switch\n|-damage|p2a: Archaludon|45/100|[from] Stealth Rock\n|move|p1a: Primarina|Moonblast|p2a: Archaludon\n|-damage|p2a: Archaludon|6/100\n|-ability|p2a: Archaludon|Stamina|boost\n|-boost|p2a: Archaludon|def|1\n|\n|-heal|p2a: Archaludon|12/100|[from] item: Leftovers\n|upkeep\n|turn|7\n|\n|t:|1776005403\n|move|p2a: Archaludon|Flash Cannon|p1a: Primarina\n|-damage|p1a: Primarina|39/100\n|move|p1a: Primarina|Moonblast|p2a: Archaludon\n|-damage|p2a: Archaludon|0 fnt\n|faint|p2a: Archaludon\n|\n|upkeep\n|\n|t:|1776005405\n|switch|p2a: Pinsir|Pinsir, L50, M, shiny|100/100\n|-damage|p2a: Pinsir|76/100|[from] Stealth Rock\n|turn|8\n|\n|t:|1776005417\n|detailschange|p2a: Pinsir|Pinsir-Mega, L50, M, shiny\n|-mega|p2a: Pinsir|Pinsir|Pinsirite\n|move|p2a: Pinsir|Facade|p1a: Primarina\n|-damage|p1a: Primarina|0 fnt\n|faint|p1a: Primarina\n|\n|upkeep\n|\n|t:|1776005424\n|switch|p1a: Glimmora|Glimmora, L50, F|100/100\n|-damage|p1a: Glimmora|89/100|[from] Stealth Rock\n|turn|9\n|\n|t:|1776005430\n|move|p2a: Pinsir|Earthquake|p1a: Glimmora\n|-supereffective|p1a: Glimmora|2\n|-damage|p1a: Glimmora|0 fnt\n|-activate|p1a: Glimmora|ability: Toxic Debris\n|-sidestart|p2: thegrea|move: Toxic Spikes\n|faint|p1a: Glimmora\n|\n|upkeep\n|\n|t:|1776005432\n|switch|p1a: Mimikyu|Mimikyu-Busted, L50, M|26/100\n|-damage|p1a: Mimikyu|13/100|[from] Stealth Rock\n|turn|10\n|\n|t:|1776005438\n|move|p2a: Pinsir|Feint|p1a: Mimikyu\n|-damage|p1a: Mimikyu|0 fnt\n|faint|p1a: Mimikyu\n|\n|win|thegrea\n|raw|adsfgzsgzs's rating: 1069 &rarr; <strong>1045</strong><br />(-24 for losing)\n|raw|thegrea's rating: 1000 &rarr; <strong>1048</strong><br />(+48 for winning)\n|l|\u2606adsfgzsgzs\n|player|p1|\n",
  "uploadtime": 1776005443,
  "views": 4,
  "formatid": "gen9championsbssregma",
  "rating": 1045,
  "private": 0,
  "password": null
}