{
  "id": "gen9championsbssregma-2588499690",
  "format": "[Gen 9 Champions] BSS Reg M-A",
  "players": [
    "shockedcat",
    "P43Lev"
  ],
  "log": "|j|\u2606shockedcat\n|j|\u2606P43Lev\n|t:|1776639122\n|gametype|singles\n|player|p1|shockedcat|unknown|1093\n|player|p2|P43Lev|266|1163\n|gen|9\n|tier|[Gen 9 Champions] BSS Reg M-A\n|rated|\n|rule|Species Clause: Limit one of each Pok\u00e9mon\n|rule|Item Clause: Limit 1 of each item\n|clearpoke\n|poke|p1|Tyranitar, L50, F|\n|poke|p1|Rotom-Fan, L50|\n|poke|p1|Greninja, L50, F|\n|poke|p1|Incineroar, L50, F|\n|poke|p1|Meganium, L50, F|\n|poke|p1|Zoroark-Hisui, L50, M|\n|poke|p2|Glimmora, L50, M, shiny|\n|poke|p2|Dragonite, L50, M, shiny|\n|poke|p2|Mimikyu, L50, M|\n|poke|p2|Hydreigon, L50, M|\n|poke|p2|Meowscarada, L50, M, shiny|\n|poke|p2|Avalugg, L50, F|\n|teampreview|3\n|inactive|Battle timer is ON: inactive players will automatically lose when time's up. (requested by shockedcat)\n|\n|t:|1776639153\n|teamsize|p1|3\n|teamsize|p2|3\n|start\n|switch|p1a: Greninja|Greninja, L50, F|100/100\n|switch|p2a: Meowscarada|Meowscarada, L50, M, shiny|100/100\n|turn|1\n|inactive|P43Lev has 30 seconds left.\n|j| imruben2\n|\n|t:|1776639185\n|detailschange|p1a: Greninja|Greninja-Mega, L50, F\n|-mega|p1a: Greninja|Greninja|Greninjite\n|move|p1a: Greninja|Sludge Wave|p2a: Meowscarada\n|-start|p1a: Greninja|typechange|Poison|[from] ability: Protean\n|-supereffective|p2a: Meowscarada|1\n|-enditem|p2a: Meowscarada|Focus Sash\n|-damage|p2a: Meowscarada|1/100\n|move|p2a: Meowscarada|Flower Trick|p1a: Greninja\n|-start|p2a: Meowscarada|typechange|Grass|[from] ability: Protean\n|-resisted|p1a: Greninja|1\n|-crit|p1a: Greninja\n|-damage|p1a: Greninja|66/100\n|\n|upkeep\n|turn|2\n|\n|t:|1776639197\n|move|p1a: Greninja|Ice Beam|p2a: Meowscarada\n|-supereffective|p2a: Meowscarada|1\n|-damage|p2a: Meowscarada|0 fnt\n|faint|p2a: Meowscarada\n|\n|upkeep\n|\n|t:|1776639200\n|switch|p2a: Hydreigon|Hydreigon, L50, M|100/100\n|turn|3\n|\n|t:|1776639209\n|move|p2a: Hydreigon|Dark Pulse|p1a: Greninja\n|-damage|p1a: Greninja|3/100\n|move|p1a: Greninja|Ice Beam|p2a: Hydreigon\n|-supereffective|p2a: Hydreigon|1\n|-damage|p2a: Hydreigon|27/100\n|\n|upkeep\n|turn|4\n|\n|t:|1776639216\n|switch|p1a: Incineroar|Incineroar, L50, F|100/100\n|move|p2a: Hydreigon|Dark Pulse|p1a: Incineroar\n|-resisted|p1a: Incineroar|1\n|-damage|p1a: Incineroar|76/100\n|\n|upkeep\n|turn|5\n|-activate|p1a: Incineroar|item: Quick Claw\n|\n|t:|1776639224\n|switch|p2a: Dragonite|Dragonite, L50, M, shiny|100/100\n|move|p1a: Incineroar|Fake Out|p2a: Dragonite\n|-damage|p2a: Dragonite|93/100\n|\n|upkeep\n|turn|6\n|l| imruben2\n|\n|t:|1776639233\n|detailschange|p2a: Dragonite|Dragonite-Mega, L50, M, shiny\n|-mega|p2a: Dragonite|Dragonite|Dragoninite\n|move|p2a: Dragonite|Extreme Speed|p1a: Incineroar\n|-damage|p1a: Incineroar|57/100\n|move|p1a: Incineroar|Darkest Lariat|p2a: Dragonite\n|-damage|p2a: Dragonite|54/100\n|\n|upkeep\n|turn|7\n|\n|t:|1776639243\n|switch|p1a: Greninja|Greninja-Mega, L50, F|100/100\n|move|p2a: Dragonite|Fire Blast|p1a: Greninja\n|-damage|p1a: Greninja|11/100\n|-status|p1a: Greninja|brn\n|replace|p1a: Zoroark|Zoroark-Hisui, L50, M\n|-end|p1a: Zoroark|Illusion\n|\n|-damage|p1a: Zoroark|5/100 brn|[from] brn\n|upkeep\n|turn|8\n|\n|t:|1776639252\n|move|p1a: Zoroark|Bitter Malice|p2a: Dragonite\n|-damage|p2a: Dragonite|17/100\n|-unboost|p2a: Dragonite|atk|1\n|move|p2a: Dragonite|Fire Blast|p1a: Zoroark\n|-damage|p1a: Zoroark|0 fnt\n|faint|p1a: Zoroark\n|\n|upkeep\n|\n|t:|1776639259\n|switch|p1a: Greninja|Greninja-Mega, L50, F|3/100\n|turn|9\n|\n|t:|1776639265\n|move|p2a: Dragonite|Extreme Speed|p1a: Greninja\n|-damage|p1a: Greninja|0 fnt\n|faint|p1a: Greninja\n|\n|upkeep\n|\n|t:|1776639266\n|switch|p1a: Incineroar|Incineroar, L50, F|57/100\n|turn|10\n|\n|t:|1776639277\n|move|p1a: Incineroar|Fake Out|p2a: Dragonite\n|-damage|p2a: Dragonite|4/100\n|cant|p2a: Dragonite|flinch\n|\n|upkeep\n|turn|11\n|\n|t:|1776639282\n|move|p2a: Dragonite|Draco Meteor|p1a: Incineroar\n|-damage|p1a: Incineroar|0 fnt\n|-unboost|p2a: Dragonite|spa|2\n|faint|p1a: Incineroar\n|\n|win|P43Lev\n|raw|shockedcat's rating: 1093 &rarr; <strong>1074</strong><br />(-19 for losing)\n|raw|P43Lev's rating: 1163 &rarr; <strong>1183</strong><br />(+20 for winning)\n|l|\u2606shockedcat\n|player|p1|\n",
  "uploadtime": 1776639287,
  "views": 4,
  "formatid": "gen9championsbssregma",
  "rating": 1074,
  "private": 0,
  "password": null
}