{
  "id": "gen9championsbssregma-2580877100",
  "format": "[Gen 9 Champions] BSS Reg M-A",
  "players": [
    "SuperTemmie64",
    "Selena2002"
  ],
  "log": "|j|\u2606SuperTemmie64\n|j|\u2606Selena2002\n|t:|1775939805\n|gametype|singles\n|player|p1|SuperTemmie64|265|1114\n|player|p2|Selena2002|2|1045\n|gen|9\n|tier|[Gen 9 Champions] BSS Reg M-A\n|rated|\n|rule|Species Clause: Limit one of each Pok\u00e9mon\n|rule|Item Clause: Limit 1 of each item\n|clearpoke\n|poke|p1|Lopunny, L50, F|\n|poke|p1|Dragapult, L50, F|\n|poke|p1|Garchomp, L50, M|\n|poke|p1|Kingambit, L50, M|\n|poke|p1|Clefable, L50, F|\n|poke|p1|Sneasler, L50, M|\n|poke|p2|Altaria, L50, F|\n|poke|p2|Milotic, L50, F|\n|poke|p2|Lucario, L50, M|\n|poke|p2|Sneasler, L50, M|\n|poke|p2|Kommo-o, L50, M|\n|poke|p2|Lopunny, L50, F|\n|teampreview|3\n|\n|t:|1775939845\n|teamsize|p1|3\n|teamsize|p2|3\n|start\n|switch|p1a: Dragapult|Dragapult, L50, F, shiny|100/100\n|switch|p2a: Lucario|Lucario, L50, M|100/100\n|turn|1\n|\n|t:|1775939861\n|switch|p2a: Altaria|Altaria, L50, F|100/100\n|move|p1a: Dragapult|Will-O-Wisp|p2a: Altaria|[miss]\n|-miss|p1a: Dragapult|p2a: Altaria\n|\n|upkeep\n|turn|2\n|\n|t:|1775939870\n|detailschange|p2a: Altaria|Altaria-Mega, L50, F\n|-mega|p2a: Altaria|Altaria|Altarianite\n|move|p1a: Dragapult|Thunder Wave|p2a: Altaria\n|-status|p2a: Altaria|par\n|move|p2a: Altaria|Dragon Dance|p2a: Altaria\n|-boost|p2a: Altaria|atk|1\n|-boost|p2a: Altaria|spe|1\n|\n|upkeep\n|turn|3\n|\n|t:|1775939882\n|move|p1a: Dragapult|Hex|p2a: Altaria\n|-damage|p2a: Altaria|49/100 par\n|move|p2a: Altaria|Double-Edge|p1a: Dragapult\n|-supereffective|p1a: Dragapult|1\n|-damage|p1a: Dragapult|0 fnt\n|faint|p1a: Dragapult\n|-damage|p2a: Altaria|19/100 par|[from] Recoil\n|\n|upkeep\n|\n|t:|1775939890\n|switch|p1a: 'fable of Hormuz|Clefable, L50, F, shiny|100/100\n|turn|4\n|\n|t:|1775939900\n|switch|p2a: Sneasler|Sneasler, L50, M|100/100\n|move|p1a: 'fable of Hormuz|Moonblast|p2a: Sneasler\n|-damage|p2a: Sneasler|58/100\n|\n|upkeep\n|turn|5\n|inactive|Battle timer is ON: inactive players will automatically lose when time's up. (requested by Selena2002)\n|\n|t:|1775939938\n|move|p2a: Sneasler|Swords Dance|p2a: Sneasler\n|-boost|p2a: Sneasler|atk|2\n|move|p1a: 'fable of Hormuz|Flamethrower|p2a: Sneasler\n|-damage|p2a: Sneasler|30/100\n|-status|p2a: Sneasler|brn\n|\n|-damage|p2a: Sneasler|24/100 brn|[from] brn\n|upkeep\n|turn|6\n|\n|t:|1775939949\n|move|p2a: Sneasler|Poison Jab|p1a: 'fable of Hormuz\n|-supereffective|p1a: 'fable of Hormuz|1\n|-crit|p1a: 'fable of Hormuz\n|-damage|p1a: 'fable of Hormuz|44/100\n|move|p1a: 'fable of Hormuz|Moonblast|p2a: Sneasler\n|-damage|p2a: Sneasler|0 fnt\n|faint|p2a: Sneasler\n|\n|upkeep\n|\n|t:|1775939958\n|switch|p2a: Lucario|Lucario, L50, M|100/100\n|turn|7\n|\n|t:|1775939967\n|move|p2a: Lucario|Swords Dance|p2a: Lucario\n|-boost|p2a: Lucario|atk|2\n|move|p1a: 'fable of Hormuz|Flamethrower|p2a: Lucario\n|-supereffective|p2a: Lucario|1\n|-damage|p2a: Lucario|30/100\n|\n|upkeep\n|turn|8\n|\n|t:|1775939975\n|move|p2a: Lucario|Bullet Punch|p1a: 'fable of Hormuz\n|-supereffective|p1a: 'fable of Hormuz|1\n|-damage|p1a: 'fable of Hormuz|11/100\n|move|p1a: 'fable of Hormuz|Moonblast|p2a: Lucario\n|-damage|p2a: Lucario|0 fnt\n|faint|p2a: Lucario\n|\n|upkeep\n|\n|t:|1775939983\n|switch|p2a: Altaria|Altaria-Mega, L50, F|19/100 par\n|turn|9\n|\n|t:|1775939993\n|detailschange|p1a: 'fable of Hormuz|Clefable-Mega, L50, F, shiny\n|-mega|p1a: 'fable of Hormuz|Clefable|Clefablite\n|move|p1a: 'fable of Hormuz|Flamethrower|p2a: Altaria\n|-resisted|p2a: Altaria|1\n|-damage|p2a: Altaria|7/100 par\n|cant|p2a: Altaria|par\n|\n|upkeep\n|turn|10\n|\n|t:|1775940002\n|move|p1a: 'fable of Hormuz|Moonblast|p2a: Altaria\n|-supereffective|p2a: Altaria|1\n|-damage|p2a: Altaria|0 fnt\n|faint|p2a: Altaria\n|\n|win|SuperTemmie64\n|raw|SuperTemmie64's rating: 1114 &rarr; <strong>1134</strong><br />(+20 for winning)\n|raw|Selena2002's rating: 1045 &rarr; <strong>1032</strong><br />(-13 for losing)\n|c|\u2606SuperTemmie64|gg\n|l|\u2606Selena2002\n|player|p2|\n",
  "uploadtime": 1775940007,
  "views": 23,
  "formatid": "gen9championsbssregma",
  "rating": 1032,
  "private": 0,
  "password": null
}