{
  "id": "gen9championsbssregma-2587428771",
  "format": "[Gen 9 Champions] BSS Reg M-A",
  "players": [
    "Mejeehnej",
    "thegrea"
  ],
  "log": "|j|\u2606Mejeehnej\n|j|\u2606thegrea\n|t:|1776531019\n|gametype|singles\n|player|p1|Mejeehnej|170|1000\n|player|p2|thegrea|rosa|1032\n|gen|9\n|tier|[Gen 9 Champions] BSS Reg M-A\n|rated|\n|rule|Species Clause: Limit one of each Pok\u00e9mon\n|rule|Item Clause: Limit 1 of each item\n|clearpoke\n|poke|p1|Glimmora, L50, M|\n|poke|p1|Blastoise, L50, M|\n|poke|p1|Garchomp, L50, M|\n|poke|p1|Aegislash, L50, F|\n|poke|p1|Samurott-Hisui, L50, F|\n|poke|p1|Dragonite, L50, F|\n|poke|p2|Delphox, L50, F, shiny|\n|poke|p2|Ninetales-Alola, L50, F, shiny|\n|poke|p2|Archaludon, L50, M, shiny|\n|poke|p2|Rotom-Wash, L50, shiny|\n|poke|p2|Pinsir, L50, M, shiny|\n|poke|p2|Aerodactyl, L50, M, shiny|\n|teampreview|3\n|\n|t:|1776531038\n|teamsize|p1|3\n|teamsize|p2|3\n|start\n|switch|p1a: Glimmora|Glimmora, L50, M|100/100\n|switch|p2a: Archaludon|Archaludon, L50, M, shiny|100/100\n|turn|1\n|inactive|Battle timer is ON: inactive players will automatically lose when time's up. (requested by Mejeehnej)\n|\n|t:|1776531045\n|move|p1a: Glimmora|Stealth Rock|p2a: Archaludon\n|-sidestart|p2: thegrea|move: Stealth Rock\n|move|p2a: Archaludon|Stealth Rock|p1a: Glimmora\n|-sidestart|p1: Mejeehnej|move: Stealth Rock\n|\n|upkeep\n|turn|2\n|\n|t:|1776531052\n|move|p1a: Glimmora|Earth Power|p2a: Archaludon\n|-supereffective|p2a: Archaludon|1\n|-damage|p2a: Archaludon|45/100\n|-unboost|p2a: Archaludon|spd|1\n|-ability|p2a: Archaludon|Stamina|boost\n|-boost|p2a: Archaludon|def|1\n|move|p2a: Archaludon|Flash Cannon|p1a: Glimmora\n|-supereffective|p1a: Glimmora|1\n|-damage|p1a: Glimmora|9/100\n|\n|-heal|p2a: Archaludon|51/100|[from] item: Leftovers\n|upkeep\n|turn|3\n|\n|t:|1776531065\n|switch|p2a: Rotom|Rotom-Wash, L50, shiny|100/100\n|-damage|p2a: Rotom|88/100|[from] Stealth Rock\n|move|p1a: Glimmora|Earth Power|p2a: Rotom\n|-immune|p2a: Rotom|[from] ability: Levitate\n|\n|upkeep\n|turn|4\n|\n|t:|1776531073\n|move|p2a: Rotom|Volt Switch|p1a: Glimmora\n|-damage|p1a: Glimmora|0 fnt\n|faint|p1a: Glimmora\n|\n|t:|1776531078\n|switch|p2a: Pinsir|Pinsir, L50, M, shiny|100/100|[from] Volt Switch\n|-damage|p2a: Pinsir|76/100|[from] Stealth Rock\n|\n|upkeep\n|\n|t:|1776531083\n|switch|p1a: Aegislash|Aegislash, L50, F|100/100\n|-damage|p1a: Aegislash|94/100|[from] Stealth Rock\n|turn|5\n|\n|t:|1776531089\n|detailschange|p2a: Pinsir|Pinsir-Mega, L50, M, shiny\n|-mega|p2a: Pinsir|Pinsir|Pinsirite\n|move|p2a: Pinsir|Swords Dance|p2a: Pinsir\n|-boost|p2a: Pinsir|atk|2\n|move|p1a: Aegislash|Swords Dance|p1a: Aegislash\n|-boost|p1a: Aegislash|atk|2\n|\n|upkeep\n|turn|6\n|\n|t:|1776531099\n|move|p2a: Pinsir|Earthquake|p1a: Aegislash\n|-supereffective|p1a: Aegislash|1\n|-damage|p1a: Aegislash|0 fnt\n|faint|p1a: Aegislash\n|\n|upkeep\n|-message|Mejeehnej forfeited.\n|\n|win|thegrea\n|raw|Mejeehnej's rating: 1000 &rarr; <strong>1000</strong><br />(+0 for losing)\n|raw|thegrea's rating: 1032 &rarr; <strong>1064</strong><br />(+32 for winning)\n|l|\u2606Mejeehnej\n|player|p1|\n",
  "uploadtime": 1776531107,
  "views": 2,
  "formatid": "gen9championsbssregma",
  "rating": 1000,
  "private": 0,
  "password": null
}