{
  "id": "gen9championsbssregma-2581725876",
  "format": "[Gen 9 Champions] BSS Reg M-A",
  "players": [
    "Dahkniece",
    "gig fi he do"
  ],
  "log": "|j|\u2606Dahkniece\n|j|\u2606gig fi he do\n|t:|1776023677\n|gametype|singles\n|player|p1|Dahkniece|phoebe-masters|1070\n|player|p2|gig fi he do|169|1051\n|gen|9\n|tier|[Gen 9 Champions] BSS Reg M-A\n|rated|\n|rule|Species Clause: Limit one of each Pok\u00e9mon\n|rule|Item Clause: Limit 1 of each item\n|clearpoke\n|poke|p1|Aerodactyl, L50, F|\n|poke|p1|Aegislash, L50, M|\n|poke|p1|Meowscarada, L50, F|\n|poke|p1|Chesnaught, L50, M|\n|poke|p1|Dragonite, L50, F|\n|poke|p1|Infernape, L50, F|\n|poke|p2|Victreebel, L50, F|\n|poke|p2|Excadrill, L50, M|\n|poke|p2|Gengar, L50, F|\n|poke|p2|Dragapult, L50, M|\n|poke|p2|Rotom-Heat, L50|\n|poke|p2|Kingambit, L50, M|\n|teampreview|3\n|inactive|Battle timer is ON: inactive players will automatically lose when time's up. (requested by gig fi he do)\n|inactive|Dahkniece has 60 seconds left.\n|\n|t:|1776023741\n|teamsize|p1|3\n|teamsize|p2|3\n|start\n|switch|p1a: Meowscarada|Meowscarada, L50, F|100/100\n|switch|p2a: Victreebel|Victreebel, L50, F|100/100\n|turn|1\n|\n|t:|1776023758\n|detailschange|p2a: Victreebel|Victreebel-Mega, L50, F\n|-mega|p2a: Victreebel|Victreebel|Victreebelite\n|move|p1a: Meowscarada|Triple Axel|p2a: Victreebel\n|-start|p1a: Meowscarada|typechange|Ice|[from] ability: Protean\n|-supereffective|p2a: Victreebel|1\n|-damage|p2a: Victreebel|83/100\n|-hitcount|p2a: Victreebel|1\n|move|p2a: Victreebel|Toxic Spikes|p1a: Meowscarada\n|-sidestart|p1: Dahkniece|move: Toxic Spikes\n|\n|upkeep\n|turn|2\n|\n|t:|1776023771\n|move|p1a: Meowscarada|Triple Axel|p2a: Victreebel\n|-supereffective|p2a: Victreebel|1\n|-damage|p2a: Victreebel|67/100\n|-supereffective|p2a: Victreebel|1\n|-damage|p2a: Victreebel|35/100\n|-hitcount|p2a: Victreebel|2\n|move|p2a: Victreebel|Strength Sap|p1a: Meowscarada\n|-unboost|p1a: Meowscarada|atk|1\n|-heal|p2a: Victreebel|100/100\n|\n|upkeep\n|turn|3\n|inactive|Dahkniece has 30 seconds left.\n|inactive|Dahkniece has 20 seconds left.\n|\n|t:|1776023811\n|switch|p1a: Aerodactyl|Aerodactyl, L50, F|100/100\n|move|p2a: Victreebel|Strength Sap|p1a: Aerodactyl\n|-unboost|p1a: Aerodactyl|atk|1\n|\n|upkeep\n|turn|4\n|\n|t:|1776023821\n|detailschange|p1a: Aerodactyl|Aerodactyl-Mega, L50, F\n|-mega|p1a: Aerodactyl|Aerodactyl|Aerodactylite\n|move|p1a: Aerodactyl|Dual Wingbeat|p2a: Victreebel\n|-supereffective|p2a: Victreebel|1\n|-damage|p2a: Victreebel|72/100\n|-supereffective|p2a: Victreebel|1\n|-damage|p2a: Victreebel|42/100\n|-hitcount|p2a: Victreebel|2\n|move|p2a: Victreebel|Giga Drain|p1a: Aerodactyl\n|-damage|p1a: Aerodactyl|64/100\n|-heal|p2a: Victreebel|57/100|[from] drain|[of] p1a: Aerodactyl\n|\n|upkeep\n|turn|5\n|\n|t:|1776023845\n|move|p1a: Aerodactyl|Dual Wingbeat|p2a: Victreebel\n|-supereffective|p2a: Victreebel|1\n|-damage|p2a: Victreebel|28/100\n|-supereffective|p2a: Victreebel|1\n|-damage|p2a: Victreebel|0 fnt\n|-damage|p1a: Aerodactyl|30/100|[from] ability: Innards Out|[of] p2a: Victreebel\n|faint|p2a: Victreebel\n|-hitcount|p2: Victreebel|2\n|\n|upkeep\n|\n|t:|1776023849\n|switch|p2a: Dragapult|Dragapult, L50, M|100/100\n|turn|6\n|\n|t:|1776023860\n|move|p1a: Aerodactyl|Dragon Claw|p2a: Dragapult\n|-supereffective|p2a: Dragapult|1\n|-damage|p2a: Dragapult|35/100\n|move|p2a: Dragapult|Hex|p1a: Aerodactyl\n|-damage|p1a: Aerodactyl|0 fnt\n|faint|p1a: Aerodactyl\n|\n|-heal|p2a: Dragapult|42/100|[from] item: Leftovers\n|upkeep\n|\n|t:|1776023877\n|switch|p1a: Meowscarada|Meowscarada, L50, F|100/100\n|-status|p1a: Meowscarada|psn\n|turn|7\n|\n|t:|1776023885\n|move|p1a: Meowscarada|Triple Axel|p2a: Dragapult\n|-start|p1a: Meowscarada|typechange|Ice|[from] ability: Protean\n|-supereffective|p2a: Dragapult|1\n|-damage|p2a: Dragapult|16/100\n|-supereffective|p2a: Dragapult|1\n|-damage|p2a: Dragapult|0 fnt\n|faint|p2a: Dragapult\n|-hitcount|p2: Dragapult|2\n|\n|-damage|p1a: Meowscarada|88/100 psn|[from] psn\n|upkeep\n|\n|t:|1776023886\n|switch|p2a: Rotom|Rotom-Heat, L50|100/100\n|turn|8\n|\n|t:|1776023905\n|move|p1a: Meowscarada|Triple Axel|p2a: Rotom\n|-resisted|p2a: Rotom|1\n|-crit|p2a: Rotom\n|-damage|p2a: Rotom|90/100\n|-resisted|p2a: Rotom|1\n|-damage|p2a: Rotom|78/100\n|-resisted|p2a: Rotom|1\n|-damage|p2a: Rotom|59/100\n|-hitcount|p2a: Rotom|3\n|move|p2a: Rotom|Nasty Plot|p2a: Rotom\n|-boost|p2a: Rotom|spa|2\n|\n|-damage|p1a: Meowscarada|76/100 psn|[from] psn\n|upkeep\n|turn|9\n|\n|t:|1776023926\n|move|p1a: Meowscarada|Triple Axel|p2a: Rotom\n|-resisted|p2a: Rotom|1\n|-damage|p2a: Rotom|52/100\n|-resisted|p2a: Rotom|1\n|-damage|p2a: Rotom|38/100\n|-enditem|p2a: Rotom|Sitrus Berry|[eat]\n|-heal|p2a: Rotom|63/100|[from] item: Sitrus Berry\n|-resisted|p2a: Rotom|1\n|-damage|p2a: Rotom|44/100\n|-hitcount|p2a: Rotom|3\n|move|p2a: Rotom|Discharge|p1a: Meowscarada\n|-damage|p1a: Meowscarada|0 fnt\n|faint|p1a: Meowscarada\n|\n|upkeep\n|\n|t:|1776023940\n|switch|p1a: Dragonite|Dragonite, L50, F, shiny|100/100\n|turn|10\n|inactive|gig fi he do has 30 seconds left.\n|inactive|gig fi he do has 20 seconds left.\n|inactive|gig fi he do has 15 seconds left.\n|inactive|gig fi he do has 10 seconds left.\n|inactive|gig fi he do has 5 seconds left.\n|\n|t:|1776023995\n|move|p1a: Dragonite|Extreme Speed|p2a: Rotom\n|-damage|p2a: Rotom|0 fnt\n|faint|p2a: Rotom\n|\n|win|Dahkniece\n|raw|Dahkniece's rating: 1070 &rarr; <strong>1098</strong><br />(+28 for winning)\n|raw|gig fi he do's rating: 1051 &rarr; <strong>1034</strong><br />(-17 for losing)\n",
  "uploadtime": 1776024011,
  "views": 8,
  "formatid": "gen9championsbssregma",
  "rating": 1034,
  "private": 0,
  "password": null
}