{
  "id": "gen9championsbssregma-2584419383",
  "format": "[Gen 9 Champions] BSS Reg M-A",
  "players": [
    "Mikeflem12326171",
    "HootHootHo"
  ],
  "log": "|j|\u2606Mikeflem12326171\n|j|\u2606HootHootHo\n|t:|1776259543\n|gametype|singles\n|player|p1|Mikeflem12326171|colress|1106\n|player|p2|HootHootHo|dawn|1141\n|gen|9\n|tier|[Gen 9 Champions] BSS Reg M-A\n|rated|\n|rule|Species Clause: Limit one of each Pok\u00e9mon\n|rule|Item Clause: Limit 1 of each item\n|clearpoke\n|poke|p1|Pelipper, L50, M|\n|poke|p1|Greninja-*, L50, M|\n|poke|p1|Basculegion, L50, M|\n|poke|p1|Rotom-Wash, L50|\n|poke|p1|Clefable, L50, M|\n|poke|p1|Sneasler, L50, M|\n|poke|p2|Blastoise, L50, M|\n|poke|p2|Sneasler, L50, F|\n|poke|p2|Orthworm, L50, M|\n|poke|p2|Mamoswine, L50, F|\n|poke|p2|Scovillain, L50, M|\n|poke|p2|Polteageist, L50|\n|teampreview|3\n|inactive|Battle timer is ON: inactive players will automatically lose when time's up. (requested by HootHootHo)\n|\n|t:|1776259561\n|teamsize|p1|3\n|teamsize|p2|3\n|start\n|switch|p1a: Pelipper|Pelipper, L50, M|100/100\n|switch|p2a: Mamoswine|Mamoswine, L50, F|100/100\n|-weather|RainDance|[from] ability: Drizzle|[of] p1a: Pelipper\n|turn|1\n|\n|t:|1776259564\n|move|p2a: Mamoswine|Stealth Rock|p1a: Pelipper\n|-sidestart|p1: Mikeflem12326171|move: Stealth Rock\n|move|p1a: Pelipper|Surf|p2a: Mamoswine\n|-supereffective|p2a: Mamoswine|1\n|-enditem|p2a: Mamoswine|Focus Sash\n|-damage|p2a: Mamoswine|1/100\n|\n|-weather|RainDance|[upkeep]\n|upkeep\n|turn|2\n|\n|t:|1776259571\n|move|p2a: Mamoswine|Rock Tomb|p1a: Pelipper\n|-supereffective|p1a: Pelipper|1\n|-crit|p1a: Pelipper\n|-damage|p1a: Pelipper|9/100\n|-unboost|p1a: Pelipper|spe|1\n|move|p1a: Pelipper|Surf|p2a: Mamoswine\n|-supereffective|p2a: Mamoswine|1\n|-damage|p2a: Mamoswine|0 fnt\n|faint|p2a: Mamoswine\n|\n|-weather|RainDance|[upkeep]\n|upkeep\n|\n|t:|1776259578\n|switch|p2a: Orthworm|Orthworm, L50, M|100/100\n|turn|3\n|\n|t:|1776259582\n|move|p2a: Orthworm|Shed Tail|p2a: Orthworm\n|-start|p2a: Orthworm|Substitute|[from] move: Shed Tail\n|-damage|p2a: Orthworm|50/100\n|-enditem|p2a: Orthworm|Sitrus Berry|[eat]\n|-heal|p2a: Orthworm|75/100|[from] item: Sitrus Berry\n|\n|t:|1776259584\n|switch|p2a: Blastoise|Blastoise, L50, M|100/100|[from] Shed Tail\n|move|p1a: Pelipper|Surf|p2a: Blastoise\n|-resisted|p2a: Blastoise|1\n|-end|p2a: Blastoise|Substitute\n|\n|-weather|RainDance|[upkeep]\n|upkeep\n|turn|4\n|\n|t:|1776259593\n|detailschange|p2a: Blastoise|Blastoise-Mega, L50, M\n|-mega|p2a: Blastoise|Blastoise|Blastoisinite\n|move|p2a: Blastoise|Shell Smash|p2a: Blastoise\n|-unboost|p2a: Blastoise|def|1\n|-unboost|p2a: Blastoise|spd|1\n|-boost|p2a: Blastoise|atk|2\n|-boost|p2a: Blastoise|spa|2\n|-boost|p2a: Blastoise|spe|2\n|move|p1a: Pelipper|U-turn|p2a: Blastoise\n|-damage|p2a: Blastoise|88/100\n|\n|t:|1776259599\n|switch|p1a: Greninja|Greninja, L50, M|100/100|[from] U-turn\n|-damage|p1a: Greninja|88/100|[from] Stealth Rock\n|\n|-weather|RainDance|[upkeep]\n|upkeep\n|turn|5\n|\n|t:|1776259606\n|detailschange|p1a: Greninja|Greninja-Mega, L50, M\n|-mega|p1a: Greninja|Greninja|Greninjite\n|move|p1a: Greninja|Water Shuriken|p2a: Blastoise\n|-start|p1a: Greninja|typechange|Water|[from] ability: Protean\n|-resisted|p2a: Blastoise|1\n|-damage|p2a: Blastoise|78/100\n|-resisted|p2a: Blastoise|1\n|-damage|p2a: Blastoise|69/100\n|-hitcount|p2a: Blastoise|2\n|move|p2a: Blastoise|Aura Sphere|p1a: Greninja\n|-damage|p1a: Greninja|0 fnt\n|faint|p1a: Greninja\n|\n|-weather|none\n|upkeep\n|\n|t:|1776259611\n|switch|p1a: Clefable|Clefable, L50, M|100/100\n|-damage|p1a: Clefable|88/100|[from] Stealth Rock\n|turn|6\n|\n|t:|1776259615\n|move|p2a: Blastoise|Water Pulse|p1a: Clefable\n|-damage|p1a: Clefable|50/100\n|move|p1a: Clefable|Cosmic Power|p1a: Clefable\n|-boost|p1a: Clefable|def|1\n|-boost|p1a: Clefable|spd|1\n|\n|-heal|p1a: Clefable|56/100|[from] item: Leftovers\n|upkeep\n|turn|7\n|\n|t:|1776259618\n|move|p2a: Blastoise|Water Pulse|p1a: Clefable\n|-damage|p1a: Clefable|33/100\n|move|p1a: Clefable|Moonlight|p1a: Clefable\n|-heal|p1a: Clefable|83/100\n|\n|-heal|p1a: Clefable|89/100|[from] item: Leftovers\n|upkeep\n|turn|8\n|\n|t:|1776259622\n|move|p2a: Blastoise|Water Pulse|p1a: Clefable\n|-damage|p1a: Clefable|66/100\n|move|p1a: Clefable|Cosmic Power|p1a: Clefable\n|-boost|p1a: Clefable|def|1\n|-boost|p1a: Clefable|spd|1\n|\n|-heal|p1a: Clefable|72/100|[from] item: Leftovers\n|upkeep\n|turn|9\n|\n|t:|1776259625\n|move|p2a: Blastoise|Water Pulse|p1a: Clefable\n|-damage|p1a: Clefable|52/100\n|move|p1a: Clefable|Cosmic Power|p1a: Clefable\n|-boost|p1a: Clefable|def|1\n|-boost|p1a: Clefable|spd|1\n|\n|-heal|p1a: Clefable|58/100|[from] item: Leftovers\n|upkeep\n|turn|10\n|\n|t:|1776259627\n|move|p2a: Blastoise|Water Pulse|p1a: Clefable\n|-damage|p1a: Clefable|44/100\n|move|p1a: Clefable|Moonlight|p1a: Clefable\n|-heal|p1a: Clefable|94/100\n|\n|-heal|p1a: Clefable|99/100|[from] item: Leftovers\n|upkeep\n|turn|11\n|\n|t:|1776259630\n|move|p2a: Blastoise|Water Pulse|p1a: Clefable\n|-damage|p1a: Clefable|84/100\n|-start|p1a: Clefable|confusion\n|-activate|p1a: Clefable|confusion\n|move|p1a: Clefable|Cosmic Power|p1a: Clefable\n|-boost|p1a: Clefable|def|1\n|-boost|p1a: Clefable|spd|1\n|\n|-heal|p1a: Clefable|90/100|[from] item: Leftovers\n|upkeep\n|turn|12\n|\n|t:|1776259635\n|move|p2a: Blastoise|Water Pulse|p1a: Clefable\n|-crit|p1a: Clefable\n|-damage|p1a: Clefable|32/100\n|-activate|p1a: Clefable|confusion\n|move|p1a: Clefable|Cosmic Power|p1a: Clefable\n|-boost|p1a: Clefable|def|1\n|-boost|p1a: Clefable|spd|1\n|\n|-heal|p1a: Clefable|38/100|[from] item: Leftovers\n|upkeep\n|turn|13\n|\n|t:|1776259644\n|move|p2a: Blastoise|Dark Pulse|p1a: Clefable\n|-resisted|p1a: Clefable|1\n|-damage|p1a: Clefable|34/100\n|-activate|p1a: Clefable|confusion\n|-damage|p1a: Clefable|31/100|[from] confusion\n|\n|-heal|p1a: Clefable|37/100|[from] item: Leftovers\n|upkeep\n|turn|14\n|\n|t:|1776259649\n|move|p2a: Blastoise|Water Pulse|p1a: Clefable\n|-damage|p1a: Clefable|27/100\n|-activate|p1a: Clefable|confusion\n|move|p1a: Clefable|Moonlight|p1a: Clefable\n|-heal|p1a: Clefable|77/100\n|\n|-heal|p1a: Clefable|83/100|[from] item: Leftovers\n|upkeep\n|turn|15\n|\n|t:|1776259653\n|move|p2a: Blastoise|Water Pulse|p1a: Clefable\n|-damage|p1a: Clefable|72/100\n|-end|p1a: Clefable|confusion\n|move|p1a: Clefable|Stored Power|p2a: Blastoise\n|-damage|p2a: Blastoise|20/100\n|\n|-heal|p1a: Clefable|78/100|[from] item: Leftovers\n|upkeep\n|turn|16\n|\n|t:|1776259659\n|move|p2a: Blastoise|Water Pulse|p1a: Clefable\n|-damage|p1a: Clefable|67/100\n|-start|p1a: Clefable|confusion\n|-activate|p1a: Clefable|confusion\n|move|p1a: Clefable|Stored Power|p2a: Blastoise\n|-crit|p2a: Blastoise\n|-damage|p2a: Blastoise|0 fnt\n|faint|p2a: Blastoise\n|\n|-heal|p1a: Clefable|73/100|[from] item: Leftovers\n|upkeep\n|\n|t:|1776259661\n|switch|p2a: Orthworm|Orthworm, L50, M|75/100\n|turn|17\n|\n|t:|1776259665\n|move|p2a: Orthworm|Heavy Slam|p1a: Clefable\n|-supereffective|p1a: Clefable|1\n|-damage|p1a: Clefable|50/100\n|-activate|p1a: Clefable|confusion\n|-damage|p1a: Clefable|47/100|[from] confusion\n|\n|-heal|p1a: Clefable|53/100|[from] item: Leftovers\n|upkeep\n|turn|18\n|\n|t:|1776259670\n|move|p2a: Orthworm|Heavy Slam|p1a: Clefable\n|-supereffective|p1a: Clefable|1\n|-damage|p1a: Clefable|31/100\n|-activate|p1a: Clefable|confusion\n|move|p1a: Clefable|Moonlight|p1a: Clefable\n|-heal|p1a: Clefable|81/100\n|\n|-heal|p1a: Clefable|87/100|[from] item: Leftovers\n|upkeep\n|turn|19\n|\n|t:|1776259675\n|move|p2a: Orthworm|Heavy Slam|p1a: Clefable\n|-supereffective|p1a: Clefable|1\n|-damage|p1a: Clefable|62/100\n|-end|p1a: Clefable|confusion\n|move|p1a: Clefable|Stored Power|p2a: Orthworm\n|-resisted|p2a: Orthworm|1\n|-damage|p2a: Orthworm|34/100\n|\n|-heal|p1a: Clefable|68/100|[from] item: Leftovers\n|upkeep\n|turn|20\n|\n|t:|1776259679\n|move|p2a: Orthworm|Heavy Slam|p1a: Clefable\n|-supereffective|p1a: Clefable|1\n|-damage|p1a: Clefable|47/100\n|move|p1a: Clefable|Stored Power|p2a: Orthworm\n|-resisted|p2a: Orthworm|1\n|-damage|p2a: Orthworm|0 fnt\n|faint|p2a: Orthworm\n|\n|win|Mikeflem12326171\n|raw|Mikeflem12326171's rating: 1106 &rarr; <strong>1134</strong><br />(+28 for winning)\n|raw|HootHootHo's rating: 1141 &rarr; <strong>1113</strong><br />(-28 for losing)\n|l|\u2606HootHootHo\n|player|p2|\n",
  "uploadtime": 1776259693,
  "views": 5,
  "formatid": "gen9championsbssregma",
  "rating": 1113,
  "private": 0,
  "password": null
}