{
  "id": "gen9championsbssregma-2587852550",
  "format": "[Gen 9 Champions] BSS Reg M-A",
  "players": [
    "nowhere60",
    "basedshed"
  ],
  "log": "|j|\u2606nowhere60\n|j|\u203dbasedshed\n|t:|1776570742\n|gametype|singles\n|player|p1|nowhere60|169|1116\n|player|p2|basedshed|265|1124\n|gen|9\n|tier|[Gen 9 Champions] BSS Reg M-A\n|rated|\n|rule|Species Clause: Limit one of each Pok\u00e9mon\n|rule|Item Clause: Limit 1 of each item\n|clearpoke\n|poke|p1|Espathra, L50, F|\n|poke|p1|Meganium, L50, F|\n|poke|p1|Kingambit, L50, M|\n|poke|p1|Banette, L50, M|\n|poke|p1|Ditto, L50|\n|poke|p1|Glimmora, L50, F|\n|poke|p2|Sneasler, L50, M|\n|poke|p2|Polteageist, L50|\n|poke|p2|Archaludon, L50, F|\n|poke|p2|Armarouge, L50, F|\n|poke|p2|Gyarados, L50, F|\n|poke|p2|Meowscarada, L50, F|\n|teampreview|3\n|inactive|Battle timer is ON: inactive players will automatically lose when time's up. (requested by basedshed)\n|inactive|basedshed has 60 seconds left.\n|inactive|basedshed has 30 seconds left.\n|inactive|basedshed has 20 seconds left.\n|inactive|basedshed has 15 seconds left.\n|inactive|basedshed has 10 seconds left.\n|inactive|basedshed has 5 seconds left.\n|\n|t:|1776570833\n|teamsize|p1|3\n|teamsize|p2|3\n|start\n|switch|p1a: Glimmora|Glimmora, L50, F|100/100\n|switch|p2a: Polteageist|Polteageist, L50|100/100\n|turn|1\n|\n|t:|1776570855\n|move|p1a: Glimmora|Mortal Spin|p2a: Polteageist\n|-resisted|p2a: Polteageist|1\n|-damage|p2a: Polteageist|95/100\n|-status|p2a: Polteageist|psn\n|-start|p1a: Glimmora|Disable|Mortal Spin|[from] ability: Cursed Body|[of] p2a: Polteageist\n|move|p2a: Polteageist|Shell Smash|p2a: Polteageist\n|-unboost|p2a: Polteageist|def|1\n|-unboost|p2a: Polteageist|spd|1\n|-boost|p2a: Polteageist|atk|2\n|-boost|p2a: Polteageist|spa|2\n|-boost|p2a: Polteageist|spe|2\n|-enditem|p2a: Polteageist|White Herb\n|-clearnegativeboost|p2a: Polteageist|[silent]\n|\n|-damage|p2a: Polteageist|82/100 psn|[from] psn\n|upkeep\n|turn|2\n|\n|t:|1776570876\n|move|p2a: Polteageist|Stored Power|p1a: Glimmora\n|-supereffective|p1a: Glimmora|1\n|-enditem|p1a: Glimmora|Focus Sash\n|-damage|p1a: Glimmora|1/100\n|move|p1a: Glimmora|Power Gem|p2a: Polteageist\n|-damage|p2a: Polteageist|43/100 psn\n|\n|-damage|p2a: Polteageist|30/100 psn|[from] psn\n|upkeep\n|turn|3\n|\n|t:|1776570899\n|move|p2a: Polteageist|Stored Power|p1a: Glimmora\n|-supereffective|p1a: Glimmora|1\n|-damage|p1a: Glimmora|0 fnt\n|faint|p1a: Glimmora\n|\n|-damage|p2a: Polteageist|18/100 psn|[from] psn\n|upkeep\n|\n|t:|1776570902\n|switch|p1a: Espathra|Espathra, L50, F|100/100\n|turn|4\n|\n|t:|1776570921\n|move|p1a: Espathra|Protect|p1a: Espathra\n|-singleturn|p1a: Espathra|Protect\n|move|p2a: Polteageist|Baton Pass|p2a: Polteageist\n|\n|t:|1776570934\n|switch|p2a: Archaludon|Archaludon, L50, F|100/100|[from] Baton Pass\n|\n|-ability|p1a: Espathra|Speed Boost|boost\n|-boost|p1a: Espathra|spe|1\n|upkeep\n|turn|5\n|\n|t:|1776570944\n|move|p2a: Archaludon|Flash Cannon|p1a: Espathra\n|-damage|p1a: Espathra|32/100\n|-enditem|p1a: Espathra|Sitrus Berry|[eat]\n|-heal|p1a: Espathra|57/100|[from] item: Sitrus Berry\n|move|p1a: Espathra|Calm Mind|p1a: Espathra\n|-boost|p1a: Espathra|spa|1\n|-boost|p1a: Espathra|spd|1\n|\n|-ability|p1a: Espathra|Speed Boost|boost\n|-boost|p1a: Espathra|spe|1\n|upkeep\n|turn|6\n|\n|t:|1776570952\n|move|p1a: Espathra|Protect|p1a: Espathra\n|-singleturn|p1a: Espathra|Protect\n|move|p2a: Archaludon|Flash Cannon|p1a: Espathra\n|-activate|p1a: Espathra|move: Protect\n|\n|-ability|p1a: Espathra|Speed Boost|boost\n|-boost|p1a: Espathra|spe|1\n|upkeep\n|turn|7\n|\n|t:|1776570958\n|move|p1a: Espathra|Calm Mind|p1a: Espathra\n|-boost|p1a: Espathra|spa|1\n|-boost|p1a: Espathra|spd|1\n|move|p2a: Archaludon|Flash Cannon|p1a: Espathra\n|-damage|p1a: Espathra|20/100\n|\n|-ability|p1a: Espathra|Speed Boost|boost\n|-boost|p1a: Espathra|spe|1\n|upkeep\n|turn|8\n|\n|t:|1776570966\n|move|p1a: Espathra|Protect|p1a: Espathra\n|-singleturn|p1a: Espathra|Protect\n|move|p2a: Archaludon|Flash Cannon|p1a: Espathra\n|-activate|p1a: Espathra|move: Protect\n|\n|-ability|p1a: Espathra|Speed Boost|boost\n|-boost|p1a: Espathra|spe|1\n|upkeep\n|turn|9\n|\n|t:|1776570990\n|move|p1a: Espathra|Baton Pass|p1a: Espathra\n|\n|t:|1776570992\n|switch|p1a: Meganium|Meganium, L50, F|100/100|[from] Baton Pass\n|move|p2a: Archaludon|Flash Cannon|p1a: Meganium\n|-damage|p1a: Meganium|61/100\n|\n|upkeep\n|turn|10\n|\n|t:|1776571000\n|detailschange|p1a: Meganium|Meganium-Mega, L50, F\n|-mega|p1a: Meganium|Meganium|Meganiumite\n|move|p1a: Meganium|Weather Ball|p2a: Archaludon\n|-damage|p2a: Archaludon|0 fnt\n|faint|p2a: Archaludon\n|\n|upkeep\n|\n|t:|1776571008\n|switch|p2a: Meowscarada|Meowscarada, L50, F|100/100\n|turn|11\n|\n|t:|1776571011\n|move|p1a: Meganium|Weather Ball|p2a: Meowscarada\n|-supereffective|p2a: Meowscarada|1\n|-damage|p2a: Meowscarada|0 fnt\n|faint|p2a: Meowscarada\n|\n|upkeep\n|\n|t:|1776571018\n|switch|p2a: Polteageist|Polteageist, L50|18/100 psn\n|turn|12\n|\n|t:|1776571020\n|move|p1a: Meganium|Weather Ball|p2a: Polteageist\n|-damage|p2a: Polteageist|0 fnt\n|faint|p2a: Polteageist\n|\n|win|nowhere60\n|raw|nowhere60's rating: 1116 &rarr; <strong>1142</strong><br />(+26 for winning)\n|raw|basedshed's rating: 1124 &rarr; <strong>1098</strong><br />(-26 for losing)\n",
  "uploadtime": 1776571023,
  "views": 11,
  "formatid": "gen9championsbssregma",
  "rating": 1098,
  "private": 0,
  "password": null
}