{
  "id": "gen9championsbssregma-2583113292",
  "format": "[Gen 9 Champions] BSS Reg M-A",
  "players": [
    "mathismathin",
    "Z-Star Ultima"
  ],
  "log": "|j|\u2606mathismathin\n|j|\u2606Z-Star Ultima\n|t:|1776143543\n|gametype|singles\n|player|p1|mathismathin|bugsy-masters|1272\n|player|p2|Z-Star Ultima|101|1258\n|gen|9\n|tier|[Gen 9 Champions] BSS Reg M-A\n|rated|\n|rule|Species Clause: Limit one of each Pok\u00e9mon\n|rule|Item Clause: Limit 1 of each item\n|clearpoke\n|poke|p1|Aegislash, L50, M|\n|poke|p1|Meganium, L50, M|\n|poke|p1|Sneasler, L50, F|\n|poke|p1|Dragapult, L50, M|\n|poke|p1|Lycanroc-Dusk, L50, F|\n|poke|p1|Tyranitar, L50, F|\n|poke|p2|Dragonite, L50, F|\n|poke|p2|Kingambit, L50, M|\n|poke|p2|Mimikyu, L50, M|\n|poke|p2|Corviknight, L50, M|\n|poke|p2|Garchomp, L50, M|\n|poke|p2|Venusaur, L50, M|\n|teampreview|3\n|j| p74\n|\n|t:|1776143577\n|teamsize|p1|3\n|teamsize|p2|3\n|start\n|switch|p1a: Dragapult|Dragapult, L50, M|100/100\n|switch|p2a: Garchomp|Garchomp, L50, M|100/100\n|turn|1\n|\n|t:|1776143589\n|move|p2a: Garchomp|Outrage|p1a: Dragapult\n|-supereffective|p1a: Dragapult|1\n|-enditem|p1a: Dragapult|Focus Sash\n|-damage|p1a: Dragapult|1/100\n|move|p1a: Dragapult|Will-O-Wisp|p2a: Garchomp|[miss]\n|-miss|p1a: Dragapult|p2a: Garchomp\n|\n|upkeep\n|turn|2\n|\n|t:|1776143595\n|switch|p1a: Aegislash|Aegislash, L50, M|100/100\n|move|p2a: Garchomp|Outrage|p1a: Aegislash|[from] lockedmove\n|-resisted|p1a: Aegislash|1\n|-damage|p1a: Aegislash|73/100\n|\n|upkeep\n|turn|3\n|\n|t:|1776143602\n|move|p2a: Garchomp|Outrage|p1a: Aegislash|[from] lockedmove\n|-resisted|p1a: Aegislash|1\n|-damage|p1a: Aegislash|45/100\n|-start|p2a: Garchomp|confusion|[fatigue]\n|move|p1a: Aegislash|Swords Dance|p1a: Aegislash\n|-boost|p1a: Aegislash|atk|2\n|\n|upkeep\n|turn|4\n|\n|t:|1776143609\n|-activate|p2a: Garchomp|confusion\n|-damage|p2a: Garchomp|86/100|[from] confusion\n|-formechange|p1a: Aegislash|Aegislash-Blade|\n|move|p1a: Aegislash|Poltergeist|p2a: Garchomp\n|-activate|p2a: Garchomp|move: Poltergeist|Choice Scarf\n|-damage|p2a: Garchomp|0 fnt\n|faint|p2a: Garchomp\n|\n|upkeep\n|\n|t:|1776143616\n|switch|p2a: Mimikyu|Mimikyu, L50, M|100/100\n|turn|5\n|\n|t:|1776143628\n|move|p1a: Aegislash|Shadow Sneak|p2a: Mimikyu\n|-activate|p2a: Mimikyu|ability: Disguise\n|-damage|p2a: Mimikyu|100/100\n|detailschange|p2a: Mimikyu|Mimikyu-Busted, L50, M\n|-damage|p2a: Mimikyu|88/100|[from] pokemon: Mimikyu-Busted\n|move|p2a: Mimikyu|Swords Dance|p2a: Mimikyu\n|-boost|p2a: Mimikyu|atk|2\n|\n|upkeep\n|turn|6\n|\n|t:|1776143634\n|move|p2a: Mimikyu|Shadow Sneak|p1a: Aegislash\n|-supereffective|p1a: Aegislash|1\n|-damage|p1a: Aegislash|0 fnt\n|faint|p1a: Aegislash\n|\n|upkeep\n|\n|t:|1776143635\n|switch|p1a: Meganium|Meganium, L50, M|100/100\n|turn|7\n|\n|t:|1776143644\n|detailschange|p1a: Meganium|Meganium-Mega, L50, M\n|-mega|p1a: Meganium|Meganium|Meganiumite\n|move|p2a: Mimikyu|Shadow Claw|p1a: Meganium\n|-damage|p1a: Meganium|37/100\n|move|p1a: Meganium|Solar Beam||[still]\n|-prepare|p1a: Meganium|Solar Beam\n|-activate|p1a: Meganium|ability: Mega Sol\n|-anim|p1a: Meganium|Solar Beam|p2a: Mimikyu\n|-damage|p2a: Mimikyu|0 fnt\n|faint|p2a: Mimikyu\n|\n|upkeep\n|\n|t:|1776143653\n|switch|p2a: Corviknight|Corviknight, L50, M|100/100\n|turn|8\n|\n|t:|1776143657\n|move|p1a: Meganium|Weather Ball|p2a: Corviknight\n|-supereffective|p2a: Corviknight|1\n|-damage|p2a: Corviknight|0 fnt\n|faint|p2a: Corviknight\n|\n|win|mathismathin\n|raw|mathismathin's rating: 1272 &rarr; <strong>1296</strong><br />(+24 for winning)\n|raw|Z-Star Ultima's rating: 1258 &rarr; <strong>1234</strong><br />(-24 for losing)\n|l|\u2606mathismathin\n|player|p1|\n|l|\u2606Z-Star Ultima\n|player|p2|\n",
  "uploadtime": 1776143658,
  "views": 2,
  "formatid": "gen9championsbssregma",
  "rating": 1234,
  "private": 0,
  "password": null
}