{
  "id": "gen9championsbssregma-2587524430",
  "format": "[Gen 9 Champions] BSS Reg M-A",
  "players": [
    "armandeoxys",
    "hoshigumo1101"
  ],
  "log": "|j|\u2606armandeoxys\n|j|\u2606hoshigumo1101\n|t:|1776539213\n|gametype|singles\n|player|p1|armandeoxys|1|1408\n|player|p2|hoshigumo1101|acetrainerf|1449\n|gen|9\n|tier|[Gen 9 Champions] BSS Reg M-A\n|rated|\n|rule|Species Clause: Limit one of each Pok\u00e9mon\n|rule|Item Clause: Limit 1 of each item\n|clearpoke\n|poke|p1|Pelipper, L50, M|\n|poke|p1|Aegislash, L50, F|\n|poke|p1|Meganium, L50, M|\n|poke|p1|Scizor, L50, F|\n|poke|p1|Archaludon, L50, F|\n|poke|p1|Basculegion, L50, M|\n|poke|p2|Kingambit, L50, M|\n|poke|p2|Delphox, L50, F|\n|poke|p2|Hippowdon, L50, F|\n|poke|p2|Lucario, L50, M|\n|poke|p2|Basculegion, L50, M|\n|poke|p2|Meowscarada, L50, F|\n|teampreview|3\n|inactive|Battle timer is ON: inactive players will automatically lose when time's up. (requested by armandeoxys)\n|\n|t:|1776539227\n|teamsize|p1|3\n|teamsize|p2|3\n|start\n|switch|p1a: Pelipper|Pelipper, L50, M|100/100\n|switch|p2a: Meowscarada|Meowscarada, L50, F|100/100\n|-weather|RainDance|[from] ability: Drizzle|[of] p1a: Pelipper\n|turn|1\n|\n|t:|1776539233\n|move|p2a: Meowscarada|Knock Off|p1a: Pelipper\n|-start|p2a: Meowscarada|typechange|Dark|[from] ability: Protean\n|-damage|p1a: Pelipper|46/100\n|-enditem|p1a: Pelipper|Focus Sash|[from] move: Knock Off|[of] p2a: Meowscarada\n|move|p1a: Pelipper|Tailwind|p1a: Pelipper\n|-sidestart|p1: armandeoxys|move: Tailwind\n|\n|-weather|RainDance|[upkeep]\n|upkeep\n|turn|2\n|\n|t:|1776539241\n|switch|p2a: Hippowdon|Hippowdon, L50, F|100/100\n|-weather|Sandstorm|[from] ability: Sand Stream|[of] p2a: Hippowdon\n|switch|p1a: Archaludon|Archaludon, L50, F|100/100\n|\n|-weather|Sandstorm|[upkeep]\n|upkeep\n|turn|3\n|\n|t:|1776539247\n|switch|p1a: Pelipper|Pelipper, L50, M|46/100\n|-weather|RainDance|[from] ability: Drizzle|[of] p1a: Pelipper\n|move|p2a: Hippowdon|Stealth Rock|p1a: Pelipper\n|-sidestart|p1: armandeoxys|move: Stealth Rock\n|\n|-weather|RainDance|[upkeep]\n|upkeep\n|turn|4\n|\n|t:|1776539251\n|move|p1a: Pelipper|U-turn|p2a: Hippowdon\n|-damage|p2a: Hippowdon|94/100\n|\n|t:|1776539253\n|switch|p1a: Scizor|Scizor, L50, F|100/100|[from] U-turn\n|-damage|p1a: Scizor|88/100|[from] Stealth Rock\n|move|p2a: Hippowdon|Rock Tomb|p1a: Scizor\n|-damage|p1a: Scizor|71/100\n|-unboost|p1a: Scizor|spe|1\n|\n|-weather|RainDance|[upkeep]\n|-sideend|p1: armandeoxys|move: Tailwind\n|upkeep\n|turn|5\n|j| huhyuhyuhyuh\n|\n|t:|1776539257\n|detailschange|p1a: Scizor|Scizor-Mega, L50, F\n|-mega|p1a: Scizor|Scizor|Scizorite\n|move|p1a: Scizor|Swords Dance|p1a: Scizor\n|-boost|p1a: Scizor|atk|2\n|move|p2a: Hippowdon|Yawn|p1a: Scizor\n|-start|p1a: Scizor|move: Yawn|[of] p2a: Hippowdon\n|\n|-weather|RainDance|[upkeep]\n|upkeep\n|turn|6\n|\n|t:|1776539264\n|move|p1a: Scizor|U-turn|p2a: Hippowdon\n|-damage|p2a: Hippowdon|38/100\n|-enditem|p2a: Hippowdon|Sitrus Berry|[eat]\n|-heal|p2a: Hippowdon|63/100|[from] item: Sitrus Berry\n|\n|t:|1776539266\n|switch|p1a: Archaludon|Archaludon, L50, F|100/100|[from] U-turn\n|-damage|p1a: Archaludon|94/100|[from] Stealth Rock\n|move|p2a: Hippowdon|Earthquake|p1a: Archaludon\n|-supereffective|p1a: Archaludon|1\n|-damage|p1a: Archaludon|43/100\n|-ability|p1a: Archaludon|Stamina|boost\n|-boost|p1a: Archaludon|def|1\n|-enditem|p1a: Archaludon|Sitrus Berry|[eat]\n|-heal|p1a: Archaludon|68/100|[from] item: Sitrus Berry\n|\n|-weather|RainDance|[upkeep]\n|upkeep\n|turn|7\n|\n|t:|1776539270\n|move|p1a: Archaludon|Draco Meteor|p2a: Hippowdon\n|-damage|p2a: Hippowdon|7/100\n|-unboost|p1a: Archaludon|spa|2\n|move|p2a: Hippowdon|Yawn|p1a: Archaludon\n|-start|p1a: Archaludon|move: Yawn|[of] p2a: Hippowdon\n|\n|-weather|none\n|upkeep\n|turn|8\n|\n|t:|1776539278\n|switch|p1a: Pelipper|Pelipper, L50, M|46/100\n|-damage|p1a: Pelipper|21/100|[from] Stealth Rock\n|-weather|RainDance|[from] ability: Drizzle|[of] p1a: Pelipper\n|move|p2a: Hippowdon|Yawn|p1a: Pelipper\n|-start|p1a: Pelipper|move: Yawn|[of] p2a: Hippowdon\n|\n|-weather|RainDance|[upkeep]\n|upkeep\n|turn|9\n|\n|t:|1776539285\n|move|p1a: Pelipper|Weather Ball|p2a: Hippowdon\n|-supereffective|p2a: Hippowdon|1\n|-damage|p2a: Hippowdon|0 fnt\n|faint|p2a: Hippowdon\n|\n|-weather|RainDance|[upkeep]\n|-end|p1a: Pelipper|move: Yawn|[silent]\n|-status|p1a: Pelipper|slp\n|upkeep\n|\n|t:|1776539289\n|switch|p2a: Lucario|Lucario, L50, M|100/100\n|turn|10\n|\n|t:|1776539293\n|detailschange|p2a: Lucario|Lucario-Mega, L50, M\n|-mega|p2a: Lucario|Lucario|Lucarionite\n|move|p2a: Lucario|Calm Mind|p2a: Lucario\n|-boost|p2a: Lucario|spa|1\n|-boost|p2a: Lucario|spd|1\n|cant|p1a: Pelipper|slp\n|\n|-weather|RainDance|[upkeep]\n|upkeep\n|turn|11\n|\n|t:|1776539295\n|move|p2a: Lucario|Flash Cannon|p1a: Pelipper\n|-resisted|p1a: Pelipper|1\n|-crit|p1a: Pelipper\n|-damage|p1a: Pelipper|0 fnt\n|faint|p1a: Pelipper\n|\n|-weather|RainDance|[upkeep]\n|upkeep\n|\n|t:|1776539297\n|switch|p1a: Scizor|Scizor-Mega, L50, F|71/100\n|-damage|p1a: Scizor|59/100|[from] Stealth Rock\n|turn|12\n|\n|t:|1776539301\n|move|p2a: Lucario|Focus Blast|p1a: Scizor\n|-damage|p1a: Scizor|0 fnt\n|faint|p1a: Scizor\n|\n|-weather|none\n|upkeep\n|j| CrunchGang\n|-message|armandeoxys forfeited.\n|\n|win|hoshigumo1101\n|raw|armandeoxys's rating: 1408 &rarr; <strong>1390</strong><br />(-18 for losing)\n|raw|hoshigumo1101's rating: 1449 &rarr; <strong>1467</strong><br />(+18 for winning)\n|l|\u2606armandeoxys\n|player|p1|\n|l|\u2606hoshigumo1101\n|player|p2|\n|j|\u2606armandeoxys\n|player|p1|armandeoxys|1|\n",
  "uploadtime": 1776539322,
  "views": 6,
  "formatid": "gen9championsbssregma",
  "rating": 1390,
  "private": 0,
  "password": null
}