{
  "id": "gen9championsbssregma-2584299797",
  "format": "[Gen 9 Champions] BSS Reg M-A",
  "players": [
    "BandedRae",
    "karbain"
  ],
  "log": "|j|\u2606BandedRae\n|j|\u2606karbain\n|t:|1776248717\n|gametype|singles\n|player|p1|BandedRae|266|1366\n|player|p2|karbain|2|1456\n|gen|9\n|tier|[Gen 9 Champions] BSS Reg M-A\n|rated|\n|rule|Species Clause: Limit one of each Pok\u00e9mon\n|rule|Item Clause: Limit 1 of each item\n|clearpoke\n|poke|p1|Alakazam, L50, F|\n|poke|p1|Glimmora, L50, F|\n|poke|p1|Garchomp, L50, M|\n|poke|p1|Sneasler, L50, M|\n|poke|p1|Kingambit, L50, F|\n|poke|p1|Clefable, L50, F|\n|poke|p2|Charizard, L50, F|\n|poke|p2|Greninja-*, L50, F|\n|poke|p2|Gengar, L50, F|\n|poke|p2|Mimikyu, L50, M|\n|poke|p2|Meowscarada, L50, M|\n|poke|p2|Empoleon, L50, F|\n|teampreview|3\n|inactive|Battle timer is ON: inactive players will automatically lose when time's up. (requested by karbain)\n|\n|t:|1776248759\n|teamsize|p1|3\n|teamsize|p2|3\n|start\n|switch|p1a: Glimmora|Glimmora, L50, F|100/100\n|switch|p2a: Greninja|Greninja, L50, F|100/100\n|turn|1\n|j| p74\n|inactive|BandedRae has 30 seconds left.\n|\n|t:|1776248788\n|move|p2a: Greninja|Surf|p1a: Glimmora\n|-supereffective|p1a: Glimmora|1\n|-enditem|p1a: Glimmora|Focus Sash\n|-damage|p1a: Glimmora|1/100\n|move|p1a: Glimmora|Stealth Rock|p2a: Greninja\n|-sidestart|p2: karbain|move: Stealth Rock\n|\n|upkeep\n|turn|2\n|\n|t:|1776248804\n|move|p2a: Greninja|Surf|p1a: Glimmora\n|-supereffective|p1a: Glimmora|1\n|-crit|p1a: Glimmora\n|-damage|p1a: Glimmora|0 fnt\n|faint|p1a: Glimmora\n|\n|upkeep\n|\n|t:|1776248806\n|switch|p1a: Clefable|Clefable, L50, F|100/100\n|turn|3\n|\n|t:|1776248815\n|switch|p2a: Charizard|Charizard, L50, F|100/100\n|-damage|p2a: Charizard|51/100|[from] Stealth Rock\n|move|p1a: Clefable|Calm Mind|p1a: Clefable\n|-boost|p1a: Clefable|spa|1\n|-boost|p1a: Clefable|spd|1\n|\n|upkeep\n|turn|4\n|\n|t:|1776248823\n|detailschange|p2a: Charizard|Charizard-Mega-X, L50, F\n|-mega|p2a: Charizard|Charizard|Charizardite X\n|move|p2a: Charizard|Flare Blitz|p1a: Clefable\n|-damage|p1a: Clefable|35/100\n|-damage|p2a: Charizard|22/100|[from] Recoil\n|move|p1a: Clefable|Calm Mind|p1a: Clefable\n|-boost|p1a: Clefable|spa|1\n|-boost|p1a: Clefable|spd|1\n|\n|-heal|p1a: Clefable|41/100|[from] item: Leftovers\n|upkeep\n|turn|5\n|\n|t:|1776248836\n|move|p2a: Charizard|Flare Blitz|p1a: Clefable\n|-damage|p1a: Clefable|0 fnt\n|faint|p1a: Clefable\n|-damage|p2a: Charizard|5/100|[from] Recoil\n|\n|upkeep\n|\n|t:|1776248839\n|switch|p1a: Garchomp|Garchomp, L50, M|100/100\n|turn|6\n|\n|t:|1776248844\n|move|p1a: Garchomp|Scale Shot|p2a: Charizard\n|-supereffective|p2a: Charizard|1\n|-damage|p2a: Charizard|0 fnt\n|faint|p2a: Charizard\n|-hitcount|p2: Charizard|1\n|-unboost|p1a: Garchomp|def|1\n|-boost|p1a: Garchomp|spe|1\n|\n|upkeep\n|\n|t:|1776248851\n|switch|p2a: Mimikyu|Mimikyu, L50, M|100/100\n|-damage|p2a: Mimikyu|89/100|[from] Stealth Rock\n|turn|7\n|\n|t:|1776248860\n|move|p1a: Garchomp|Earthquake|p2a: Mimikyu\n|-activate|p2a: Mimikyu|ability: Disguise\n|-damage|p2a: Mimikyu|89/100\n|detailschange|p2a: Mimikyu|Mimikyu-Busted, L50, M\n|-damage|p2a: Mimikyu|77/100|[from] pokemon: Mimikyu-Busted\n|move|p2a: Mimikyu|Play Rough|p1a: Garchomp\n|-supereffective|p1a: Garchomp|1\n|-damage|p1a: Garchomp|0 fnt\n|-damage|p2a: Mimikyu|65/100|[from] ability: Rough Skin|[of] p1a: Garchomp\n|faint|p1a: Garchomp\n|\n|win|karbain\n|raw|BandedRae's rating: 1366 &rarr; <strong>1351</strong><br />(-15 for losing)\n|raw|karbain's rating: 1456 &rarr; <strong>1471</strong><br />(+15 for winning)\n|l|\u2606karbain\n|player|p2|\n|c|\u2606BandedRae|Luck\n|l|\u2606BandedRae\n|player|p1|\n",
  "uploadtime": 1776248914,
  "views": 7,
  "formatid": "gen9championsbssregma",
  "rating": 1351,
  "private": 0,
  "password": null
}