{
  "id": "gen9championsbssregma-2583943048",
  "format": "[Gen 9 Champions] BSS Reg M-A",
  "players": [
    "nuko1234",
    "ichi1111"
  ],
  "log": "|j|\u2606nuko1234\n|j|\u2606ichi1111\n|t:|1776210408\n|gametype|singles\n|player|p1|nuko1234|caitlin|1434\n|player|p2|ichi1111|elesa|1287\n|gen|9\n|tier|[Gen 9 Champions] BSS Reg M-A\n|rated|\n|rule|Species Clause: Limit one of each Pok\u00e9mon\n|rule|Item Clause: Limit 1 of each item\n|clearpoke\n|poke|p1|Kingambit, L50, M|\n|poke|p1|Garchomp, L50, M|\n|poke|p1|Corviknight, L50, M|\n|poke|p1|Gardevoir, L50, M|\n|poke|p1|Primarina, L50, M|\n|poke|p1|Dragonite, L50, F|\n|poke|p2|Corviknight, L50, F|\n|poke|p2|Toxapex, L50, F|\n|poke|p2|Delphox, L50, M|\n|poke|p2|Diggersby, L50, M|\n|poke|p2|Mimikyu, L50, M|\n|poke|p2|Archaludon, L50, F|\n|teampreview|3\n|inactive|Battle timer is ON: inactive players will automatically lose when time's up. (requested by ichi1111)\n|inactive|ichi1111 has 60 seconds left.\n|\n|t:|1776210439\n|teamsize|p1|3\n|teamsize|p2|3\n|start\n|switch|p1a: Primarina|Primarina, L50, M|100/100\n|switch|p2a: Corviknight|Corviknight, L50, F|100/100\n|turn|1\n|j| p74\n|\n|t:|1776210452\n|switch|p2a: Toxapex|Toxapex, L50, F|100/100\n|move|p1a: Primarina|Calm Mind|p1a: Primarina\n|-boost|p1a: Primarina|spa|1\n|-boost|p1a: Primarina|spd|1\n|\n|upkeep\n|turn|2\n|\n|t:|1776210457\n|switch|p1a: Kingambit|Kingambit, L50, M|100/100\n|move|p2a: Toxapex|Toxic|p1a: Kingambit\n|-immune|p1a: Kingambit\n|\n|upkeep\n|turn|3\n|\n|t:|1776210465\n|switch|p2a: Corviknight|Corviknight, L50, F|100/100\n|move|p1a: Kingambit|Swords Dance|p1a: Kingambit\n|-boost|p1a: Kingambit|atk|2\n|\n|upkeep\n|turn|4\n|\n|t:|1776210472\n|switch|p1a: Gardevoir|Gardevoir, L50, M|100/100\n|-ability|p1a: Gardevoir|Mirror Armor|Trace|[from] ability: Trace|[of] p2a: Corviknight\n|move|p2a: Corviknight|Body Press|p1a: Gardevoir\n|-resisted|p1a: Gardevoir|2\n|-damage|p1a: Gardevoir|93/100\n|\n|upkeep\n|turn|5\n|\n|t:|1776210477\n|detailschange|p1a: Gardevoir|Gardevoir-Mega, L50, M\n|-mega|p1a: Gardevoir|Gardevoir|Gardevoirite\n|move|p1a: Gardevoir|Calm Mind|p1a: Gardevoir\n|-boost|p1a: Gardevoir|spa|1\n|-boost|p1a: Gardevoir|spd|1\n|move|p2a: Corviknight|U-turn|p1a: Gardevoir\n|-damage|p1a: Gardevoir|73/100\n|\n|t:|1776210483\n|switch|p2a: Delphox|Delphox, L50, M|100/100|[from] U-turn\n|\n|upkeep\n|turn|6\n|\n|t:|1776210488\n|detailschange|p2a: Delphox|Delphox-Mega, L50, M\n|-mega|p2a: Delphox|Delphox|Delphoxite\n|move|p2a: Delphox|Encore|p1a: Gardevoir\n|-start|p1a: Gardevoir|Encore\n|move|p1a: Gardevoir|Calm Mind|p1a: Gardevoir\n|-boost|p1a: Gardevoir|spa|1\n|-boost|p1a: Gardevoir|spd|1\n|\n|upkeep\n|turn|7\n|\n|t:|1776210496\n|switch|p2a: Toxapex|Toxapex, L50, F|100/100\n|switch|p1a: Primarina|Primarina, L50, M|100/100\n|\n|upkeep\n|turn|8\n|\n|t:|1776210500\n|switch|p1a: Kingambit|Kingambit, L50, M|100/100\n|move|p2a: Toxapex|Infestation|p1a: Kingambit\n|-damage|p1a: Kingambit|97/100\n|-activate|p1a: Kingambit|move: Infestation|[of] p2a: Toxapex\n|\n|-damage|p1a: Kingambit|85/100|[from] move: Infestation|[partiallytrapped]\n|upkeep\n|turn|9\n|\n|t:|1776210506\n|move|p1a: Kingambit|Kowtow Cleave|p2a: Toxapex\n|-damage|p2a: Toxapex|58/100\n|move|p2a: Toxapex|Haze|p2a: Toxapex\n|-clearallboost\n|\n|-damage|p1a: Kingambit|72/100|[from] move: Infestation|[partiallytrapped]\n|upkeep\n|turn|10\n|\n|t:|1776210510\n|move|p1a: Kingambit|Swords Dance|p1a: Kingambit\n|-boost|p1a: Kingambit|atk|2\n|move|p2a: Toxapex|Recover|p2a: Toxapex\n|-heal|p2a: Toxapex|100/100\n|\n|-damage|p1a: Kingambit|60/100|[from] move: Infestation|[partiallytrapped]\n|upkeep\n|turn|11\n|\n|t:|1776210520\n|move|p1a: Kingambit|Kowtow Cleave|p2a: Toxapex\n|-damage|p2a: Toxapex|15/100\n|-enditem|p2a: Toxapex|Sitrus Berry|[eat]\n|-heal|p2a: Toxapex|39/100|[from] item: Sitrus Berry\n|move|p2a: Toxapex|Haze|p2a: Toxapex\n|-clearallboost\n|\n|-damage|p1a: Kingambit|47/100|[from] move: Infestation|[partiallytrapped]\n|upkeep\n|turn|12\n|\n|t:|1776210526\n|switch|p2a: Corviknight|Corviknight, L50, F|100/100\n|move|p1a: Kingambit|Kowtow Cleave|p2a: Corviknight\n|-damage|p2a: Corviknight|64/100\n|\n|-heal|p2a: Corviknight|70/100|[from] item: Leftovers\n|-end|p1a: Kingambit|Infestation|[partiallytrapped]\n|upkeep\n|turn|13\n|\n|t:|1776210537\n|move|p1a: Kingambit|Kowtow Cleave|p2a: Corviknight\n|-damage|p2a: Corviknight|31/100\n|move|p2a: Corviknight|Body Press|p1a: Kingambit\n|-supereffective|p1a: Kingambit|2\n|-crit|p1a: Kingambit\n|-damage|p1a: Kingambit|0 fnt\n|faint|p1a: Kingambit\n|\n|-heal|p2a: Corviknight|37/100|[from] item: Leftovers\n|upkeep\n|\n|t:|1776210542\n|switch|p1a: Gardevoir|Gardevoir-Mega, L50, M|73/100\n|turn|14\n|\n|t:|1776210549\n|move|p1a: Gardevoir|Calm Mind|p1a: Gardevoir\n|-boost|p1a: Gardevoir|spa|1\n|-boost|p1a: Gardevoir|spd|1\n|move|p2a: Corviknight|Roost|p2a: Corviknight\n|-heal|p2a: Corviknight|87/100\n|-singleturn|p2a: Corviknight|move: Roost\n|\n|-heal|p2a: Corviknight|93/100|[from] item: Leftovers\n|upkeep\n|turn|15\n|\n|t:|1776210552\n|move|p1a: Gardevoir|Hyper Voice|p2a: Corviknight\n|-resisted|p2a: Corviknight|1\n|-crit|p2a: Corviknight\n|-damage|p2a: Corviknight|30/100\n|move|p2a: Corviknight|U-turn|p1a: Gardevoir\n|-damage|p1a: Gardevoir|53/100\n|\n|t:|1776210560\n|switch|p2a: Delphox|Delphox-Mega, L50, M|100/100|[from] U-turn\n|\n|upkeep\n|turn|16\n|\n|t:|1776210564\n|move|p2a: Delphox|Flamethrower|p1a: Gardevoir\n|-damage|p1a: Gardevoir|24/100\n|-status|p1a: Gardevoir|brn\n|move|p1a: Gardevoir|Hyper Voice|p2a: Delphox\n|-resisted|p2a: Delphox|1\n|-damage|p2a: Delphox|49/100\n|\n|-damage|p1a: Gardevoir|18/100 brn|[from] brn\n|upkeep\n|turn|17\n|\n|t:|1776210571\n|move|p2a: Delphox|Flamethrower|p1a: Gardevoir\n|-damage|p1a: Gardevoir|0 fnt\n|faint|p1a: Gardevoir\n|\n|upkeep\n|\n|t:|1776210573\n|switch|p1a: Primarina|Primarina, L50, M|100/100\n|turn|18\n|\n|t:|1776210577\n|move|p2a: Delphox|Psychic|p1a: Primarina\n|-damage|p1a: Primarina|57/100\n|move|p1a: Primarina|Calm Mind|p1a: Primarina\n|-boost|p1a: Primarina|spa|1\n|-boost|p1a: Primarina|spd|1\n|\n|upkeep\n|turn|19\n|\n|t:|1776210581\n|move|p2a: Delphox|Encore|p1a: Primarina\n|-start|p1a: Primarina|Encore\n|move|p1a: Primarina|Calm Mind|p1a: Primarina\n|-boost|p1a: Primarina|spa|1\n|-boost|p1a: Primarina|spd|1\n|\n|upkeep\n|turn|20\n|-message|nuko1234 forfeited.\n|\n|win|ichi1111\n|raw|nuko1234's rating: 1434 &rarr; <strong>1406</strong><br />(-28 for losing)\n|raw|ichi1111's rating: 1287 &rarr; <strong>1322</strong><br />(+35 for winning)\n|l|\u2606nuko1234\n|player|p1|\n|l|\u2606ichi1111\n|player|p2|\n",
  "uploadtime": 1776210700,
  "views": 2,
  "formatid": "gen9championsbssregma",
  "rating": 1322,
  "private": 0,
  "password": null
}