{
  "id": "gen9championsbssregma-2582095970",
  "format": "[Gen 9 Champions] BSS Reg M-A",
  "players": [
    "dr_poopie64",
    "Phadtai"
  ],
  "log": "|j|\u2606dr_poopie64\n|j|\u2606Phadtai\n|t:|1776057335\n|gametype|singles\n|player|p1|dr_poopie64|drayden|1217\n|player|p2|Phadtai|sage|1105\n|gen|9\n|tier|[Gen 9 Champions] BSS Reg M-A\n|rated|\n|rule|Species Clause: Limit one of each Pok\u00e9mon\n|rule|Item Clause: Limit 1 of each item\n|clearpoke\n|poke|p1|Chandelure, L50, M|\n|poke|p1|Toucannon, L50, M|\n|poke|p1|Hippowdon, L50, F|\n|poke|p1|Primarina, L50, F|\n|poke|p1|Sneasler, L50, F|\n|poke|p1|Hydreigon, L50, F|\n|poke|p2|Garchomp, L50, F|\n|poke|p2|Scizor, L50, M|\n|poke|p2|Charizard, L50, M|\n|poke|p2|Goodra, L50, F|\n|poke|p2|Gengar, L50, F|\n|poke|p2|Sneasler, L50, M|\n|teampreview|3\n|j| p74\n|inactive|Battle timer is ON: inactive players will automatically lose when time's up. (requested by dr_poopie64)\n|inactive|dr_poopie64 has 60 seconds left.\n|\n|t:|1776057392\n|teamsize|p1|3\n|teamsize|p2|3\n|start\n|switch|p1a: Hippowdon|Hippowdon, L50, F|100/100\n|switch|p2a: Charizard|Charizard, L50, M|100/100\n|-weather|Sandstorm|[from] ability: Sand Stream|[of] p1a: Hippowdon\n|turn|1\n|\n|t:|1776057399\n|switch|p1a: Hydreigon|Hydreigon, L50, F|100/100\n|detailschange|p2a: Charizard|Charizard-Mega-Y, L50, M\n|-mega|p2a: Charizard|Charizard|Charizardite Y\n|-weather|SunnyDay|[from] ability: Drought|[of] p2a: Charizard\n|move|p2a: Charizard|Solar Beam||[still]\n|-prepare|p2a: Charizard|Solar Beam\n|-anim|p2a: Charizard|Solar Beam|p1a: Hydreigon\n|-resisted|p1a: Hydreigon|1\n|-damage|p1a: Hydreigon|68/100\n|\n|-weather|SunnyDay|[upkeep]\n|upkeep\n|turn|2\n|\n|t:|1776057410\n|move|p1a: Hydreigon|Draco Meteor|p2a: Charizard\n|-damage|p2a: Charizard|29/100\n|-unboost|p1a: Hydreigon|spa|2\n|move|p2a: Charizard|Air Slash|p1a: Hydreigon\n|-damage|p1a: Hydreigon|4/100\n|\n|-weather|SunnyDay|[upkeep]\n|upkeep\n|turn|3\n|\n|t:|1776057418\n|move|p1a: Hydreigon|Draco Meteor|p2a: Charizard\n|-damage|p2a: Charizard|0 fnt\n|-unboost|p1a: Hydreigon|spa|2\n|faint|p2a: Charizard\n|\n|-weather|SunnyDay|[upkeep]\n|upkeep\n|\n|t:|1776057437\n|switch|p2a: Goodra|Goodra, L50, F|100/100\n|turn|4\n|\n|t:|1776057442\n|switch|p1a: Primarina|Primarina, L50, F|100/100\n|move|p2a: Goodra|Ice Beam|p1a: Primarina\n|-resisted|p1a: Primarina|1\n|-damage|p1a: Primarina|91/100\n|\n|-weather|SunnyDay|[upkeep]\n|upkeep\n|turn|5\n|\n|t:|1776057451\n|move|p2a: Goodra|Sludge Bomb|p1a: Primarina\n|-supereffective|p1a: Primarina|1\n|-damage|p1a: Primarina|55/100\n|-status|p1a: Primarina|psn\n|move|p1a: Primarina|Moonblast|p2a: Goodra\n|-supereffective|p2a: Goodra|1\n|-damage|p2a: Goodra|37/100\n|\n|-weather|none\n|-heal|p2a: Goodra|43/100|[from] item: Leftovers\n|-damage|p1a: Primarina|42/100 psn|[from] psn\n|upkeep\n|-enditem|p1a: Primarina|Sitrus Berry|[eat]\n|-heal|p1a: Primarina|67/100 psn|[from] item: Sitrus Berry\n|turn|6\n|\n|t:|1776057464\n|move|p2a: Goodra|Sludge Bomb|p1a: Primarina\n|-supereffective|p1a: Primarina|1\n|-damage|p1a: Primarina|27/100 psn\n|move|p1a: Primarina|Moonblast|p2a: Goodra\n|-supereffective|p2a: Goodra|1\n|-damage|p2a: Goodra|0 fnt\n|faint|p2a: Goodra\n|\n|-damage|p1a: Primarina|15/100 psn|[from] psn\n|upkeep\n|\n|t:|1776057472\n|switch|p2a: Garchomp|Garchomp, L50, F|100/100\n|turn|7\n|\n|t:|1776057479\n|move|p2a: Garchomp|Earthquake|p1a: Primarina\n|-damage|p1a: Primarina|0 fnt\n|faint|p1a: Primarina\n|\n|upkeep\n|\n|t:|1776057482\n|switch|p1a: Hydreigon|Hydreigon, L50, F|4/100\n|turn|8\n|\n|t:|1776057486\n|move|p1a: Hydreigon|Draco Meteor|p2a: Garchomp|[miss]\n|-miss|p1a: Hydreigon|p2a: Garchomp\n|move|p2a: Garchomp|Outrage|p1a: Hydreigon\n|-supereffective|p1a: Hydreigon|1\n|-damage|p1a: Hydreigon|0 fnt\n|faint|p1a: Hydreigon\n|\n|upkeep\n|\n|t:|1776057488\n|switch|p1a: Hippowdon|Hippowdon, L50, F|100/100\n|-weather|Sandstorm|[from] ability: Sand Stream|[of] p1a: Hippowdon\n|turn|9\n|\n|t:|1776057497\n|move|p2a: Garchomp|Outrage|p1a: Hippowdon|[from] lockedmove\n|-damage|p1a: Hippowdon|67/100\n|move|p1a: Hippowdon|Yawn|p2a: Garchomp\n|-start|p2a: Garchomp|move: Yawn|[of] p1a: Hippowdon\n|\n|-weather|Sandstorm|[upkeep]\n|-heal|p1a: Hippowdon|73/100|[from] item: Leftovers\n|upkeep\n|turn|10\n|\n|t:|1776057505\n|move|p2a: Garchomp|Outrage|p1a: Hippowdon|[from] lockedmove\n|-damage|p1a: Hippowdon|39/100\n|-start|p2a: Garchomp|confusion|[fatigue]\n|move|p1a: Hippowdon|Earthquake|p2a: Garchomp\n|-damage|p2a: Garchomp|58/100\n|\n|-weather|Sandstorm|[upkeep]\n|-heal|p1a: Hippowdon|45/100|[from] item: Leftovers\n|-end|p2a: Garchomp|move: Yawn|[silent]\n|-status|p2a: Garchomp|slp\n|upkeep\n|turn|11\n|\n|t:|1776057518\n|cant|p2a: Garchomp|slp\n|move|p1a: Hippowdon|Earthquake|p2a: Garchomp\n|-damage|p2a: Garchomp|21/100 slp\n|\n|-weather|Sandstorm|[upkeep]\n|-heal|p1a: Hippowdon|51/100|[from] item: Leftovers\n|upkeep\n|turn|12\n|\n|t:|1776057524\n|-curestatus|p2a: Garchomp|slp|[msg]\n|-activate|p2a: Garchomp|confusion\n|move|p2a: Garchomp|Earthquake|p1a: Hippowdon\n|-damage|p1a: Hippowdon|25/100\n|move|p1a: Hippowdon|Earthquake|p2a: Garchomp|[miss]\n|-miss|p1a: Hippowdon|p2a: Garchomp\n|\n|-weather|Sandstorm|[upkeep]\n|-heal|p1a: Hippowdon|31/100|[from] item: Leftovers\n|upkeep\n|turn|13\n|l| p74\n|\n|t:|1776057534\n|-end|p2a: Garchomp|confusion\n|move|p2a: Garchomp|Earthquake|p1a: Hippowdon\n|-damage|p1a: Hippowdon|1/100\n|move|p1a: Hippowdon|Earthquake|p2a: Garchomp|[miss]\n|-miss|p1a: Hippowdon|p2a: Garchomp\n|\n|-weather|none\n|-heal|p1a: Hippowdon|7/100|[from] item: Leftovers\n|upkeep\n|turn|14\n|c|\u2606dr_poopie64|fuuuuuuuck you\n|n|\u203ddr_poopie64|drpoopie64\n|c|~|/log dr_poopie64 was locked from talking by Artemis. (\u2606dr_poopie64: fuuuuuuuck you)\n|c|~|/raw <small>This action was done automatically. Want to learn more about the AI? <a href=\"https://www.smogon.com/forums/threads/3570628/#post-9056769\">Visit the information thread</a>.</small>\n|-message|dr_poopie64 forfeited.\n|\n|win|Phadtai\n",
  "uploadtime": 1776057547,
  "views": 5,
  "formatid": "gen9championsbssregma",
  "rating": null,
  "private": 0,
  "password": null
}