{
  "id": "gen9championsbssregma-2582850607",
  "format": "[Gen 9 Champions] BSS Reg M-A",
  "players": [
    "Cp mokoo",
    "zakokr"
  ],
  "log": "|j|\u203dCp mokoo\n|j|\u2606zakokr\n|t:|1776119036\n|gametype|singles\n|player|p1|Cp mokoo|169|1347\n|player|p2|zakokr|silver|1263\n|gen|9\n|tier|[Gen 9 Champions] BSS Reg M-A\n|rated|\n|rule|Species Clause: Limit one of each Pok\u00e9mon\n|rule|Item Clause: Limit 1 of each item\n|clearpoke\n|poke|p1|Starmie, L50|\n|poke|p1|Floette-Eternal, L50, F|\n|poke|p1|Tyranitar, L50, F|\n|poke|p1|Corviknight, L50, M|\n|poke|p1|Rotom-Heat, L50|\n|poke|p1|Lucario, L50, M|\n|poke|p2|Floette-Eternal, L50, F|\n|poke|p2|Delphox, L50, M|\n|poke|p2|Archaludon, L50, M|\n|poke|p2|Hydreigon, L50, M|\n|poke|p2|Primarina, L50, M|\n|poke|p2|Garchomp, L50, M|\n|teampreview|3\n|inactive|Battle timer is ON: inactive players will automatically lose when time's up. (requested by Cp mokoo)\n|inactive|zakokr has 60 seconds left.\n|j| RevenantBDSP\n|inactive|zakokr has 30 seconds left.\n|\n|t:|1776119105\n|teamsize|p1|3\n|teamsize|p2|3\n|start\n|switch|p1a: Starmie|Starmie, L50|100/100\n|switch|p2a: Hydreigon|Hydreigon, L50, M|100/100\n|turn|1\n|\n|t:|1776119115\n|switch|p1a: Floette|Floette-Eternal, L50, F|100/100\n|move|p2a: Hydreigon|Thunder Wave|p1a: Floette\n|-status|p1a: Floette|par\n|\n|upkeep\n|turn|2\n|\n|t:|1776119124\n|move|p2a: Hydreigon|Taunt|p1a: Floette\n|-start|p1a: Floette|move: Taunt\n|cant|p1a: Floette|par\n|\n|upkeep\n|turn|3\n|\n|t:|1776119131\n|move|p2a: Hydreigon|Stealth Rock|p1a: Floette\n|-sidestart|p1: Cp mokoo|move: Stealth Rock\n|move|p1a: Floette|Moonblast|p2a: Hydreigon\n|-supereffective|p2a: Hydreigon|2\n|-enditem|p2a: Hydreigon|Focus Sash\n|-damage|p2a: Hydreigon|1/100\n|-unboost|p2a: Hydreigon|spa|1\n|\n|upkeep\n|turn|4\n|\n|t:|1776119141\n|move|p2a: Hydreigon|Dark Pulse|p1a: Floette\n|-resisted|p1a: Floette|1\n|-crit|p1a: Floette\n|-damage|p1a: Floette|72/100 par\n|move|p1a: Floette|Moonblast|p2a: Hydreigon\n|-supereffective|p2a: Hydreigon|2\n|-damage|p2a: Hydreigon|0 fnt\n|faint|p2a: Hydreigon\n|\n|-end|p1a: Floette|move: Taunt\n|upkeep\n|\n|t:|1776119154\n|switch|p2a: Floette|Floette-Eternal, L50, F|100/100\n|turn|5\n|\n|t:|1776119160\n|detailschange|p2a: Floette|Floette-Mega, L50, F\n|-mega|p2a: Floette|Floette|Floettite\n|-ability|p2a: Floette|Fairy Aura\n|move|p2a: Floette|Moonblast|p1a: Floette\n|-damage|p1a: Floette|0 fnt\n|faint|p1a: Floette\n|\n|upkeep\n|\n|t:|1776119168\n|switch|p1a: Starmie|Starmie, L50|100/100\n|-damage|p1a: Starmie|88/100|[from] Stealth Rock\n|turn|6\n|inactive|zakokr has 30 seconds left.\n|\n|t:|1776119195\n|switch|p2a: Garchomp|Garchomp, L50, M|100/100\n|detailschange|p1a: Starmie|Starmie-Mega, L50\n|-mega|p1a: Starmie|Starmie|Starminite\n|move|p1a: Starmie|Liquidation|p2a: Garchomp\n|-damage|p2a: Garchomp|17/100\n|-damage|p1a: Starmie|76/100|[from] ability: Rough Skin|[of] p2a: Garchomp\n|\n|upkeep\n|turn|7\n|\n|t:|1776119206\n|move|p1a: Starmie|Aqua Jet|p2a: Garchomp\n|-damage|p2a: Garchomp|0 fnt\n|-damage|p1a: Starmie|63/100|[from] ability: Rough Skin|[of] p2a: Garchomp\n|faint|p2a: Garchomp\n|\n|upkeep\n|\n|t:|1776119212\n|switch|p2a: Floette|Floette-Mega, L50, F|100/100\n|-ability|p2a: Floette|Fairy Aura\n|turn|8\n|\n|t:|1776119218\n|move|p1a: Starmie|Liquidation|p2a: Floette\n|-damage|p2a: Floette|0 fnt\n|faint|p2a: Floette\n|\n|win|Cp mokoo\n|raw|Cp mokoo's rating: 1347 &rarr; <strong>1362</strong><br />(+15 for winning)\n|raw|zakokr's rating: 1263 &rarr; <strong>1244</strong><br />(-19 for losing)\n|l|\u2606zakokr\n|player|p2|\n|l|\u203dCp mokoo\n|player|p1|\n",
  "uploadtime": 1776119244,
  "views": 12,
  "formatid": "gen9championsbssregma",
  "rating": 1244,
  "private": 0,
  "password": null
}