{
  "id": "gen9championsbssregma-2582394289",
  "format": "[Gen 9 Champions] BSS Reg M-A",
  "players": [
    "AcademicWorkHorsew",
    "gshs5"
  ],
  "log": "|j|\u2606AcademicWorkHorsew\n|j|\u2606gshs5\n|t:|1776088775\n|gametype|singles\n|player|p1|AcademicWorkHorsew|juan|1120\n|player|p2|gshs5|266|1035\n|gen|9\n|tier|[Gen 9 Champions] BSS Reg M-A\n|rated|\n|rule|Species Clause: Limit one of each Pok\u00e9mon\n|rule|Item Clause: Limit 1 of each item\n|clearpoke\n|poke|p1|Rotom-Heat, L50|\n|poke|p1|Gengar, L50, M|\n|poke|p1|Garchomp, L50, F|\n|poke|p1|Hydreigon, L50, M|\n|poke|p1|Gyarados, L50, M|\n|poke|p1|Corviknight, L50, F|\n|poke|p2|Absol, L50, F|\n|poke|p2|Gyarados, L50, M|\n|poke|p2|Garchomp, L50, F|\n|poke|p2|Zoroark-Hisui, L50, M|\n|poke|p2|Empoleon, L50, M|\n|poke|p2|Gardevoir, L50, F|\n|teampreview|3\n|inactive|Battle timer is ON: inactive players will automatically lose when time's up. (requested by AcademicWorkHorsew)\n|\n|t:|1776088802\n|teamsize|p1|3\n|teamsize|p2|3\n|start\n|switch|p1a: Rotom|Rotom-Heat, L50|100/100\n|switch|p2a: Absol|Absol, L50, F|100/100\n|-ability|p2a: Absol|Pressure\n|turn|1\n|\n|t:|1776088815\n|detailschange|p2a: Absol|Absol-Mega, L50, F\n|-mega|p2a: Absol|Absol|Absolite\n|move|p2a: Absol|Knock Off|p1a: Rotom\n|-damage|p1a: Rotom|54/100\n|-enditem|p1a: Rotom|Sitrus Berry|[from] move: Knock Off|[of] p2a: Absol\n|move|p1a: Rotom|Will-O-Wisp|p2a: Absol\n|move|p2a: Absol|Will-O-Wisp|p1a: Rotom|[from] ability: Magic Bounce\n|-immune|p1a: Rotom\n|\n|upkeep\n|turn|2\n|\n|t:|1776088825\n|move|p2a: Absol|Stone Edge|p1a: Rotom\n|-supereffective|p1a: Rotom|1\n|-damage|p1a: Rotom|0 fnt\n|faint|p1a: Rotom\n|\n|upkeep\n|\n|t:|1776088832\n|switch|p1a: Garchomp|Garchomp, L50, F|100/100\n|turn|3\n|\n|t:|1776088839\n|move|p2a: Absol|Will-O-Wisp|p1a: Garchomp\n|-status|p1a: Garchomp|brn\n|-enditem|p1a: Garchomp|Lum Berry|[eat]\n|-curestatus|p1a: Garchomp|brn|[msg]\n|move|p1a: Garchomp|Earthquake|p2a: Absol\n|-damage|p2a: Absol|0 fnt\n|faint|p2a: Absol\n|\n|upkeep\n|\n|t:|1776088848\n|switch|p2a: Gardevoir|Gardevoir, L50, F|100/100\n|-ability|p2a: Gardevoir|Rough Skin|Trace|[from] ability: Trace|[of] p1a: Garchomp\n|turn|4\n|\n|t:|1776088858\n|move|p2a: Gardevoir|Moonblast|p1a: Garchomp\n|-supereffective|p1a: Garchomp|1\n|-damage|p1a: Garchomp|21/100\n|move|p1a: Garchomp|Earthquake|p2a: Gardevoir\n|-damage|p2a: Gardevoir|10/100\n|\n|upkeep\n|turn|5\n|\n|t:|1776088867\n|move|p2a: Gardevoir|Moonblast|p1a: Garchomp\n|-supereffective|p1a: Garchomp|1\n|-damage|p1a: Garchomp|0 fnt\n|faint|p1a: Garchomp\n|\n|upkeep\n|\n|t:|1776088869\n|switch|p1a: Gengar|Gengar, L50, M|100/100\n|turn|6\n|\n|t:|1776088878\n|detailschange|p1a: Gengar|Gengar-Mega, L50, M\n|-mega|p1a: Gengar|Gengar|Gengarite\n|move|p2a: Gardevoir|Moonblast|p1a: Gengar\n|-resisted|p1a: Gengar|1\n|-damage|p1a: Gengar|74/100\n|move|p1a: Gengar|Sludge Wave|p2a: Gardevoir\n|-supereffective|p2a: Gardevoir|1\n|-damage|p2a: Gardevoir|0 fnt\n|faint|p2a: Gardevoir\n|\n|upkeep\n|\n|t:|1776088884\n|switch|p2a: Zoroark|Zoroark-Hisui, L50, M|100/100\n|turn|7\n|\n|t:|1776088892\n|move|p1a: Gengar|Sludge Wave|p2a: Zoroark\n|-resisted|p2a: Zoroark|1\n|-damage|p2a: Zoroark|43/100\n|move|p2a: Zoroark|Bitter Malice|p1a: Gengar\n|-supereffective|p1a: Gengar|1\n|-damage|p1a: Gengar|0 fnt\n|faint|p1a: Gengar\n|\n|win|gshs5\n|raw|AcademicWorkHorsew's rating: 1120 &rarr; <strong>1089</strong><br />(-31 for losing)\n|raw|gshs5's rating: 1035 &rarr; <strong>1078</strong><br />(+43 for winning)\n",
  "uploadtime": 1776088895,
  "views": 3,
  "formatid": "gen9championsbssregma",
  "rating": 1078,
  "private": 0,
  "password": null
}