{
  "id": "gen9championsbssregma-2587984990",
  "format": "[Gen 9 Champions] BSS Reg M-A",
  "players": [
    "unica11",
    "jaxsha"
  ],
  "log": "|j|\u2606unica11\n|j|\u2606jaxsha\n|t:|1776588809\n|gametype|singles\n|player|p1|unica11|lucas|1098\n|player|p2|jaxsha|1|1140\n|gen|9\n|tier|[Gen 9 Champions] BSS Reg M-A\n|rated|\n|rule|Species Clause: Limit one of each Pok\u00e9mon\n|rule|Item Clause: Limit 1 of each item\n|clearpoke\n|poke|p1|Lopunny, L50, M|\n|poke|p1|Delphox, L50, M|\n|poke|p1|Dragapult, L50, M|\n|poke|p1|Primarina, L50, M|\n|poke|p1|Excadrill, L50, F|\n|poke|p1|Archaludon, L50, F|\n|poke|p2|Meowscarada, L50, M|\n|poke|p2|Scizor, L50, M|\n|poke|p2|Rotom-Wash, L50|\n|poke|p2|Charizard, L50, M|\n|poke|p2|Primarina, L50, F|\n|poke|p2|Garchomp, L50, F|\n|teampreview|3\n|\n|t:|1776588841\n|teamsize|p1|3\n|teamsize|p2|3\n|start\n|switch|p1a: Archaludon|Archaludon, L50, F|100/100\n|switch|p2a: Charizard|Charizard, L50, M|100/100\n|turn|1\n|inactive|Battle timer is ON: inactive players will automatically lose when time's up. (requested by unica11)\n|\n|t:|1776588857\n|detailschange|p2a: Charizard|Charizard-Mega-Y, L50, M\n|-mega|p2a: Charizard|Charizard|Charizardite Y\n|-weather|SunnyDay|[from] ability: Drought|[of] p2a: Charizard\n|move|p2a: Charizard|Flame Charge|p1a: Archaludon\n|-damage|p1a: Archaludon|78/100\n|-boost|p2a: Charizard|spe|1\n|-ability|p1a: Archaludon|Stamina|boost\n|-boost|p1a: Archaludon|def|1\n|move|p1a: Archaludon|Stealth Rock|p2a: Charizard\n|-sidestart|p2: jaxsha|move: Stealth Rock\n|\n|-weather|SunnyDay|[upkeep]\n|upkeep\n|turn|2\n|\n|t:|1776588869\n|move|p2a: Charizard|Weather Ball|p1a: Archaludon\n|-damage|p1a: Archaludon|0 fnt\n|faint|p1a: Archaludon\n|\n|-weather|SunnyDay|[upkeep]\n|upkeep\n|\n|t:|1776588879\n|switch|p1a: Dragapult|Dragapult, L50, M|100/100\n|turn|3\n|\n|t:|1776588891\n|move|p1a: Dragapult|Sucker Punch|p2a: Charizard\n|-damage|p2a: Charizard|63/100\n|move|p2a: Charizard|Overheat|p1a: Dragapult\n|-resisted|p1a: Dragapult|1\n|-damage|p1a: Dragapult|14/100\n|-unboost|p2a: Charizard|spa|2\n|\n|-weather|SunnyDay|[upkeep]\n|upkeep\n|turn|4\n|\n|t:|1776588911\n|move|p1a: Dragapult|Sucker Punch|p2a: Charizard\n|-damage|p2a: Charizard|26/100\n|move|p2a: Charizard|Weather Ball|p1a: Dragapult\n|-resisted|p1a: Dragapult|1\n|-damage|p1a: Dragapult|0 fnt\n|faint|p1a: Dragapult\n|\n|-weather|SunnyDay|[upkeep]\n|upkeep\n|\n|t:|1776588921\n|switch|p1a: Delphox|Delphox, L50, M|100/100\n|turn|5\n|\n|t:|1776588928\n|detailschange|p1a: Delphox|Delphox-Mega, L50, M\n|-mega|p1a: Delphox|Delphox|Delphoxite\n|move|p2a: Charizard|Overheat|p1a: Delphox\n|-resisted|p1a: Delphox|1\n|-damage|p1a: Delphox|74/100\n|-unboost|p2a: Charizard|spa|2\n|move|p1a: Delphox|Dazzling Gleam|p2a: Charizard\n|-resisted|p2a: Charizard|1\n|-damage|p2a: Charizard|8/100\n|\n|-weather|none\n|upkeep\n|turn|6\n|\n|t:|1776588939\n|move|p2a: Charizard|Flame Charge|p1a: Delphox\n|-resisted|p1a: Delphox|1\n|-damage|p1a: Delphox|61/100\n|-boost|p2a: Charizard|spe|1\n|move|p1a: Delphox|Psychic|p2a: Charizard\n|-damage|p2a: Charizard|0 fnt\n|faint|p2a: Charizard\n|\n|upkeep\n|\n|t:|1776588948\n|switch|p2a: Rotom|Rotom-Wash, L50|100/100\n|-damage|p2a: Rotom|89/100|[from] Stealth Rock\n|turn|7\n|\n|t:|1776588954\n|move|p2a: Rotom|Hydro Pump|p1a: Delphox\n|-supereffective|p1a: Delphox|1\n|-damage|p1a: Delphox|0 fnt\n|faint|p1a: Delphox\n|\n|win|jaxsha\n|raw|unica11's rating: 1098 &rarr; <strong>1076</strong><br />(-22 for losing)\n|raw|jaxsha's rating: 1140 &rarr; <strong>1162</strong><br />(+22 for winning)\n",
  "uploadtime": 1776588960,
  "views": 13,
  "formatid": "gen9championsbssregma",
  "rating": 1076,
  "private": 0,
  "password": null
}