{
  "id": "gen9championsbssregma-2582352056",
  "format": "[Gen 9 Champions] BSS Reg M-A",
  "players": [
    "Diego 210452",
    "kaiwatersleeping"
  ],
  "log": "|j|\u2606Diego 210452\n|j|\u2606kaiwatersleeping\n|t:|1776085694\n|gametype|singles\n|player|p1|Diego 210452|hilda|1144\n|player|p2|kaiwatersleeping|marnie|1118\n|gen|9\n|tier|[Gen 9 Champions] BSS Reg M-A\n|rated|\n|rule|Species Clause: Limit one of each Pok\u00e9mon\n|rule|Item Clause: Limit 1 of each item\n|clearpoke\n|poke|p1|Archaludon, L50, M|\n|poke|p1|Clefable, L50, F|\n|poke|p1|Espathra, L50, M|\n|poke|p1|Gengar, L50, F|\n|poke|p1|Volcarona, L50, F|\n|poke|p1|Palafin, L50, F|\n|poke|p2|Floette-Eternal, L50, F|\n|poke|p2|Incineroar, L50, M|\n|poke|p2|Arcanine-Hisui, L50, F|\n|poke|p2|Hawlucha, L50, M|\n|poke|p2|Starmie, L50|\n|poke|p2|Espathra, L50, M|\n|teampreview|3\n|inactive|Battle timer is ON: inactive players will automatically lose when time's up. (requested by kaiwatersleeping)\n|inactive|Diego 210452 has 60 seconds left.\n|\n|t:|1776085732\n|teamsize|p1|3\n|teamsize|p2|3\n|start\n|switch|p1a: Palafin|Palafin, L50, F|100/100\n|switch|p2a: Espathra|Espathra, L50, M|100/100\n|turn|1\n|\n|t:|1776085744\n|move|p1a: Palafin|Flip Turn|p2a: Espathra\n|-damage|p2a: Espathra|76/100\n|\n|t:|1776085747\n|detailschange|p1a: Palafin|Palafin-Hero, L50, F\n|switch|p1a: Archaludon|Archaludon, L50, M|100/100|[from] Flip Turn\n|move|p2a: Espathra|Calm Mind|p2a: Espathra\n|-boost|p2a: Espathra|spa|1\n|-boost|p2a: Espathra|spd|1\n|\n|-ability|p2a: Espathra|Speed Boost|boost\n|-boost|p2a: Espathra|spe|1\n|upkeep\n|turn|2\n|\n|t:|1776085758\n|move|p2a: Espathra|Protect|p2a: Espathra\n|-singleturn|p2a: Espathra|Protect\n|move|p1a: Archaludon|Stealth Rock|p2a: Espathra\n|-sidestart|p2: kaiwatersleeping|move: Stealth Rock\n|\n|-ability|p2a: Espathra|Speed Boost|boost\n|-boost|p2a: Espathra|spe|1\n|upkeep\n|turn|3\n|\n|t:|1776085772\n|move|p2a: Espathra|Baton Pass|p2a: Espathra\n|\n|t:|1776085774\n|switch|p2a: Floette|Floette-Eternal, L50, F|100/100|[from] Baton Pass\n|-damage|p2a: Floette|88/100|[from] Stealth Rock\n|move|p1a: Archaludon|Flash Cannon|p2a: Floette\n|-supereffective|p2a: Floette|1\n|-damage|p2a: Floette|39/100\n|\n|upkeep\n|turn|4\n|\n|t:|1776085783\n|detailschange|p2a: Floette|Floette-Mega, L50, F\n|-mega|p2a: Floette|Floette|Floettite\n|-ability|p2a: Floette|Fairy Aura\n|move|p2a: Floette|Draining Kiss|p1a: Archaludon\n|-damage|p1a: Archaludon|4/100\n|-heal|p2a: Floette|100/100|[from] drain|[of] p1a: Archaludon\n|move|p1a: Archaludon|Flash Cannon|p2a: Floette\n|-supereffective|p2a: Floette|1\n|-damage|p2a: Floette|60/100\n|\n|upkeep\n|turn|5\n|\n|t:|1776085795\n|move|p2a: Floette|Draining Kiss|p1a: Archaludon\n|-damage|p1a: Archaludon|0 fnt\n|-heal|p2a: Floette|62/100|[from] drain|[of] p1a: Archaludon\n|faint|p1a: Archaludon\n|\n|upkeep\n|\n|t:|1776085805\n|switch|p1a: Volcarona|Volcarona, L50, F|100/100\n|turn|6\n|\n|t:|1776085821\n|move|p2a: Floette|Stored Power|p1a: Volcarona\n|-damage|p1a: Volcarona|40/100\n|move|p1a: Volcarona|Quiver Dance|p1a: Volcarona\n|-boost|p1a: Volcarona|spa|1\n|-boost|p1a: Volcarona|spd|1\n|-boost|p1a: Volcarona|spe|1\n|\n|-heal|p1a: Volcarona|46/100|[from] item: Leftovers\n|upkeep\n|turn|7\n|\n|t:|1776085832\n|move|p2a: Floette|Stored Power|p1a: Volcarona\n|-damage|p1a: Volcarona|9/100\n|move|p1a: Volcarona|Fiery Dance|p2a: Floette\n|-damage|p2a: Floette|34/100\n|\n|-heal|p1a: Volcarona|15/100|[from] item: Leftovers\n|upkeep\n|turn|8\n|\n|t:|1776085841\n|move|p2a: Floette|Stored Power|p1a: Volcarona\n|-damage|p1a: Volcarona|0 fnt\n|faint|p1a: Volcarona\n|\n|upkeep\n|\n|t:|1776085846\n|switch|p1a: Palafin|Palafin-Hero, L50, F|100/100\n|-activate|p1a: Palafin|ability: Zero to Hero\n|turn|9\n|\n|t:|1776085854\n|move|p1a: Palafin|Jet Punch|p2a: Floette\n|-damage|p2a: Floette|0 fnt\n|faint|p2a: Floette\n|\n|upkeep\n|\n|t:|1776085860\n|switch|p2a: Starmie|Starmie, L50|100/100\n|-damage|p2a: Starmie|89/100|[from] Stealth Rock\n|turn|10\n|\n|t:|1776085873\n|move|p2a: Starmie|Minimize|p2a: Starmie\n|-boost|p2a: Starmie|evasion|2\n|move|p1a: Palafin|Wave Crash|p2a: Starmie|[miss]\n|-miss|p1a: Palafin|p2a: Starmie\n|\n|upkeep\n|turn|11\n|\n|t:|1776085880\n|move|p2a: Starmie|Substitute|p2a: Starmie\n|-start|p2a: Starmie|Substitute\n|-damage|p2a: Starmie|64/100\n|move|p1a: Palafin|Wave Crash|p2a: Starmie|[miss]\n|-miss|p1a: Palafin|p2a: Starmie\n|\n|upkeep\n|turn|12\n|\n|t:|1776085887\n|move|p2a: Starmie|Minimize|p2a: Starmie\n|-boost|p2a: Starmie|evasion|2\n|move|p1a: Palafin|Wave Crash|p2a: Starmie|[miss]\n|-miss|p1a: Palafin|p2a: Starmie\n|\n|upkeep\n|turn|13\n|\n|t:|1776085894\n|move|p2a: Starmie|Minimize|p2a: Starmie\n|-boost|p2a: Starmie|evasion|2\n|move|p1a: Palafin|Wave Crash|p2a: Starmie|[miss]\n|-miss|p1a: Palafin|p2a: Starmie\n|\n|upkeep\n|turn|14\n|\n|t:|1776085901\n|move|p2a: Starmie|Recover|p2a: Starmie\n|-heal|p2a: Starmie|100/100\n|move|p1a: Palafin|Wave Crash|p2a: Starmie|[miss]\n|-miss|p1a: Palafin|p2a: Starmie\n|\n|upkeep\n|turn|15\n|\n|t:|1776085908\n|move|p2a: Starmie|Meteor Beam||[still]\n|-prepare|p2a: Starmie|Meteor Beam\n|-boost|p2a: Starmie|spa|1\n|move|p1a: Palafin|Wave Crash|p2a: Starmie|[miss]\n|-miss|p1a: Palafin|p2a: Starmie\n|\n|upkeep\n|turn|16\n|\n|t:|1776085915\n|move|p2a: Starmie|Meteor Beam|p1a: Palafin|[from] lockedmove\n|-damage|p1a: Palafin|56/100\n|move|p1a: Palafin|Wave Crash|p2a: Starmie\n|-resisted|p2a: Starmie|1\n|-end|p2a: Starmie|Substitute\n|-damage|p1a: Palafin|48/100|[from] Recoil|[of] p2a: Starmie\n|\n|upkeep\n|turn|17\n|\n|t:|1776085924\n|move|p2a: Starmie|Substitute|p2a: Starmie\n|-start|p2a: Starmie|Substitute\n|-damage|p2a: Starmie|76/100\n|move|p1a: Palafin|Wave Crash|p2a: Starmie\n|-resisted|p2a: Starmie|1\n|-end|p2a: Starmie|Substitute\n|-damage|p1a: Palafin|40/100|[from] Recoil|[of] p2a: Starmie\n|\n|upkeep\n|turn|18\n|-message|Diego 210452 forfeited.\n|\n|win|kaiwatersleeping\n|raw|Diego 210452's rating: 1144 &rarr; <strong>1117</strong><br />(-27 for losing)\n|raw|kaiwatersleeping's rating: 1118 &rarr; <strong>1145</strong><br />(+27 for winning)\n|l|\u2606kaiwatersleeping\n|player|p2|\n",
  "uploadtime": 1776085949,
  "views": 9,
  "formatid": "gen9championsbssregma",
  "rating": 1117,
  "private": 0,
  "password": null
}