{
  "id": "gen9championsbssregma-2585988525",
  "format": "[Gen 9 Champions] BSS Reg M-A",
  "players": [
    "Bbbkty",
    "j0rdanhill"
  ],
  "log": "|j|\u2606Bbbkty\n|j|\u2606j0rdanhill\n|t:|1776387934\n|gametype|singles\n|player|p1|Bbbkty|169|1128\n|player|p2|j0rdanhill|265|1104\n|gen|9\n|tier|[Gen 9 Champions] BSS Reg M-A\n|rated|\n|rule|Species Clause: Limit one of each Pok\u00e9mon\n|rule|Item Clause: Limit 1 of each item\n|clearpoke\n|poke|p1|Clefable, L50, M|\n|poke|p1|Charizard, L50, M|\n|poke|p1|Mimikyu, L50, F|\n|poke|p1|Kingambit, L50, F|\n|poke|p1|Espathra, L50, F|\n|poke|p1|Glimmora, L50, M|\n|poke|p2|Sableye, L50, M|\n|poke|p2|Glimmora, L50, F|\n|poke|p2|Garganacl, L50, M|\n|poke|p2|Blastoise, L50, M|\n|poke|p2|Meowscarada, L50, F|\n|poke|p2|Skarmory, L50, M|\n|teampreview|3\n|inactive|Battle timer is ON: inactive players will automatically lose when time's up. (requested by Bbbkty)\n|\n|t:|1776387946\n|teamsize|p1|3\n|teamsize|p2|3\n|start\n|switch|p1a: Glimmora|Glimmora, L50, M, shiny|100/100\n|switch|p2a: Glimmora|Glimmora, L50, F|100/100\n|turn|1\n|\n|t:|1776387954\n|move|p2a: Glimmora|Stealth Rock|p1a: Glimmora\n|-sidestart|p1: Bbbkty|move: Stealth Rock\n|move|p1a: Glimmora|Stealth Rock|p2a: Glimmora\n|-sidestart|p2: j0rdanhill|move: Stealth Rock\n|\n|upkeep\n|turn|2\n|\n|t:|1776387959\n|move|p2a: Glimmora|Earth Power|p1a: Glimmora\n|-supereffective|p1a: Glimmora|2\n|-enditem|p1a: Glimmora|Focus Sash\n|-damage|p1a: Glimmora|1/100\n|move|p1a: Glimmora|Mortal Spin|p2a: Glimmora\n|-resisted|p2a: Glimmora|2\n|-damage|p2a: Glimmora|99/100\n|-activate|p2a: Glimmora|ability: Toxic Debris\n|-sidestart|p1: Bbbkty|move: Toxic Spikes\n|-sideend|p1: Bbbkty|Toxic Spikes|[from] move: Mortal Spin|[of] p1a: Glimmora\n|-sideend|p1: Bbbkty|Stealth Rock|[from] move: Mortal Spin|[of] p1a: Glimmora\n|\n|upkeep\n|turn|3\n|\n|t:|1776387969\n|move|p2a: Glimmora|Stealth Rock|p1a: Glimmora\n|-sidestart|p1: Bbbkty|move: Stealth Rock\n|move|p1a: Glimmora|Earth Power|p2a: Glimmora\n|-supereffective|p2a: Glimmora|2\n|-damage|p2a: Glimmora|0 fnt\n|faint|p2a: Glimmora\n|\n|upkeep\n|\n|t:|1776387975\n|switch|p2a: Blastoise|Blastoise, L50, M|100/100\n|-damage|p2a: Blastoise|88/100|[from] Stealth Rock\n|turn|4\n|\n|t:|1776387980\n|detailschange|p2a: Blastoise|Blastoise-Mega, L50, M\n|-mega|p2a: Blastoise|Blastoise|Blastoisinite\n|move|p2a: Blastoise|Shell Smash|p2a: Blastoise\n|-unboost|p2a: Blastoise|def|1\n|-unboost|p2a: Blastoise|spd|1\n|-boost|p2a: Blastoise|atk|2\n|-boost|p2a: Blastoise|spa|2\n|-boost|p2a: Blastoise|spe|2\n|move|p1a: Glimmora|Mortal Spin|p2a: Blastoise\n|-damage|p2a: Blastoise|79/100\n|-status|p2a: Blastoise|psn\n|-sideend|p1: Bbbkty|Stealth Rock|[from] move: Mortal Spin|[of] p1a: Glimmora\n|\n|-damage|p2a: Blastoise|67/100 psn|[from] psn\n|upkeep\n|turn|5\n|\n|t:|1776387991\n|move|p2a: Blastoise|Water Pulse|p1a: Glimmora\n|-supereffective|p1a: Glimmora|1\n|-damage|p1a: Glimmora|0 fnt\n|faint|p1a: Glimmora\n|\n|-damage|p2a: Blastoise|55/100 psn|[from] psn\n|upkeep\n|\n|t:|1776387995\n|switch|p1a: Clefable|Clefable, L50, M, shiny|100/100\n|turn|6\n|\n|t:|1776388004\n|detailschange|p1a: Clefable|Clefable-Mega, L50, M, shiny\n|-mega|p1a: Clefable|Clefable|Clefablite\n|move|p2a: Blastoise|Water Pulse|p1a: Clefable\n|-damage|p1a: Clefable|20/100\n|move|p1a: Clefable|Cosmic Power|p1a: Clefable\n|-boost|p1a: Clefable|def|1\n|-boost|p1a: Clefable|spd|1\n|\n|-damage|p2a: Blastoise|43/100 psn|[from] psn\n|upkeep\n|turn|7\n|\n|t:|1776388012\n|move|p2a: Blastoise|Ice Beam|p1a: Clefable\n|-supereffective|p1a: Clefable|1\n|-damage|p1a: Clefable|0 fnt\n|faint|p1a: Clefable\n|\n|-damage|p2a: Blastoise|31/100 psn|[from] psn\n|upkeep\n|\n|t:|1776388015\n|switch|p1a: Espathra|Espathra, L50, F, shiny|100/100\n|turn|8\n|\n|t:|1776388019\n|move|p1a: Espathra|Protect|p1a: Espathra\n|-singleturn|p1a: Espathra|Protect\n|move|p2a: Blastoise|Dark Pulse|p1a: Espathra\n|-activate|p1a: Espathra|move: Protect\n|\n|-damage|p2a: Blastoise|19/100 psn|[from] psn\n|-ability|p1a: Espathra|Speed Boost|boost\n|-boost|p1a: Espathra|spe|1\n|upkeep\n|turn|9\n|\n|t:|1776388027\n|move|p2a: Blastoise|Dark Pulse|p1a: Espathra\n|-supereffective|p1a: Espathra|1\n|-damage|p1a: Espathra|0 fnt\n|faint|p1a: Espathra\n|\n|win|j0rdanhill\n|raw|Bbbkty's rating: 1128 &rarr; <strong>1101</strong><br />(-27 for losing)\n|raw|j0rdanhill's rating: 1104 &rarr; <strong>1131</strong><br />(+27 for winning)\n",
  "uploadtime": 1776388029,
  "views": 11,
  "formatid": "gen9championsbssregma",
  "rating": 1101,
  "private": 0,
  "password": null
}