{
  "id": "gen9championsbssregma-2580430092",
  "format": "[Gen 9 Champions] BSS Reg M-A",
  "players": [
    "berutene",
    "Delibird Heart"
  ],
  "log": "|j|\u2606berutene\n|j|\u2606Delibird Heart\n|t:|1775895320\n|gametype|singles\n|player|p1|berutene|169|1043\n|player|p2|Delibird Heart|#omclihearttakers|1000\n|gen|9\n|tier|[Gen 9 Champions] BSS Reg M-A\n|rated|\n|rule|Species Clause: Limit one of each Pok\u00e9mon\n|rule|Item Clause: Limit 1 of each item\n|clearpoke\n|poke|p1|Blastoise, L50, M|\n|poke|p1|Ninetales-Alola, L50, F|\n|poke|p1|Klefki, L50, M|\n|poke|p1|Starmie, L50|\n|poke|p1|Garchomp, L50, M|\n|poke|p1|Dragapult, L50, F|\n|poke|p2|Hatterene, L50, F|\n|poke|p2|Crabominable, L50, F|\n|poke|p2|Camerupt, L50, M|\n|poke|p2|Slowbro-Galar, L50, F|\n|poke|p2|Hydreigon, L50, F|\n|poke|p2|Aggron, L50, F|\n|teampreview|3\n|inactive|Battle timer is ON: inactive players will automatically lose when time's up. (requested by Delibird Heart)\n|inactive|berutene has 60 seconds left.\n|\n|t:|1775895360\n|teamsize|p1|3\n|teamsize|p2|3\n|start\n|switch|p1a: Ninetales|Ninetales-Alola, L50, F|100/100\n|switch|p2a: Slowbro|Slowbro-Galar, L50, F|100/100\n|-weather|Snowscape|[from] ability: Snow Warning|[of] p1a: Ninetales\n|turn|1\n|\n|t:|1775895365\n|move|p1a: Ninetales|Aurora Veil|p1a: Ninetales\n|-sidestart|p1: berutene|move: Aurora Veil\n|move|p2a: Slowbro|Nasty Plot|p2a: Slowbro\n|-boost|p2a: Slowbro|spa|2\n|\n|-weather|Snowscape|[upkeep]\n|upkeep\n|turn|2\n|-activate|p2a: Slowbro|ability: Quick Draw\n|\n|t:|1775895373\n|move|p2a: Slowbro|Psyshock|p1a: Ninetales\n|-damage|p1a: Ninetales|67/100\n|move|p1a: Ninetales|Baton Pass|p1a: Ninetales\n|\n|t:|1775895378\n|switch|p1a: Garchomp|Garchomp, L50, M|100/100|[from] Baton Pass\n|\n|-weather|Snowscape|[upkeep]\n|upkeep\n|turn|3\n|-activate|p2a: Slowbro|ability: Quick Draw\n|\n|t:|1775895381\n|move|p2a: Slowbro|Ice Beam|p1a: Garchomp\n|-supereffective|p1a: Garchomp|2\n|-damage|p1a: Garchomp|0 fnt\n|faint|p1a: Garchomp\n|\n|-weather|Snowscape|[upkeep]\n|upkeep\n|\n|t:|1775895386\n|switch|p1a: Blastoise|Blastoise, L50, M|100/100\n|turn|4\n|-activate|p2a: Slowbro|ability: Quick Draw\n|\n|t:|1775895391\n|detailschange|p1a: Blastoise|Blastoise-Mega, L50, M\n|-mega|p1a: Blastoise|Blastoise|Blastoisinite\n|move|p2a: Slowbro|Psyshock|p1a: Blastoise\n|-damage|p1a: Blastoise|61/100\n|move|p1a: Blastoise|Shell Smash|p1a: Blastoise\n|-unboost|p1a: Blastoise|def|1\n|-unboost|p1a: Blastoise|spd|1\n|-boost|p1a: Blastoise|atk|2\n|-boost|p1a: Blastoise|spa|2\n|-boost|p1a: Blastoise|spe|2\n|\n|-weather|Snowscape|[upkeep]\n|upkeep\n|turn|5\n|-activate|p2a: Slowbro|ability: Quick Draw\n|\n|t:|1775895398\n|move|p2a: Slowbro|Psyshock|p1a: Blastoise\n|-damage|p1a: Blastoise|8/100\n|move|p1a: Blastoise|Water Pulse|p2a: Slowbro\n|-damage|p2a: Slowbro|0 fnt\n|faint|p2a: Slowbro\n|\n|-weather|none\n|-sideend|p1: berutene|move: Aurora Veil\n|upkeep\n|\n|t:|1775895405\n|switch|p2a: Hatterene|Hatterene, L50, F|100/100\n|turn|6\n|\n|t:|1775895409\n|move|p1a: Blastoise|Water Pulse|p2a: Hatterene\n|-damage|p2a: Hatterene|7/100\n|-start|p2a: Hatterene|confusion\n|-activate|p2a: Hatterene|confusion\n|move|p2a: Hatterene|Trick Room|p2a: Hatterene\n|-fieldstart|move: Trick Room|[of] p2a: Hatterene\n|\n|upkeep\n|turn|7\n|\n|t:|1775895417\n|switch|p1a: Ninetales|Ninetales-Alola, L50, F|67/100\n|-weather|Snowscape|[from] ability: Snow Warning|[of] p1a: Ninetales\n|-end|p2a: Hatterene|confusion\n|move|p2a: Hatterene|Misty Explosion|p1a: Ninetales\n|-damage|p1a: Ninetales|10/100\n|faint|p2a: Hatterene\n|\n|-weather|Snowscape|[upkeep]\n|upkeep\n|\n|t:|1775895420\n|switch|p2a: Crabominable|Crabominable, L50, F|100/100\n|turn|8\n|\n|t:|1775895424\n|detailschange|p2a: Crabominable|Crabominable-Mega, L50, F\n|-mega|p2a: Crabominable|Crabominable|Crabominite\n|move|p2a: Crabominable|Drain Punch|p1a: Ninetales\n|-damage|p1a: Ninetales|0 fnt\n|faint|p1a: Ninetales\n|\n|-weather|Snowscape|[upkeep]\n|upkeep\n|\n|t:|1775895428\n|switch|p1a: Blastoise|Blastoise-Mega, L50, M|8/100\n|turn|9\n|-message|berutene forfeited.\n|\n|win|Delibird Heart\n|raw|berutene's rating: 1043 &rarr; <strong>1025</strong><br />(-18 for losing)\n|raw|Delibird Heart's rating: 1000 &rarr; <strong>1045</strong><br />(+45 for winning)\n|l|\u2606berutene\n|player|p1|\n",
  "uploadtime": 1775895432,
  "views": 25,
  "formatid": "gen9championsbssregma",
  "rating": 1025,
  "private": 0,
  "password": null
}