{
  "id": "gen9championsbssregma-2584166011",
  "format": "[Gen 9 Champions] BSS Reg M-A",
  "players": [
    "testspaoa",
    "Iron0417"
  ],
  "log": "|j|\u2606testspaoa\n|j|\u2606Iron0417\n|t:|1776233173\n|gametype|singles\n|player|p1|testspaoa|101|1261\n|player|p2|Iron0417|red|1266\n|gen|9\n|tier|[Gen 9 Champions] BSS Reg M-A\n|rated|\n|rule|Species Clause: Limit one of each Pok\u00e9mon\n|rule|Item Clause: Limit 1 of each item\n|clearpoke\n|poke|p1|Venusaur, L50, M|\n|poke|p1|Corviknight, L50, F|\n|poke|p1|Garchomp, L50, M|\n|poke|p1|Floette-Eternal, L50, F|\n|poke|p1|Diggersby, L50, M|\n|poke|p1|Espathra, L50, F|\n|poke|p2|Rotom-Mow, L50|\n|poke|p2|Charizard, L50, M|\n|poke|p2|Corviknight, L50, M|\n|poke|p2|Primarina, L50, M|\n|poke|p2|Aegislash, L50, M|\n|poke|p2|Garchomp, L50, M|\n|teampreview|3\n|inactive|Battle timer is ON: inactive players will automatically lose when time's up. (requested by Iron0417)\n|\n|t:|1776233216\n|teamsize|p1|3\n|teamsize|p2|3\n|start\n|switch|p1a: Venusaur|Venusaur, L50, M|100/100\n|switch|p2a: Garchomp|Garchomp, L50, M|100/100\n|turn|1\n|\n|t:|1776233229\n|detailschange|p1a: Venusaur|Venusaur-Mega, L50, M\n|-mega|p1a: Venusaur|Venusaur|Venusaurite\n|move|p2a: Garchomp|Earthquake|p1a: Venusaur\n|-damage|p1a: Venusaur|68/100\n|move|p1a: Venusaur|Leech Seed|p2a: Garchomp\n|-start|p2a: Garchomp|move: Leech Seed\n|\n|-damage|p2a: Garchomp|88/100|[from] Leech Seed|[of] p1a: Venusaur\n|-heal|p1a: Venusaur|80/100|[silent]\n|upkeep\n|turn|2\n|\n|t:|1776233239\n|switch|p2a: Charizard|Charizard, L50, M|100/100\n|switch|p1a: Corviknight|Corviknight, L50, F|100/100\n|-ability|p1a: Corviknight|Pressure\n|\n|upkeep\n|turn|3\n|\n|t:|1776233247\n|switch|p1a: Garchomp|Garchomp, L50, M|100/100\n|detailschange|p2a: Charizard|Charizard-Mega-Y, L50, M\n|-mega|p2a: Charizard|Charizard|Charizardite Y\n|-weather|SunnyDay|[from] ability: Drought|[of] p2a: Charizard\n|move|p2a: Charizard|Flamethrower|p1a: Garchomp\n|-resisted|p1a: Garchomp|1\n|-damage|p1a: Garchomp|51/100\n|\n|-weather|SunnyDay|[upkeep]\n|upkeep\n|turn|4\n|\n|t:|1776233265\n|switch|p2a: Garchomp|Garchomp, L50, M|88/100\n|move|p1a: Garchomp|Swords Dance|p1a: Garchomp\n|-boost|p1a: Garchomp|atk|2\n|\n|-weather|SunnyDay|[upkeep]\n|upkeep\n|turn|5\n|\n|t:|1776233275\n|switch|p1a: Corviknight|Corviknight, L50, F|100/100\n|-ability|p1a: Corviknight|Pressure\n|move|p2a: Garchomp|Outrage|p1a: Corviknight\n|-resisted|p1a: Corviknight|1\n|-damage|p1a: Corviknight|73/100\n|\n|-weather|SunnyDay|[upkeep]\n|-heal|p1a: Corviknight|79/100|[from] item: Leftovers\n|upkeep\n|turn|6\n|\n|t:|1776233286\n|move|p2a: Garchomp|Outrage|p1a: Corviknight|[from] lockedmove\n|-resisted|p1a: Corviknight|1\n|-damage|p1a: Corviknight|55/100\n|move|p1a: Corviknight|Iron Defense|p1a: Corviknight\n|-boost|p1a: Corviknight|def|2\n|\n|-weather|SunnyDay|[upkeep]\n|-heal|p1a: Corviknight|60/100|[from] item: Leftovers\n|upkeep\n|turn|7\n|\n|t:|1776233295\n|move|p2a: Garchomp|Outrage|p1a: Corviknight|[from] lockedmove\n|-resisted|p1a: Corviknight|1\n|-damage|p1a: Corviknight|49/100\n|-start|p2a: Garchomp|confusion|[fatigue]\n|move|p1a: Corviknight|Roost|p1a: Corviknight\n|-heal|p1a: Corviknight|99/100\n|-singleturn|p1a: Corviknight|move: Roost\n|\n|-weather|none\n|-heal|p1a: Corviknight|100/100|[from] item: Leftovers\n|upkeep\n|turn|8\n|\n|t:|1776233306\n|switch|p2a: Charizard|Charizard-Mega-Y, L50, M|100/100\n|-weather|SunnyDay|[from] ability: Drought|[of] p2a: Charizard\n|move|p1a: Corviknight|Body Press|p2a: Charizard\n|-resisted|p2a: Charizard|1\n|-damage|p2a: Charizard|75/100\n|\n|-weather|SunnyDay|[upkeep]\n|upkeep\n|turn|9\n|\n|t:|1776233318\n|move|p2a: Charizard|Solar Beam||[still]\n|-prepare|p2a: Charizard|Solar Beam\n|-anim|p2a: Charizard|Solar Beam|p1a: Corviknight\n|-resisted|p1a: Corviknight|2\n|-damage|p1a: Corviknight|92/100\n|move|p1a: Corviknight|U-turn|p2a: Charizard\n|-resisted|p2a: Charizard|2\n|-damage|p2a: Charizard|70/100\n|\n|t:|1776233325\n|switch|p1a: Garchomp|Garchomp, L50, M|51/100|[from] U-turn\n|\n|-weather|SunnyDay|[upkeep]\n|upkeep\n|turn|10\n|\n|t:|1776233331\n|move|p1a: Garchomp|Outrage|p2a: Charizard\n|-damage|p2a: Charizard|0 fnt\n|faint|p2a: Charizard\n|\n|-weather|SunnyDay|[upkeep]\n|upkeep\n|\n|t:|1776233338\n|switch|p2a: Aegislash|Aegislash, L50, M|100/100\n|turn|11\n|\n|t:|1776233341\n|move|p2a: Aegislash|King's Shield|p2a: Aegislash\n|-singleturn|p2a: Aegislash|Protect\n|move|p1a: Garchomp|Outrage|p2a: Aegislash|[from] lockedmove\n|-activate|p2a: Aegislash|move: Protect\n|-unboost|p1a: Garchomp|atk|1\n|\n|-weather|SunnyDay|[upkeep]\n|upkeep\n|turn|12\n|\n|t:|1776233351\n|switch|p1a: Venusaur|Venusaur-Mega, L50, M|80/100\n|-formechange|p2a: Aegislash|Aegislash-Blade|\n|move|p2a: Aegislash|Poltergeist|p1a: Venusaur\n|-activate|p1a: Venusaur|move: Poltergeist|Venusaurite\n|-damage|p1a: Venusaur|41/100\n|\n|-weather|none\n|upkeep\n|turn|13\n|\n|t:|1776233360\n|move|p1a: Venusaur|Synthesis|p1a: Venusaur\n|-heal|p1a: Venusaur|91/100\n|move|p2a: Aegislash|Poltergeist|p1a: Venusaur\n|-activate|p1a: Venusaur|move: Poltergeist|Venusaurite\n|-damage|p1a: Venusaur|46/100\n|\n|upkeep\n|turn|14\n|\n|t:|1776233367\n|move|p1a: Venusaur|Synthesis|p1a: Venusaur\n|-heal|p1a: Venusaur|96/100\n|move|p2a: Aegislash|Poltergeist|p1a: Venusaur\n|-activate|p1a: Venusaur|move: Poltergeist|Venusaurite\n|-damage|p1a: Venusaur|57/100\n|\n|upkeep\n|turn|15\n|\n|t:|1776233375\n|move|p1a: Venusaur|Earth Power|p2a: Aegislash\n|-supereffective|p2a: Aegislash|1\n|-damage|p2a: Aegislash|12/100\n|move|p2a: Aegislash|Poltergeist|p1a: Venusaur\n|-activate|p1a: Venusaur|move: Poltergeist|Venusaurite\n|-crit|p1a: Venusaur\n|-damage|p1a: Venusaur|0 fnt\n|faint|p1a: Venusaur\n|\n|upkeep\n|\n|t:|1776233382\n|switch|p1a: Garchomp|Garchomp, L50, M|51/100\n|turn|16\n|\n|t:|1776233390\n|-formechange|p2a: Aegislash|Aegislash|\n|move|p2a: Aegislash|King's Shield|p2a: Aegislash\n|-singleturn|p2a: Aegislash|Protect\n|move|p1a: Garchomp|Earthquake|p2a: Aegislash\n|-activate|p2a: Aegislash|move: Protect\n|\n|upkeep\n|turn|17\n|\n|t:|1776233400\n|-formechange|p2a: Aegislash|Aegislash-Blade|\n|move|p2a: Aegislash|Shadow Sneak|p1a: Garchomp\n|-damage|p1a: Garchomp|26/100\n|-damage|p2a: Aegislash|0 fnt|[from] ability: Rough Skin|[of] p1a: Garchomp\n|faint|p2a: Aegislash\n|move|p1a: Garchomp|Earthquake|p2: Aegislash|[notarget]\n|-fail|p1a: Garchomp\n|\n|upkeep\n|\n|t:|1776233409\n|switch|p2a: Garchomp|Garchomp, L50, M|88/100\n|turn|18\n|\n|t:|1776233413\n|move|p2a: Garchomp|Thunder Fang|p1a: Garchomp\n|-immune|p1a: Garchomp\n|move|p1a: Garchomp|Outrage|p2a: Garchomp\n|-supereffective|p2a: Garchomp|1\n|-damage|p2a: Garchomp|0 fnt\n|-damage|p1a: Garchomp|13/100|[from] ability: Rough Skin|[of] p2a: Garchomp\n|faint|p2a: Garchomp\n|\n|win|testspaoa\n|raw|testspaoa's rating: 1261 &rarr; <strong>1286</strong><br />(+25 for winning)\n|raw|Iron0417's rating: 1266 &rarr; <strong>1241</strong><br />(-25 for losing)\n|l|\u2606Iron0417\n|player|p2|\n|l|\u2606testspaoa\n|player|p1|\n",
  "uploadtime": 1776233532,
  "views": 13,
  "formatid": "gen9championsbssregma",
  "rating": 1241,
  "private": 0,
  "password": null
}