{
  "id": "gen9championsbssregma-2585114990",
  "format": "[Gen 9 Champions] BSS Reg M-A",
  "players": [
    "bregogo",
    "MiraidonGaming"
  ],
  "log": "|j|\u2606bregogo\n|j|\u2606MiraidonGaming\n|t:|1776313470\n|gametype|singles\n|player|p1|bregogo|dawn|1228\n|player|p2|MiraidonGaming|lucas|1152\n|gen|9\n|tier|[Gen 9 Champions] BSS Reg M-A\n|rated|\n|rule|Species Clause: Limit one of each Pok\u00e9mon\n|rule|Item Clause: Limit 1 of each item\n|clearpoke\n|poke|p1|Delphox, L50, F|\n|poke|p1|Corviknight, L50, F|\n|poke|p1|Meowscarada, L50, M|\n|poke|p1|Garchomp, L50, F|\n|poke|p1|Lucario, L50, F|\n|poke|p1|Primarina, L50, F|\n|poke|p2|Ninetales-Alola, L50, F|\n|poke|p2|Charizard, L50, M|\n|poke|p2|Scizor, L50, M|\n|poke|p2|Sinistcha, L50|\n|poke|p2|Rotom-Wash, L50|\n|poke|p2|Salazzle, L50, F|\n|teampreview|3\n|\n|t:|1776313505\n|teamsize|p1|3\n|teamsize|p2|3\n|start\n|switch|p1a: Garchomp|Garchomp, L50, F|100/100\n|switch|p2a: Bruce|Charizard, L50, M|100/100\n|turn|1\n|\n|t:|1776313513\n|switch|p2a: Tea-hee|Sinistcha, L50|100/100\n|move|p1a: Garchomp|Scale Shot|p2a: Tea-hee\n|-damage|p2a: Tea-hee|90/100\n|-damage|p2a: Tea-hee|78/100\n|-damage|p2a: Tea-hee|66/100\n|-damage|p2a: Tea-hee|56/100\n|-hitcount|p2a: Tea-hee|4\n|-unboost|p1a: Garchomp|def|1\n|-boost|p1a: Garchomp|spe|1\n|\n|upkeep\n|turn|2\n|\n|t:|1776313524\n|switch|p1a: Delphox|Delphox, L50, F|100/100\n|move|p2a: Tea-hee|Strength Sap|p1a: Delphox\n|-unboost|p1a: Delphox|atk|1\n|-heal|p2a: Tea-hee|100/100\n|\n|upkeep\n|turn|3\n|\n|t:|1776313542\n|detailschange|p1a: Delphox|Delphox-Mega, L50, F\n|-mega|p1a: Delphox|Delphox|Delphoxite\n|move|p1a: Delphox|Substitute|p1a: Delphox\n|-start|p1a: Delphox|Substitute\n|-damage|p1a: Delphox|75/100\n|move|p2a: Tea-hee|Scald|p1a: Delphox\n|-supereffective|p1a: Delphox|1\n|-end|p1a: Delphox|Substitute\n|\n|upkeep\n|turn|4\n|\n|t:|1776313552\n|move|p1a: Delphox|Flamethrower|p2a: Tea-hee\n|-supereffective|p2a: Tea-hee|1\n|-damage|p2a: Tea-hee|45/100\n|-enditem|p2a: Tea-hee|Sitrus Berry|[eat]\n|-heal|p2a: Tea-hee|70/100|[from] item: Sitrus Berry\n|move|p2a: Tea-hee|Scald|p1a: Delphox\n|-supereffective|p1a: Delphox|1\n|-damage|p1a: Delphox|29/100\n|\n|upkeep\n|turn|5\n|j| huhyuhyuhyuh\n|\n|t:|1776313568\n|move|p1a: Delphox|Flamethrower|p2a: Tea-hee\n|-supereffective|p2a: Tea-hee|1\n|-damage|p2a: Tea-hee|15/100\n|-status|p2a: Tea-hee|brn\n|move|p2a: Tea-hee|Scald|p1a: Delphox\n|-supereffective|p1a: Delphox|1\n|-damage|p1a: Delphox|0 fnt\n|faint|p1a: Delphox\n|\n|-damage|p2a: Tea-hee|12/100 brn|[from] brn\n|upkeep\n|\n|t:|1776313571\n|switch|p1a: Garchomp|Garchomp, L50, F|100/100\n|turn|6\n|\n|t:|1776313585\n|move|p1a: Garchomp|Scale Shot|p2a: Tea-hee|[miss]\n|-miss|p1a: Garchomp|p2a: Tea-hee\n|move|p2a: Tea-hee|Strength Sap|p1a: Garchomp\n|-unboost|p1a: Garchomp|atk|1\n|-heal|p2a: Tea-hee|100/100 brn\n|\n|-damage|p2a: Tea-hee|98/100 brn|[from] brn\n|upkeep\n|turn|7\n|\n|t:|1776313592\n|move|p1a: Garchomp|Swords Dance|p1a: Garchomp\n|-boost|p1a: Garchomp|atk|2\n|move|p2a: Tea-hee|Calm Mind|p2a: Tea-hee\n|-boost|p2a: Tea-hee|spa|1\n|-boost|p2a: Tea-hee|spd|1\n|\n|-damage|p2a: Tea-hee|95/100 brn|[from] brn\n|upkeep\n|turn|8\n|\n|t:|1776313598\n|move|p1a: Garchomp|Swords Dance|p1a: Garchomp\n|-boost|p1a: Garchomp|atk|2\n|move|p2a: Tea-hee|Strength Sap|p1a: Garchomp\n|-unboost|p1a: Garchomp|atk|1\n|-heal|p2a: Tea-hee|100/100 brn\n|\n|-damage|p2a: Tea-hee|98/100 brn|[from] brn\n|upkeep\n|turn|9\n|\n|t:|1776313602\n|move|p1a: Garchomp|Swords Dance|p1a: Garchomp\n|-boost|p1a: Garchomp|atk|2\n|move|p2a: Tea-hee|Matcha Gotcha|p1a: Garchomp\n|-damage|p1a: Garchomp|45/100\n|-heal|p2a: Tea-hee|100/100 brn|[from] drain|[of] p1a: Garchomp\n|\n|-damage|p2a: Tea-hee|98/100 brn|[from] brn\n|upkeep\n|turn|10\n|\n|t:|1776313606\n|move|p1a: Garchomp|Scale Shot|p2a: Tea-hee|[miss]\n|-miss|p1a: Garchomp|p2a: Tea-hee\n|move|p2a: Tea-hee|Matcha Gotcha|p1a: Garchomp\n|-damage|p1a: Garchomp|0 fnt\n|-heal|p2a: Tea-hee|100/100 brn|[from] drain|[of] p1a: Garchomp\n|faint|p1a: Garchomp\n|\n|-damage|p2a: Tea-hee|98/100 brn|[from] brn\n|upkeep\n|-message|bregogo forfeited.\n|\n|win|MiraidonGaming\n|raw|bregogo's rating: 1228 &rarr; <strong>1198</strong><br />(-30 for losing)\n|raw|MiraidonGaming's rating: 1152 &rarr; <strong>1182</strong><br />(+30 for winning)\n|l|\u2606bregogo\n|player|p1|\n",
  "uploadtime": 1776313618,
  "views": 8,
  "formatid": "gen9championsbssregma",
  "rating": 1182,
  "private": 0,
  "password": null
}