{
  "id": "gen9championsbssregma-2586426678",
  "format": "[Gen 9 Champions] BSS Reg M-A",
  "players": [
    "calacadura",
    "epicpokegamer123"
  ],
  "log": "|j|\u2606calacadura\n|j|\u2606epicpokegamer123\n|t:|1776433887\n|gametype|singles\n|player|p1|calacadura|102|1000\n|player|p2|epicpokegamer123|2|1000\n|gen|9\n|tier|[Gen 9 Champions] BSS Reg M-A\n|rated|\n|rule|Species Clause: Limit one of each Pok\u00e9mon\n|rule|Item Clause: Limit 1 of each item\n|clearpoke\n|poke|p1|Sylveon, L50, M|\n|poke|p1|Victreebel, L50, F|\n|poke|p1|Kingambit, L50, M|\n|poke|p1|Aggron, L50, M|\n|poke|p1|Basculegion, L50, M|\n|poke|p1|Skeledirge, L50, M|\n|poke|p2|Zoroark, L50, M|\n|poke|p2|Kangaskhan, L50, F|\n|poke|p2|Serperior, L50, M|\n|poke|p2|Lucario, L50, M|\n|poke|p2|Typhlosion-Hisui, L50, M|\n|poke|p2|Forretress, L50, F|\n|teampreview|3\n|inactive|Battle timer is ON: inactive players will automatically lose when time's up. (requested by epicpokegamer123)\n|inactive|calacadura has 60 seconds left.\n|\n|t:|1776433941\n|teamsize|p1|3\n|teamsize|p2|3\n|start\n|switch|p1a: Victreebel|Victreebel, L50, F|100/100\n|switch|p2a: Typhlosion|Typhlosion-Hisui, L50, M|100/100\n|turn|1\n|\n|t:|1776433951\n|detailschange|p1a: Victreebel|Victreebel-Mega, L50, F\n|-mega|p1a: Victreebel|Victreebel|Victreebelite\n|move|p2a: Typhlosion|Flamethrower|p1a: Victreebel\n|-supereffective|p1a: Victreebel|1\n|-damage|p1a: Victreebel|36/100\n|move|p1a: Victreebel|Leaf Storm|p2a: Typhlosion\n|-enditem|p2a: Typhlosion|Focus Sash\n|-damage|p2a: Typhlosion|1/100\n|-unboost|p1a: Victreebel|spa|2\n|replace|p2a: Zoroark|Zoroark, L50, M\n|-end|p2a: Zoroark|Illusion\n|\n|upkeep\n|turn|2\n|inactive|calacadura has 30 seconds left.\n|\n|t:|1776433979\n|move|p2a: Zoroark|Flamethrower|p1a: Victreebel\n|-supereffective|p1a: Victreebel|1\n|-damage|p1a: Victreebel|0 fnt\n|-damage|p2a: Zoroark|0 fnt|[from] ability: Innards Out|[of] p1a: Victreebel\n|faint|p1a: Victreebel\n|faint|p2a: Zoroark\n|\n|upkeep\n|\n|t:|1776433993\n|switch|p2a: Typhlosion|Typhlosion-Hisui, L50, M|100/100\n|switch|p1a: Sylveon|Sylveon, L50, M|100/100\n|-item|p1a: Sylveon|Focus Sash|[from] ability: Frisk|[of] p2a: Typhlosion\n|turn|3\n|\n|t:|1776434000\n|move|p2a: Typhlosion|Eruption|p1a: Sylveon\n|-damage|p1a: Sylveon|43/100\n|move|p1a: Sylveon|Shadow Ball|p2a: Typhlosion\n|-supereffective|p2a: Typhlosion|1\n|-damage|p2a: Typhlosion|42/100\n|-unboost|p2a: Typhlosion|spd|1\n|\n|upkeep\n|turn|4\n|inactive|calacadura has 30 seconds left.\n|\n|t:|1776434026\n|move|p2a: Typhlosion|Eruption|p1a: Sylveon\n|-damage|p1a: Sylveon|17/100\n|move|p1a: Sylveon|Hyper Beam|p2a: Typhlosion\n|-resisted|p2a: Typhlosion|1\n|-damage|p2a: Typhlosion|0 fnt\n|-mustrecharge|p1a: Sylveon\n|faint|p2a: Typhlosion\n|\n|upkeep\n|\n|t:|1776434034\n|switch|p2a: Lucario|Lucario, L50, M|100/100\n|turn|5\n|\n|t:|1776434039\n|move|p2a: Lucario|Meteor Mash|p1a: Sylveon\n|-supereffective|p1a: Sylveon|1\n|-damage|p1a: Sylveon|0 fnt\n|faint|p1a: Sylveon\n|\n|upkeep\n|\n|t:|1776434042\n|switch|p1a: Basculegion|Basculegion, L50, M|100/100\n|turn|6\n|\n|t:|1776434048\n|detailschange|p2a: Lucario|Lucario-Mega, L50, M\n|-mega|p2a: Lucario|Lucario|Lucarionite\n|move|p1a: Basculegion|Last Respects|p2a: Lucario\n|-damage|p2a: Lucario|0 fnt\n|faint|p2a: Lucario\n|\n|win|calacadura\n|raw|calacadura's rating: 1000 &rarr; <strong>1040</strong><br />(+40 for winning)\n|raw|epicpokegamer123's rating: 1000 &rarr; <strong>1000</strong><br />(+0 for losing)\n",
  "uploadtime": 1776434053,
  "views": 8,
  "formatid": "gen9championsbssregma",
  "rating": 1000,
  "private": 0,
  "password": null
}