{
  "id": "gen9championsbssregma-2588003551",
  "format": "[Gen 9 Champions] BSS Reg M-A",
  "players": [
    "toytoyko",
    "ninano200"
  ],
  "log": "|j|\u2606toytoyko\n|j|\u2606ninano200\n|t:|1776591526\n|gametype|singles\n|player|p1|toytoyko|1|1342\n|player|p2|ninano200|266|1409\n|gen|9\n|tier|[Gen 9 Champions] BSS Reg M-A\n|rated|\n|rule|Species Clause: Limit one of each Pok\u00e9mon\n|rule|Item Clause: Limit 1 of each item\n|clearpoke\n|poke|p1|Kangaskhan, L50, F|\n|poke|p1|Charizard, L50, M|\n|poke|p1|Garchomp, L50, M|\n|poke|p1|Gengar, L50, M|\n|poke|p1|Aegislash, L50, F|\n|poke|p1|Primarina, L50, F|\n|poke|p2|Charizard, L50, M|\n|poke|p2|Hippowdon, L50, F|\n|poke|p2|Greninja, L50, M|\n|poke|p2|Mimikyu, L50, F|\n|poke|p2|Hydreigon, L50, F|\n|poke|p2|Lopunny, L50, F|\n|teampreview|3\n|inactive|Battle timer is ON: inactive players will automatically lose when time's up. (requested by ninano200)\n|inactive|toytoyko has 60 seconds left.\n|inactive|ninano200 has 60 seconds left.\n|\n|t:|1776591582\n|teamsize|p1|3\n|teamsize|p2|3\n|start\n|switch|p1a: Kangaskhan|Kangaskhan, L50, F|100/100\n|switch|p2a: Hippowdon|Hippowdon, L50, F|100/100\n|-weather|Sandstorm|[from] ability: Sand Stream|[of] p2a: Hippowdon\n|turn|1\n|\n|t:|1776591595\n|detailschange|p1a: Kangaskhan|Kangaskhan-Mega, L50, F\n|-mega|p1a: Kangaskhan|Kangaskhan|Kangaskhanite\n|move|p1a: Kangaskhan|Fake Out|p2a: Hippowdon\n|-damage|p2a: Hippowdon|87/100\n|-damage|p2a: Hippowdon|85/100\n|-hitcount|p2a: Hippowdon|2\n|cant|p2a: Hippowdon|flinch\n|\n|-weather|Sandstorm|[upkeep]\n|-damage|p1a: Kangaskhan|94/100|[from] Sandstorm\n|upkeep\n|turn|2\n|\n|t:|1776591602\n|move|p1a: Kangaskhan|Ice Punch|p2a: Hippowdon\n|-supereffective|p2a: Hippowdon|1\n|-damage|p2a: Hippowdon|49/100\n|-status|p2a: Hippowdon|frz\n|-enditem|p2a: Hippowdon|Sitrus Berry|[eat]\n|-heal|p2a: Hippowdon|74/100 frz|[from] item: Sitrus Berry\n|-supereffective|p2a: Hippowdon|1\n|-damage|p2a: Hippowdon|66/100 frz\n|-hitcount|p2a: Hippowdon|2\n|cant|p2a: Hippowdon|frz\n|\n|-weather|Sandstorm|[upkeep]\n|-damage|p1a: Kangaskhan|88/100|[from] Sandstorm\n|upkeep\n|turn|3\n|\n|t:|1776591607\n|move|p1a: Kangaskhan|Ice Punch|p2a: Hippowdon\n|-supereffective|p2a: Hippowdon|1\n|-crit|p2a: Hippowdon\n|-damage|p2a: Hippowdon|17/100 frz\n|-supereffective|p2a: Hippowdon|1\n|-damage|p2a: Hippowdon|10/100 frz\n|-hitcount|p2a: Hippowdon|2\n|-curestatus|p2a: Hippowdon|frz|[msg]\n|move|p2a: Hippowdon|Slack Off|p2a: Hippowdon\n|-heal|p2a: Hippowdon|60/100\n|\n|-weather|Sandstorm|[upkeep]\n|-damage|p1a: Kangaskhan|82/100|[from] Sandstorm\n|upkeep\n|turn|4\n|\n|t:|1776591615\n|move|p1a: Kangaskhan|Ice Punch|p2a: Hippowdon\n|-supereffective|p2a: Hippowdon|1\n|-damage|p2a: Hippowdon|24/100\n|-status|p2a: Hippowdon|frz\n|-supereffective|p2a: Hippowdon|1\n|-damage|p2a: Hippowdon|15/100 frz\n|-hitcount|p2a: Hippowdon|2\n|cant|p2a: Hippowdon|frz\n|\n|-weather|Sandstorm|[upkeep]\n|-damage|p1a: Kangaskhan|76/100|[from] Sandstorm\n|upkeep\n|turn|5\n|\n|t:|1776591619\n|move|p1a: Kangaskhan|Ice Punch|p2a: Hippowdon\n|-supereffective|p2a: Hippowdon|1\n|-damage|p2a: Hippowdon|0 fnt\n|faint|p2a: Hippowdon\n|-hitcount|p2: Hippowdon|1\n|\n|-weather|none\n|upkeep\n|\n|t:|1776591621\n|switch|p2a: Lopunny|Lopunny, L50, F|100/100\n|turn|6\n|\n|t:|1776591627\n|switch|p1a: Primarina|Primarina, L50, F|100/100\n|detailschange|p2a: Lopunny|Lopunny-Mega, L50, F\n|-mega|p2a: Lopunny|Lopunny|Lopunnite\n|move|p2a: Lopunny|Fake Out|p1a: Primarina\n|-damage|p1a: Primarina|79/100\n|\n|upkeep\n|turn|7\n|\n|t:|1776591635\n|move|p2a: Lopunny|U-turn|p1a: Primarina\n|-resisted|p1a: Primarina|1\n|-damage|p1a: Primarina|66/100\n|\n|t:|1776591636\n|switch|p2a: Hydreigon|Hydreigon, L50, F|100/100|[from] U-turn\n|move|p1a: Primarina|Moonblast|p2a: Hydreigon\n|-supereffective|p2a: Hydreigon|2\n|-damage|p2a: Hydreigon|0 fnt\n|faint|p2a: Hydreigon\n|\n|upkeep\n|-message|ninano200 forfeited.\n|\n|win|toytoyko\n|raw|toytoyko's rating: 1342 &rarr; <strong>1366</strong><br />(+24 for winning)\n|raw|ninano200's rating: 1409 &rarr; <strong>1385</strong><br />(-24 for losing)\n|l|\u2606ninano200\n|player|p2|\n|l|\u2606toytoyko\n|player|p1|\n",
  "uploadtime": 1776591666,
  "views": 3,
  "formatid": "gen9championsbssregma",
  "rating": 1366,
  "private": 0,
  "password": null
}