{
  "id": "gen9championsbssregma-2580803389",
  "format": "[Gen 9 Champions] BSS Reg M-A",
  "players": [
    "AjTheEpic",
    "zi_was_here"
  ],
  "log": "|j|\u2606AjTheEpic\n|j|\u2606zi_was_here\n|inactive|Battle timer is ON: inactive players will automatically lose when time's up.\n|t:|1775933756\n|gametype|singles\n|player|p1|AjTheEpic|170|\n|player|p2|zi_was_here|pokemonbreederf-gen4|\n|gen|9\n|tier|[Gen 9 Champions] BSS Reg M-A\n|rated|Tournament battle\n|rule|Species Clause: Limit one of each Pok\u00e9mon\n|rule|Item Clause: Limit 1 of each item\n|clearpoke\n|poke|p1|Toxapex, L50, M|\n|poke|p1|Corviknight, L50, F|\n|poke|p1|Garganacl, L50, M|\n|poke|p1|Zoroark-Hisui, L50, M|\n|poke|p1|Chimecho, L50, F|\n|poke|p1|Clefable, L50, F|\n|poke|p2|Delphox, L50, F|\n|poke|p2|Palafin, L50, F|\n|poke|p2|Corviknight, L50, F|\n|poke|p2|Garchomp, L50, M|\n|poke|p2|Hatterene, L50, F|\n|poke|p2|Kingambit, L50, F|\n|teampreview|3\n|\n|t:|1775933774\n|teamsize|p1|3\n|teamsize|p2|3\n|start\n|switch|p1a: Corviknight|Corviknight, L50, F|100/100\n|switch|p2a: Palafin|Palafin, L50, F, shiny|100/100\n|-ability|p1a: Corviknight|Pressure\n|turn|1\n|j| kadur683\n|\n|t:|1775933784\n|move|p2a: Palafin|Flip Turn|p1a: Corviknight\n|-damage|p1a: Corviknight|87/100\n|j| vivipk\n|\n|t:|1775933798\n|detailschange|p2a: Palafin|Palafin-Hero, L50, F, shiny\n|switch|p2a: Delphox|Delphox, L50, F, shiny|100/100|[from] Flip Turn\n|move|p1a: Corviknight|U-turn|p2a: Delphox\n|-damage|p2a: Delphox|76/100\n|\n|t:|1775933803\n|switch|p1a: Clefable|Clefable, L50, F|100/100|[from] U-turn\n|\n|upkeep\n|turn|2\n|j| Zangoose360\n|\n|t:|1775933811\n|switch|p2a: Kingambit|Kingambit, L50, F|100/100\n|move|p1a: Clefable|Bitter Malice|p2a: Kingambit\n|-resisted|p2a: Kingambit|1\n|-damage|p2a: Kingambit|80/100\n|-unboost|p2a: Kingambit|atk|1\n|\n|upkeep\n|turn|3\n|\n|t:|1775933831\n|switch|p1a: Corviknight|Corviknight, L50, F|87/100\n|-ability|p1a: Corviknight|Pressure\n|move|p2a: Kingambit|Kowtow Cleave|p1a: Corviknight\n|-damage|p1a: Corviknight|62/100\n|\n|upkeep\n|turn|4\n|j| schmeddi14\n|\n|t:|1775933846\n|-end|p2a: Kingambit|fallenundefined|[silent]\n|switch|p2a: Palafin|Palafin-Hero, L50, F, shiny|100/100\n|-activate|p2a: Palafin|ability: Zero to Hero\n|move|p1a: Corviknight|U-turn|p2a: Palafin\n|-damage|p2a: Palafin|85/100\n|\n|t:|1775933852\n|switch|p1a: Clefable|Clefable, L50, F|100/100|[from] U-turn\n|\n|upkeep\n|turn|5\n|l| schmeddi14\n|\n|t:|1775933862\n|move|p2a: Palafin|Flip Turn|p1a: Clefable\n|-damage|p1a: Clefable|69/100\n|\n|t:|1775933866\n|switch|p2a: Kingambit|Kingambit, L50, F|80/100|[from] Flip Turn\n|move|p1a: Clefable|Moonblast|p2a: Kingambit\n|-crit|p2a: Kingambit\n|-damage|p2a: Kingambit|21/100\n|\n|upkeep\n|turn|6\n|\n|t:|1775933881\n|move|p2a: Kingambit|Iron Head|p1a: Clefable\n|-supereffective|p1a: Clefable|1\n|-damage|p1a: Clefable|0 fnt\n|faint|p1a: Clefable\n|\n|upkeep\n|\n|t:|1775933886\n|switch|p1a: Corviknight|Corviknight, L50, F|100/100\n|turn|7\n|\n|t:|1775933897\n|move|p1a: Corviknight|Hyper Voice|p2a: Kingambit\n|-resisted|p2a: Kingambit|1\n|-damage|p2a: Kingambit|0 fnt\n|faint|p2a: Kingambit\n|-end|p2a: Kingambit|fallenundefined|[silent]\n|\n|upkeep\n|\n|t:|1775933902\n|switch|p2a: Palafin|Palafin-Hero, L50, F, shiny|85/100\n|turn|8\n|\n|t:|1775933906\n|move|p2a: Palafin|Jet Punch|p1a: Corviknight\n|-damage|p1a: Corviknight|25/100\n|replace|p1a: Zoroark|Zoroark-Hisui, L50, M\n|-end|p1a: Zoroark|Illusion\n|move|p1a: Zoroark|Hyper Voice|p2a: Palafin\n|-damage|p2a: Palafin|36/100\n|-enditem|p2a: Palafin|Sitrus Berry|[eat]\n|-heal|p2a: Palafin|61/100|[from] item: Sitrus Berry\n|\n|upkeep\n|turn|9\n|j| bloodyfrogkingdom\n|j| TheNewBrends11@!\n|\n|t:|1775933915\n|switch|p1a: Corviknight|Corviknight, L50, F|62/100\n|-ability|p1a: Corviknight|Pressure\n|move|p2a: Palafin|Jet Punch|p1a: Corviknight\n|-damage|p1a: Corviknight|37/100\n|\n|upkeep\n|turn|10\n|\n|t:|1775933921\n|move|p2a: Palafin|Close Combat|p1a: Corviknight\n|-damage|p1a: Corviknight|5/100\n|-unboost|p2a: Palafin|def|1\n|-unboost|p2a: Palafin|spd|1\n|move|p1a: Corviknight|Roost|p1a: Corviknight\n|-heal|p1a: Corviknight|56/100\n|-singleturn|p1a: Corviknight|move: Roost\n|\n|upkeep\n|turn|11\n|\n|t:|1775933937\n|move|p2a: Palafin|Close Combat|p1a: Corviknight\n|-damage|p1a: Corviknight|21/100\n|-unboost|p2a: Palafin|def|1\n|-unboost|p2a: Palafin|spd|1\n|move|p1a: Corviknight|Roost|p1a: Corviknight\n|-heal|p1a: Corviknight|72/100\n|-singleturn|p1a: Corviknight|move: Roost\n|\n|upkeep\n|turn|12\n|l| kadur683\n|inactive|zi_was_here has 30 seconds left.\n|\n|t:|1775933963\n|move|p2a: Palafin|Close Combat|p1a: Corviknight\n|-damage|p1a: Corviknight|39/100\n|-unboost|p2a: Palafin|def|1\n|-unboost|p2a: Palafin|spd|1\n|move|p1a: Corviknight|U-turn|p2a: Palafin\n|-damage|p2a: Palafin|23/100\n|\n|t:|1775933969\n|switch|p1a: Corviknight|Corviknight, L50, F|25/100|[from] U-turn\n|\n|upkeep\n|turn|13\n|c|\u2606AjTheEpic|damn\n|c|\u2606AjTheEpic|i thought you'd get out\n|\n|t:|1775933980\n|move|p1a: Corviknight|Hyper Voice|p2a: Palafin\n|-damage|p2a: Palafin|0 fnt\n|faint|p2a: Palafin\n|\n|upkeep\n|\n|t:|1775933989\n|switch|p2a: Delphox|Delphox, L50, F, shiny|76/100\n|turn|14\n|c|\u2606AjTheEpic|???brother jet punch won the game\n|j| Nikocado Allahcado\n|\n|t:|1775933994\n|detailschange|p2a: Delphox|Delphox-Mega, L50, F, shiny\n|-mega|p2a: Delphox|Delphox|Delphoxite\n|move|p1a: Corviknight|Hyper Voice|p2a: Delphox\n|-damage|p2a: Delphox|32/100\n|move|p2a: Delphox|Flamethrower|p1a: Corviknight\n|-damage|p1a: Corviknight|0 fnt\n|replace|p1a: Zoroark|Zoroark-Hisui, L50, M\n|-end|p1a: Zoroark|Illusion\n|faint|p1a: Zoroark\n|\n|upkeep\n|c|\u2606AjTheEpic|i mean it still does i gues\n|\n|t:|1775934003\n|switch|p1a: Corviknight|Corviknight, L50, F|39/100\n|-ability|p1a: Corviknight|Pressure\n|turn|15\n|\n|t:|1775934015\n|move|p2a: Delphox|Flamethrower|p1a: Corviknight\n|-supereffective|p1a: Corviknight|1\n|-damage|p1a: Corviknight|0 fnt\n|faint|p1a: Corviknight\n|\n|win|zi_was_here\n|n|\u2606AjTheEpic|ajtheepic\n|n|\u2606zi_was_here|ziwashere\n|n| vivipk|vivipk\n|n| Zangoose360|zangoose360\n|n| bloodyfrogkingdom|bloodyfrogkingdom\n|n| TheNewBrends11@!|thenewbrends11\n|n| Nikocado Allahcado|nikocadoallahcado\n|l|\u2606AjTheEpic\n|player|p1|\n|l|\u2606zi_was_here\n|player|p2|\n|j| cherif19\n|l| bloodyfrogkingdom\n|l| vivipk\n|l| cherif19\n|j| Mugenman88\n|l| Nikocado Allahcado\n|j| Nikocado Allahcado\n|l| Nikocado Allahcado\n|l| Mugenman88\n",
  "uploadtime": 1775934391,
  "views": 17,
  "formatid": "gen9championsbssregma",
  "rating": null,
  "private": 0,
  "password": null
}