{
  "id": "gen9championsbssregma-2583928575",
  "format": "[Gen 9 Champions] BSS Reg M-A",
  "players": [
    "isaacmora22",
    "lligand"
  ],
  "log": "|j|\u2606isaacmora22\n|j|\u2606lligand\n|t:|1776209126\n|gametype|singles\n|player|p1|isaacmora22|hilbert|1026\n|player|p2|lligand|1|1126\n|gen|9\n|tier|[Gen 9 Champions] BSS Reg M-A\n|rated|\n|rule|Species Clause: Limit one of each Pok\u00e9mon\n|rule|Item Clause: Limit 1 of each item\n|clearpoke\n|poke|p1|Flareon, L50, M|\n|poke|p1|Dragonite, L50, M|\n|poke|p1|Luxray, L50, M|\n|poke|p1|Clawitzer, L50, M|\n|poke|p1|Sableye, L50, M|\n|poke|p1|Archaludon, L50, F|\n|poke|p2|Glimmora, L50, M|\n|poke|p2|Lucario, L50, M|\n|poke|p2|Runerigus, L50, M|\n|poke|p2|Whimsicott, L50, F|\n|poke|p2|Dragonite, L50, M|\n|poke|p2|Primarina, L50, M|\n|teampreview|3\n|inactive|Battle timer is ON: inactive players will automatically lose when time's up. (requested by lligand)\n|\n|t:|1776209160\n|teamsize|p1|3\n|teamsize|p2|3\n|start\n|switch|p1a: Camden|Flareon, L50, M|100/100\n|switch|p2a: Glimmora|Glimmora, L50, M|100/100\n|turn|1\n|\n|t:|1776209166\n|move|p2a: Glimmora|Stealth Rock|p1a: Camden\n|-sidestart|p1: isaacmora22|move: Stealth Rock\n|move|p1a: Camden|Scorching Sands|p2a: Glimmora\n|-supereffective|p2a: Glimmora|2\n|-damage|p2a: Glimmora|10/100\n|-status|p2a: Glimmora|brn\n|\n|-damage|p2a: Glimmora|4/100 brn|[from] brn\n|upkeep\n|turn|2\n|\n|t:|1776209179\n|move|p2a: Glimmora|Earth Power|p1a: Camden\n|-supereffective|p1a: Camden|1\n|-damage|p1a: Camden|23/100\n|move|p1a: Camden|Flamethrower|p2a: Glimmora\n|-resisted|p2a: Glimmora|1\n|-damage|p2a: Glimmora|0 fnt\n|faint|p2a: Glimmora\n|\n|-heal|p1a: Camden|29/100|[from] item: Leftovers\n|upkeep\n|\n|t:|1776209183\n|switch|p2a: Lucario|Lucario, L50, M|100/100\n|turn|3\n|\n|t:|1776209191\n|detailschange|p2a: Lucario|Lucario-Mega, L50, M\n|-mega|p2a: Lucario|Lucario|Lucarionite\n|move|p2a: Lucario|Aura Sphere|p1a: Camden\n|-damage|p1a: Camden|0 fnt\n|faint|p1a: Camden\n|\n|upkeep\n|\n|t:|1776209198\n|switch|p1a: Migo|Dragonite, L50, M|100/100\n|-damage|p1a: Migo|76/100|[from] Stealth Rock\n|turn|4\n|\n|t:|1776209211\n|detailschange|p1a: Migo|Dragonite-Mega, L50, M\n|-mega|p1a: Migo|Dragonite|Dragoninite\n|move|p2a: Lucario|Flash Cannon|p1a: Migo\n|-damage|p1a: Migo|31/100\n|move|p1a: Migo|Flamethrower|p2a: Lucario\n|-supereffective|p2a: Lucario|1\n|-damage|p2a: Lucario|0 fnt\n|faint|p2a: Lucario\n|\n|upkeep\n|\n|t:|1776209218\n|switch|p2a: Whimsicott|Whimsicott, L50, F|100/100\n|turn|5\n|\n|t:|1776209223\n|move|p1a: Migo|Flamethrower|p2a: Whimsicott\n|-supereffective|p2a: Whimsicott|1\n|-damage|p2a: Whimsicott|21/100\n|move|p2a: Whimsicott|Giga Drain|p1a: Migo\n|-resisted|p1a: Migo|2\n|-damage|p1a: Migo|27/100\n|-heal|p2a: Whimsicott|23/100|[from] drain|[of] p1a: Migo\n|\n|-heal|p2a: Whimsicott|30/100|[from] item: Leftovers\n|upkeep\n|turn|6\n|\n|t:|1776209233\n|move|p2a: Whimsicott|Leech Seed|p1a: Migo\n|-start|p1a: Migo|move: Leech Seed\n|move|p1a: Migo|Ice Beam|p2a: Whimsicott\n|-supereffective|p2a: Whimsicott|1\n|-damage|p2a: Whimsicott|0 fnt\n|faint|p2a: Whimsicott\n|\n|win|isaacmora22\n|raw|isaacmora22's rating: 1026 &rarr; <strong>1072</strong><br />(+46 for winning)\n|raw|lligand's rating: 1126 &rarr; <strong>1094</strong><br />(-32 for losing)\n|l|\u2606lligand\n|player|p2|\n",
  "uploadtime": 1776209242,
  "views": 1,
  "formatid": "gen9championsbssregma",
  "rating": 1072,
  "private": 0,
  "password": null
}