{
  "id": "gen9championsbssregma-2589366945",
  "format": "[Gen 9 Champions] BSS Reg M-A",
  "players": [
    "UtopicTurtle",
    "joguri"
  ],
  "log": "|j|\u2606UtopicTurtle\n|j|\u2606joguri\n|t:|1776717397\n|gametype|singles\n|player|p1|UtopicTurtle|drayden|1064\n|player|p2|joguri|dawn|1157\n|gen|9\n|tier|[Gen 9 Champions] BSS Reg M-A\n|rated|\n|rule|Species Clause: Limit one of each Pok\u00e9mon\n|rule|Item Clause: Limit 1 of each item\n|clearpoke\n|poke|p1|Volcarona, L50, F|\n|poke|p1|Slowking-Galar, L50, F|\n|poke|p1|Zoroark-Hisui, L50, F|\n|poke|p1|Lucario, L50, M|\n|poke|p1|Garchomp, L50, F|\n|poke|p1|Primarina, L50, F|\n|poke|p2|Lopunny, L50, M|\n|poke|p2|Garchomp, L50, M|\n|poke|p2|Glimmora, L50, M|\n|poke|p2|Primarina, L50, F|\n|poke|p2|Corviknight, L50, F|\n|poke|p2|Clefable, L50, F|\n|teampreview|3\n|inactive|Battle timer is ON: inactive players will automatically lose when time's up. (requested by joguri)\n|\n|t:|1776717426\n|teamsize|p1|3\n|teamsize|p2|3\n|start\n|switch|p1a: Primarina|Primarina, L50, F|100/100\n|switch|p2a: Lopunny|Lopunny, L50, M|100/100\n|turn|1\n|\n|t:|1776717432\n|switch|p1a: Volcarona|Volcarona, L50, F|100/100\n|move|p2a: Lopunny|Cosmic Power|p2a: Lopunny\n|-boost|p2a: Lopunny|def|1\n|-boost|p2a: Lopunny|spd|1\n|\n|upkeep\n|turn|2\n|\n|t:|1776717441\n|move|p2a: Lopunny|Cotton Guard|p2a: Lopunny\n|-boost|p2a: Lopunny|def|3\n|move|p1a: Volcarona|Quiver Dance|p1a: Volcarona\n|-boost|p1a: Volcarona|spa|1\n|-boost|p1a: Volcarona|spd|1\n|-boost|p1a: Volcarona|spe|1\n|\n|upkeep\n|turn|3\n|\n|t:|1776717452\n|move|p1a: Volcarona|Fiery Dance|p2a: Lopunny\n|-damage|p2a: Lopunny|60/100\n|-boost|p1a: Volcarona|spa|1\n|move|p2a: Lopunny|Baton Pass|p2a: Lopunny\n|\n|t:|1776717457\n|switch|p2a: Clefable|Clefable, L50, F|100/100|[from] Baton Pass\n|\n|upkeep\n|turn|4\n|\n|t:|1776717463\n|move|p1a: Volcarona|Bug Buzz|p2a: Clefable\n|-resisted|p2a: Clefable|1\n|-damage|p2a: Clefable|92/100\n|move|p2a: Clefable|Calm Mind|p2a: Clefable\n|-boost|p2a: Clefable|spa|1\n|-boost|p2a: Clefable|spd|1\n|\n|upkeep\n|turn|5\n|\n|t:|1776717475\n|move|p1a: Volcarona|Quiver Dance|p1a: Volcarona\n|-boost|p1a: Volcarona|spa|1\n|-boost|p1a: Volcarona|spd|1\n|-boost|p1a: Volcarona|spe|1\n|move|p2a: Clefable|Calm Mind|p2a: Clefable\n|-boost|p2a: Clefable|spa|1\n|-boost|p2a: Clefable|spd|1\n|\n|upkeep\n|turn|6\n|\n|t:|1776717481\n|move|p1a: Volcarona|Quiver Dance|p1a: Volcarona\n|-boost|p1a: Volcarona|spa|1\n|-boost|p1a: Volcarona|spd|1\n|-boost|p1a: Volcarona|spe|1\n|move|p2a: Clefable|Calm Mind|p2a: Clefable\n|-boost|p2a: Clefable|spa|1\n|-boost|p2a: Clefable|spd|1\n|\n|upkeep\n|turn|7\n|\n|t:|1776717488\n|move|p1a: Volcarona|Quiver Dance|p1a: Volcarona\n|-boost|p1a: Volcarona|spa|1\n|-boost|p1a: Volcarona|spd|1\n|-boost|p1a: Volcarona|spe|1\n|move|p2a: Clefable|Calm Mind|p2a: Clefable\n|-boost|p2a: Clefable|spa|1\n|-boost|p2a: Clefable|spd|1\n|\n|upkeep\n|turn|8\n|\n|t:|1776717495\n|move|p1a: Volcarona|Quiver Dance|p1a: Volcarona\n|-boost|p1a: Volcarona|spa|1\n|-boost|p1a: Volcarona|spd|1\n|-boost|p1a: Volcarona|spe|1\n|move|p2a: Clefable|Calm Mind|p2a: Clefable\n|-boost|p2a: Clefable|spa|1\n|-boost|p2a: Clefable|spd|1\n|\n|upkeep\n|turn|9\n|\n|t:|1776717501\n|move|p1a: Volcarona|Fiery Dance|p2a: Clefable\n|-damage|p2a: Clefable|86/100\n|move|p2a: Clefable|Stored Power|p1a: Volcarona\n|-damage|p1a: Volcarona|0 fnt\n|faint|p1a: Volcarona\n|\n|upkeep\n|\n|t:|1776717509\n|switch|p1a: Primarina|Primarina, L50, F|100/100\n|turn|10\n|\n|t:|1776717514\n|move|p1a: Primarina|Surf|p2a: Clefable\n|-damage|p2a: Clefable|77/100\n|move|p2a: Clefable|Stored Power|p1a: Primarina\n|-damage|p1a: Primarina|0 fnt\n|faint|p1a: Primarina\n|\n|upkeep\n|-message|UtopicTurtle forfeited.\n|\n|win|joguri\n|raw|UtopicTurtle's rating: 1064 &rarr; <strong>1050</strong><br />(-14 for losing)\n|raw|joguri's rating: 1157 &rarr; <strong>1175</strong><br />(+18 for winning)\n|l|\u2606UtopicTurtle\n|player|p1|\n",
  "uploadtime": 1776717521,
  "views": 2,
  "formatid": "gen9championsbssregma",
  "rating": 1050,
  "private": 0,
  "password": null
}