{
  "id": "gen9championsbssregma-2584185824",
  "format": "[Gen 9 Champions] BSS Reg M-A",
  "players": [
    "Helloguyslol",
    "ray-1055"
  ],
  "log": "|j|\u2606Helloguyslol\n|j|\u2606ray-1055\n|t:|1776235677\n|gametype|singles\n|player|p1|Helloguyslol|unknown|1322\n|player|p2|ray-1055|2|1277\n|gen|9\n|tier|[Gen 9 Champions] BSS Reg M-A\n|rated|\n|rule|Species Clause: Limit one of each Pok\u00e9mon\n|rule|Item Clause: Limit 1 of each item\n|clearpoke\n|poke|p1|Rotom-Heat, L50|\n|poke|p1|Hippowdon, L50, F|\n|poke|p1|Kingambit, L50, M|\n|poke|p1|Slowking-Galar, L50, M|\n|poke|p1|Meganium, L50, M|\n|poke|p1|Lopunny, L50, M|\n|poke|p2|Gengar, L50, F|\n|poke|p2|Charizard, L50, F|\n|poke|p2|Ditto, L50|\n|poke|p2|Palafin, L50, M|\n|poke|p2|Scizor, L50, F|\n|poke|p2|Rotom-Wash, L50|\n|teampreview|3\n|inactive|Battle timer is ON: inactive players will automatically lose when time's up. (requested by Helloguyslol)\n|\n|t:|1776235704\n|teamsize|p1|3\n|teamsize|p2|3\n|start\n|switch|p1a: Rotom|Rotom-Heat, L50|100/100\n|switch|p2a: Palafin|Palafin, L50, M|100/100\n|turn|1\n|\n|t:|1776235713\n|switch|p1a: Meganium|Meganium, L50, M|100/100\n|move|p2a: Palafin|Wave Crash|p1a: Meganium\n|-resisted|p1a: Meganium|1\n|-damage|p1a: Meganium|73/100\n|-damage|p2a: Palafin|91/100|[from] Recoil\n|\n|upkeep\n|turn|2\n|\n|t:|1776235721\n|detailschange|p2a: Palafin|Palafin-Hero, L50, M\n|switch|p2a: Charizard|Charizard, L50, F|100/100\n|detailschange|p1a: Meganium|Meganium-Mega, L50, M\n|-mega|p1a: Meganium|Meganium|Meganiumite\n|move|p1a: Meganium|Solar Beam||[still]\n|-prepare|p1a: Meganium|Solar Beam\n|-activate|p1a: Meganium|ability: Mega Sol\n|-anim|p1a: Meganium|Solar Beam|p2a: Charizard\n|-resisted|p2a: Charizard|2\n|-damage|p2a: Charizard|75/100\n|\n|upkeep\n|turn|3\n|\n|t:|1776235731\n|switch|p1a: Rotom|Rotom-Heat, L50|100/100\n|detailschange|p2a: Charizard|Charizard-Mega-Y, L50, F\n|-mega|p2a: Charizard|Charizard|Charizardite Y\n|-weather|SunnyDay|[from] ability: Drought|[of] p2a: Charizard\n|move|p2a: Charizard|Overheat|p1a: Rotom\n|-resisted|p1a: Rotom|1\n|-damage|p1a: Rotom|54/100\n|-unboost|p2a: Charizard|spa|2\n|\n|-weather|SunnyDay|[upkeep]\n|-heal|p1a: Rotom|60/100|[from] item: Leftovers\n|upkeep\n|turn|4\n|\n|t:|1776235742\n|switch|p2a: Rotom|Rotom-Wash, L50|100/100\n|move|p1a: Rotom|Volt Switch|p2a: Rotom\n|-damage|p2a: Rotom|78/100\n|\n|t:|1776235745\n|switch|p1a: Meganium|Meganium-Mega, L50, M|73/100|[from] Volt Switch\n|\n|-weather|SunnyDay|[upkeep]\n|-heal|p2a: Rotom|83/100|[from] item: Leftovers\n|upkeep\n|turn|5\n|\n|t:|1776235758\n|switch|p2a: Charizard|Charizard-Mega-Y, L50, F|75/100\n|move|p1a: Meganium|Solar Beam||[still]\n|-prepare|p1a: Meganium|Solar Beam\n|-anim|p1a: Meganium|Solar Beam|p2a: Charizard\n|-resisted|p2a: Charizard|2\n|-damage|p2a: Charizard|57/100\n|\n|-weather|SunnyDay|[upkeep]\n|upkeep\n|turn|6\n|\n|t:|1776235764\n|switch|p1a: Slowking|Slowking-Galar, L50, M|100/100\n|move|p2a: Charizard|Weather Ball|p1a: Slowking\n|-damage|p1a: Slowking|41/100\n|\n|-weather|SunnyDay|[upkeep]\n|upkeep\n|turn|7\n|\n|t:|1776235772\n|move|p2a: Charizard|Weather Ball|p1a: Slowking\n|-damage|p1a: Slowking|0 fnt\n|faint|p1a: Slowking\n|\n|-weather|none\n|upkeep\n|\n|t:|1776235774\n|switch|p1a: Rotom|Rotom-Heat, L50|60/100\n|turn|8\n|\n|t:|1776235790\n|switch|p2a: Rotom|Rotom-Wash, L50|83/100\n|move|p1a: Rotom|Volt Switch|p2a: Rotom\n|-damage|p2a: Rotom|60/100\n|\n|t:|1776235792\n|switch|p1a: Meganium|Meganium-Mega, L50, M|73/100|[from] Volt Switch\n|\n|-heal|p2a: Rotom|66/100|[from] item: Leftovers\n|upkeep\n|turn|9\n|\n|t:|1776235797\n|switch|p1a: Rotom|Rotom-Heat, L50|60/100\n|switch|p2a: Charizard|Charizard-Mega-Y, L50, F|57/100\n|-weather|SunnyDay|[from] ability: Drought|[of] p2a: Charizard\n|\n|-weather|SunnyDay|[upkeep]\n|-heal|p1a: Rotom|65/100|[from] item: Leftovers\n|upkeep\n|turn|10\n|\n|t:|1776235801\n|switch|p2a: Rotom|Rotom-Wash, L50|66/100\n|move|p1a: Rotom|Volt Switch|p2a: Rotom\n|-damage|p2a: Rotom|46/100\n|\n|t:|1776235803\n|switch|p1a: Meganium|Meganium-Mega, L50, M|73/100|[from] Volt Switch\n|\n|-weather|SunnyDay|[upkeep]\n|-heal|p2a: Rotom|52/100|[from] item: Leftovers\n|upkeep\n|turn|11\n|\n|t:|1776235810\n|move|p1a: Meganium|Solar Beam||[still]\n|-prepare|p1a: Meganium|Solar Beam\n|-anim|p1a: Meganium|Solar Beam|p2a: Rotom\n|-supereffective|p2a: Rotom|1\n|-crit|p2a: Rotom\n|-damage|p2a: Rotom|0 fnt\n|faint|p2a: Rotom\n|\n|-weather|SunnyDay|[upkeep]\n|upkeep\n|\n|t:|1776235811\n|switch|p2a: Charizard|Charizard-Mega-Y, L50, F|57/100\n|turn|12\n|\n|t:|1776235816\n|switch|p1a: Rotom|Rotom-Heat, L50|65/100\n|move|p2a: Charizard|Weather Ball|p1a: Rotom\n|-resisted|p1a: Rotom|1\n|-damage|p1a: Rotom|30/100\n|\n|-weather|SunnyDay|[upkeep]\n|-heal|p1a: Rotom|36/100|[from] item: Leftovers\n|upkeep\n|turn|13\n|\n|t:|1776235823\n|move|p2a: Charizard|Overheat|p1a: Rotom\n|-resisted|p1a: Rotom|1\n|-damage|p1a: Rotom|0 fnt\n|-unboost|p2a: Charizard|spa|2\n|faint|p1a: Rotom\n|\n|-weather|none\n|upkeep\n|\n|t:|1776235824\n|switch|p1a: Meganium|Meganium-Mega, L50, M|73/100\n|turn|14\n|\n|t:|1776235827\n|switch|p2a: Palafin|Palafin-Hero, L50, M|91/100\n|-activate|p2a: Palafin|ability: Zero to Hero\n|move|p1a: Meganium|Solar Beam||[still]\n|-prepare|p1a: Meganium|Solar Beam\n|-activate|p1a: Meganium|ability: Mega Sol\n|-anim|p1a: Meganium|Solar Beam|p2a: Palafin\n|-supereffective|p2a: Palafin|1\n|-damage|p2a: Palafin|0 fnt\n|faint|p2a: Palafin\n|\n|upkeep\n|\n|t:|1776235828\n|switch|p2a: Charizard|Charizard-Mega-Y, L50, F|57/100\n|-weather|SunnyDay|[from] ability: Drought|[of] p2a: Charizard\n|turn|15\n|\n|t:|1776235831\n|move|p2a: Charizard|Weather Ball|p1a: Meganium\n|-supereffective|p1a: Meganium|1\n|-damage|p1a: Meganium|0 fnt\n|faint|p1a: Meganium\n|\n|win|ray-1055\n|raw|Helloguyslol's rating: 1322 &rarr; <strong>1299</strong><br />(-23 for losing)\n|raw|ray-1055's rating: 1277 &rarr; <strong>1305</strong><br />(+28 for winning)\n|l|\u2606Helloguyslol\n|player|p1|\n",
  "uploadtime": 1776235866,
  "views": 11,
  "formatid": "gen9championsbssregma",
  "rating": 1299,
  "private": 0,
  "password": null
}