{
  "id": "gen9championsbssregma-2587350560",
  "format": "[Gen 9 Champions] BSS Reg M-A",
  "players": [
    "yukd-\u30eb\u30a2\u30c9",
    "LuceStellarum"
  ],
  "log": "|j|\u2606yukd-\u30eb\u30a2\u30c9\n|j|\u2606LuceStellarum\n|t:|1776524403\n|gametype|singles\n|player|p1|yukd-\u30eb\u30a2\u30c9|lyra|1163\n|player|p2|LuceStellarum|caitlin|1038\n|gen|9\n|tier|[Gen 9 Champions] BSS Reg M-A\n|rated|\n|rule|Species Clause: Limit one of each Pok\u00e9mon\n|rule|Item Clause: Limit 1 of each item\n|clearpoke\n|poke|p1|Lopunny, L50, F|\n|poke|p1|Skeledirge, L50, M|\n|poke|p1|Floette-Eternal, L50, F|\n|poke|p1|Glimmora, L50, M|\n|poke|p1|Milotic, L50, F|\n|poke|p1|Kingambit, L50, M|\n|poke|p2|Lucario, L50, M|\n|poke|p2|Liepard, L50, F|\n|poke|p2|Starmie, L50|\n|poke|p2|Ceruledge, L50, F|\n|poke|p2|Ditto, L50|\n|poke|p2|Kingambit, L50, M|\n|teampreview|3\n|inactive|Battle timer is ON: inactive players will automatically lose when time's up. (requested by LuceStellarum)\n|\n|t:|1776524422\n|teamsize|p1|3\n|teamsize|p2|3\n|start\n|switch|p1a: Glimmora|Glimmora, L50, M|100/100\n|switch|p2a: Lucario|Lucario, L50, M|100/100\n|turn|1\n|\n|t:|1776524440\n|move|p2a: Lucario|Meteor Mash|p1a: Glimmora\n|-supereffective|p1a: Glimmora|1\n|-damage|p1a: Glimmora|14/100\n|-activate|p1a: Glimmora|ability: Toxic Debris\n|-sidestart|p2: LuceStellarum|move: Toxic Spikes\n|move|p1a: Glimmora|Earth Power|p2a: Lucario\n|-supereffective|p2a: Lucario|1\n|-damage|p2a: Lucario|8/100\n|\n|upkeep\n|turn|2\n|\n|t:|1776524451\n|move|p2a: Lucario|Meteor Mash|p1a: Glimmora\n|-supereffective|p1a: Glimmora|1\n|-damage|p1a: Glimmora|0 fnt\n|-boost|p2a: Lucario|atk|1\n|-activate|p1a: Glimmora|ability: Toxic Debris\n|-sidestart|p2: LuceStellarum|move: Toxic Spikes\n|faint|p1a: Glimmora\n|\n|upkeep\n|\n|t:|1776524460\n|switch|p1a: Lopunny|Lopunny, L50, F|100/100\n|turn|3\n|\n|t:|1776524466\n|switch|p2a: Ceruledge|Ceruledge, L50, F|100/100\n|-status|p2a: Ceruledge|tox\n|detailschange|p1a: Lopunny|Lopunny-Mega, L50, F\n|-mega|p1a: Lopunny|Lopunny|Lopunnite\n|move|p1a: Lopunny|Cotton Guard|p1a: Lopunny\n|-boost|p1a: Lopunny|def|3\n|\n|-damage|p2a: Ceruledge|95/100 tox|[from] psn\n|upkeep\n|turn|4\n|\n|t:|1776524478\n|move|p1a: Lopunny|Swords Dance|p1a: Lopunny\n|-boost|p1a: Lopunny|atk|2\n|move|p2a: Ceruledge|Bitter Blade|p1a: Lopunny\n|-damage|p1a: Lopunny|87/100\n|-heal|p2a: Ceruledge|100/100 tox|[from] drain|[of] p1a: Lopunny\n|\n|-damage|p2a: Ceruledge|89/100 tox|[from] psn\n|upkeep\n|turn|5\n|\n|t:|1776524488\n|move|p1a: Lopunny|Cotton Guard|p1a: Lopunny\n|-boost|p1a: Lopunny|def|3\n|move|p2a: Ceruledge|Psycho Cut|p1a: Lopunny\n|-supereffective|p1a: Lopunny|1\n|-damage|p1a: Lopunny|76/100\n|\n|-damage|p2a: Ceruledge|71/100 tox|[from] psn\n|upkeep\n|turn|6\n|\n|t:|1776524497\n|move|p1a: Lopunny|Swords Dance|p1a: Lopunny\n|-boost|p1a: Lopunny|atk|2\n|move|p2a: Ceruledge|Psycho Cut|p1a: Lopunny\n|-supereffective|p1a: Lopunny|1\n|-damage|p1a: Lopunny|67/100\n|\n|-damage|p2a: Ceruledge|47/100 tox|[from] psn\n|upkeep\n|turn|7\n|\n|t:|1776524506\n|move|p1a: Lopunny|Drain Punch|p2a: Ceruledge\n|-damage|p2a: Ceruledge|0 fnt\n|-heal|p1a: Lopunny|88/100|[from] drain|[of] p2a: Ceruledge\n|faint|p2a: Ceruledge\n|\n|upkeep\n|\n|t:|1776524518\n|switch|p2a: Lucario|Lucario, L50, M|8/100\n|turn|8\n|\n|t:|1776524523\n|move|p2a: Lucario|Close Combat|p1a: Lopunny\n|-supereffective|p1a: Lopunny|1\n|-damage|p1a: Lopunny|69/100\n|-unboost|p2a: Lucario|def|1\n|-unboost|p2a: Lucario|spd|1\n|move|p1a: Lopunny|Drain Punch|p2a: Lucario\n|-supereffective|p2a: Lucario|1\n|-damage|p2a: Lucario|0 fnt\n|-heal|p1a: Lopunny|73/100|[from] drain|[of] p2a: Lucario\n|faint|p2a: Lucario\n|\n|upkeep\n|\n|t:|1776524530\n|switch|p2a: Liepard|Liepard, L50, F|100/100\n|-status|p2a: Liepard|tox\n|turn|9\n|\n|t:|1776524539\n|move|p2a: Liepard|Foul Play|p1a: Lopunny\n|-resisted|p1a: Lopunny|1\n|-damage|p1a: Lopunny|60/100\n|move|p1a: Lopunny|Drain Punch|p2a: Liepard\n|-supereffective|p2a: Liepard|1\n|-damage|p2a: Liepard|0 fnt\n|-heal|p1a: Lopunny|100/100|[from] drain|[of] p2a: Liepard\n|faint|p2a: Liepard\n|\n|win|yukd-\u30eb\u30a2\u30c9\n|raw|yukd-\u30eb\u30a2\u30c9's rating: 1163 &rarr; <strong>1179</strong><br />(+16 for winning)\n|raw|LuceStellarum's rating: 1038 &rarr; <strong>1028</strong><br />(-10 for losing)\n|l|\u2606LuceStellarum\n|player|p2|\n",
  "uploadtime": 1776524552,
  "views": 5,
  "formatid": "gen9championsbssregma",
  "rating": 1028,
  "private": 0,
  "password": null
}