{
  "id": "gen9championsbssregma-2584246409",
  "format": "[Gen 9 Champions] BSS Reg M-A",
  "players": [
    "fletchyfletchy",
    "N1shin*"
  ],
  "log": "|j|\u2606fletchyfletchy\n|j|\u2606N1shin*\n|t:|1776242774\n|gametype|singles\n|player|p1|fletchyfletchy|liko|1108\n|player|p2|N1shin*|dancer|1126\n|gen|9\n|tier|[Gen 9 Champions] BSS Reg M-A\n|rated|\n|rule|Species Clause: Limit one of each Pok\u00e9mon\n|rule|Item Clause: Limit 1 of each item\n|clearpoke\n|poke|p1|Lopunny, L50, M|\n|poke|p1|Basculegion, L50, M|\n|poke|p1|Meowscarada, L50, F|\n|poke|p1|Aegislash, L50, M|\n|poke|p1|Charizard, L50, F|\n|poke|p1|Ninetales-Alola, L50, M|\n|poke|p2|Delphox, L50, F|\n|poke|p2|Gyarados, L50, F|\n|poke|p2|Garchomp, L50, F|\n|poke|p2|Conkeldurr, L50, M|\n|poke|p2|Arcanine-Hisui, L50, M|\n|poke|p2|Forretress, L50, M|\n|teampreview|3\n|inactive|Battle timer is ON: inactive players will automatically lose when time's up. (requested by N1shin*)\n|inactive|fletchyfletchy has 60 seconds left.\n|\n|t:|1776242808\n|teamsize|p1|3\n|teamsize|p2|3\n|start\n|switch|p1a: Lopunny|Lopunny, L50, M|100/100\n|switch|p2a: Forretress|Forretress, L50, M|100/100\n|turn|1\n|\n|t:|1776242813\n|detailschange|p1a: Lopunny|Lopunny-Mega, L50, M\n|-mega|p1a: Lopunny|Lopunny|Lopunnite\n|move|p1a: Lopunny|Fake Out|p2a: Forretress\n|-resisted|p2a: Forretress|1\n|-damage|p2a: Forretress|92/100\n|cant|p2a: Forretress|flinch\n|\n|-heal|p2a: Forretress|98/100|[from] item: Leftovers\n|upkeep\n|turn|2\n|\n|t:|1776242830\n|move|p1a: Lopunny|Swords Dance|p1a: Lopunny\n|-boost|p1a: Lopunny|atk|2\n|move|p2a: Forretress|Counter||[still]\n|-fail|p2a: Forretress\n|\n|-heal|p2a: Forretress|100/100|[from] item: Leftovers\n|upkeep\n|turn|3\n|\n|t:|1776242841\n|move|p1a: Lopunny|Swords Dance|p1a: Lopunny\n|-boost|p1a: Lopunny|atk|2\n|move|p2a: Forretress|Counter||[still]\n|-fail|p2a: Forretress\n|\n|upkeep\n|turn|4\n|\n|t:|1776242846\n|move|p1a: Lopunny|Swords Dance|p1a: Lopunny\n|-boost|p1a: Lopunny|atk|2\n|move|p2a: Forretress|Counter||[still]\n|-fail|p2a: Forretress\n|\n|upkeep\n|turn|5\n|\n|t:|1776242852\n|move|p1a: Lopunny|Close Combat|p2a: Forretress\n|-damage|p2a: Forretress|0 fnt\n|-unboost|p1a: Lopunny|def|1\n|-unboost|p1a: Lopunny|spd|1\n|faint|p2a: Forretress\n|\n|upkeep\n|\n|t:|1776242858\n|switch|p2a: Garchomp|Garchomp, L50, F|100/100\n|turn|6\n|\n|t:|1776242863\n|move|p1a: Lopunny|Triple Axel|p2a: Garchomp\n|-supereffective|p2a: Garchomp|2\n|-enditem|p2a: Garchomp|Focus Sash\n|-damage|p2a: Garchomp|1/100\n|-damage|p1a: Lopunny|89/100|[from] ability: Rough Skin|[of] p2a: Garchomp\n|-hitcount|p2a: Garchomp|1\n|move|p2a: Garchomp|Scale Shot|p1a: Lopunny\n|-damage|p1a: Lopunny|61/100\n|-damage|p1a: Lopunny|36/100\n|-hitcount|p1a: Lopunny|2\n|-unboost|p2a: Garchomp|def|1\n|-boost|p2a: Garchomp|spe|1\n|\n|upkeep\n|turn|7\n|\n|t:|1776242875\n|move|p2a: Garchomp|Scale Shot|p1a: Lopunny|[miss]\n|-miss|p2a: Garchomp|p1a: Lopunny\n|move|p1a: Lopunny|Triple Axel|p2a: Garchomp\n|-supereffective|p2a: Garchomp|2\n|-damage|p2a: Garchomp|0 fnt\n|-damage|p1a: Lopunny|24/100|[from] ability: Rough Skin|[of] p2a: Garchomp\n|faint|p2a: Garchomp\n|-hitcount|p2: Garchomp|1\n|\n|upkeep\n|-message|N1shin* forfeited.\n|\n|win|fletchyfletchy\n|raw|fletchyfletchy's rating: 1108 &rarr; <strong>1134</strong><br />(+26 for winning)\n|raw|N1shin*'s rating: 1126 &rarr; <strong>1100</strong><br />(-26 for losing)\n",
  "uploadtime": 1776242879,
  "views": 3,
  "formatid": "gen9championsbssregma",
  "rating": 1100,
  "private": 0,
  "password": null
}