{
  "id": "gen9championsbssregma-2586006691",
  "format": "[Gen 9 Champions] BSS Reg M-A",
  "players": [
    "bregogo",
    "paulywalnuts"
  ],
  "log": "|j|\u2606bregogo\n|j|\u2606paulywalnuts\n|t:|1776389633\n|gametype|singles\n|player|p1|bregogo|dawn|1326\n|player|p2|paulywalnuts|hero-conquest|1313\n|gen|9\n|tier|[Gen 9 Champions] BSS Reg M-A\n|rated|\n|rule|Species Clause: Limit one of each Pok\u00e9mon\n|rule|Item Clause: Limit 1 of each item\n|clearpoke\n|poke|p1|Greninja-*, L50, F|\n|poke|p1|Mimikyu, L50, F|\n|poke|p1|Archaludon, L50, F|\n|poke|p1|Espathra, L50, F|\n|poke|p1|Charizard, L50, F|\n|poke|p1|Hippowdon, L50, M|\n|poke|p2|Gengar, L50, M|\n|poke|p2|Gallade, L50, M|\n|poke|p2|Forretress, L50, M|\n|poke|p2|Slowking, L50, M|\n|poke|p2|Talonflame, L50, F|\n|poke|p2|Primarina, L50, F|\n|teampreview|3\n|\n|t:|1776389659\n|teamsize|p1|3\n|teamsize|p2|3\n|start\n|switch|p1a: Espathra|Espathra, L50, F|100/100\n|switch|p2a: Slowking|Slowking, L50, M|100/100\n|turn|1\n|\n|t:|1776389665\n|move|p1a: Espathra|Calm Mind|p1a: Espathra\n|-boost|p1a: Espathra|spa|1\n|-boost|p1a: Espathra|spd|1\n|move|p2a: Slowking|Yawn|p1a: Espathra\n|-start|p1a: Espathra|move: Yawn|[of] p2a: Slowking\n|\n|-ability|p1a: Espathra|Speed Boost|boost\n|-boost|p1a: Espathra|spe|1\n|upkeep\n|turn|2\n|\n|t:|1776389680\n|move|p1a: Espathra|Baton Pass|p1a: Espathra\n|\n|t:|1776389682\n|switch|p1a: Archaludon|Archaludon, L50, F|100/100|[from] Baton Pass\n|-prepare|p2a: Slowking|Chilly Reception|[premajor]\n|move|p2a: Slowking|Chilly Reception|p2a: Slowking\n|-weather|Snowscape\n|\n|t:|1776389691\n|switch|p2a: Gallade|Gallade, L50, M|100/100|[from] Chilly Reception\n|\n|-weather|Snowscape|[upkeep]\n|upkeep\n|turn|3\n|\n|t:|1776389705\n|move|p2a: Gallade|Sacred Sword|p1a: Archaludon\n|-supereffective|p1a: Archaludon|1\n|-damage|p1a: Archaludon|6/100\n|-ability|p1a: Archaludon|Stamina|boost\n|-boost|p1a: Archaludon|def|1\n|move|p1a: Archaludon|Draco Meteor|p2a: Gallade\n|-damage|p2a: Gallade|0 fnt\n|-unboost|p1a: Archaludon|spa|2\n|faint|p2a: Gallade\n|\n|-weather|Snowscape|[upkeep]\n|upkeep\n|\n|t:|1776389714\n|switch|p2a: Slowking|Slowking, L50, M|100/100\n|turn|4\n|\n|t:|1776389718\n|move|p1a: Archaludon|Rest|p1a: Archaludon\n|-status|p1a: Archaludon|slp|[from] move: Rest\n|-heal|p1a: Archaludon|100/100 slp|[silent]\n|-enditem|p1a: Archaludon|Chesto Berry|[eat]\n|-curestatus|p1a: Archaludon|slp|[msg]\n|move|p2a: Slowking|Scald|p1a: Archaludon\n|-resisted|p1a: Archaludon|1\n|-damage|p1a: Archaludon|88/100\n|-ability|p1a: Archaludon|Stamina|boost\n|-boost|p1a: Archaludon|def|1\n|\n|-weather|Snowscape|[upkeep]\n|upkeep\n|turn|5\n|\n|t:|1776389724\n|move|p1a: Archaludon|Thunderbolt|p2a: Slowking\n|-supereffective|p2a: Slowking|1\n|-damage|p2a: Slowking|73/100\n|move|p2a: Slowking|Yawn|p1a: Archaludon\n|-start|p1a: Archaludon|move: Yawn|[of] p2a: Slowking\n|\n|-weather|Snowscape|[upkeep]\n|-heal|p2a: Slowking|79/100|[from] item: Leftovers\n|upkeep\n|turn|6\n|\n|t:|1776389731\n|switch|p1a: Espathra|Espathra, L50, F|100/100\n|-prepare|p2a: Slowking|Chilly Reception|[premajor]\n|move|p2a: Slowking|Chilly Reception|p2a: Slowking\n|\n|t:|1776389733\n|switch|p2a: Gengar|Gengar, L50, M|100/100|[from] Chilly Reception\n|\n|-weather|none\n|upkeep\n|turn|7\n|\n|t:|1776389740\n|detailschange|p2a: Gengar|Gengar-Mega, L50, M\n|-mega|p2a: Gengar|Gengar|Gengarite\n|move|p2a: Gengar|Shadow Ball|p1a: Espathra\n|-supereffective|p1a: Espathra|1\n|-damage|p1a: Espathra|0 fnt\n|faint|p1a: Espathra\n|\n|upkeep\n|\n|t:|1776389745\n|switch|p1a: Greninja|Greninja, L50, F|100/100\n|turn|8\n|\n|t:|1776389752\n|detailschange|p1a: Greninja|Greninja-Mega, L50, F\n|-mega|p1a: Greninja|Greninja|Greninjite\n|move|p2a: Gengar|Destiny Bond|p2a: Gengar\n|-singlemove|p2a: Gengar|Destiny Bond\n|move|p1a: Greninja|Dark Pulse|p2a: Gengar\n|-start|p1a: Greninja|typechange|Dark|[from] ability: Protean\n|-supereffective|p2a: Gengar|1\n|-damage|p2a: Gengar|0 fnt\n|faint|p2a: Gengar\n|-activate|p2a: Gengar|move: Destiny Bond\n|faint|p1a: Greninja\n|\n|upkeep\n|\n|t:|1776389760\n|switch|p2a: Slowking|Slowking, L50, M|100/100\n|switch|p1a: Archaludon|Archaludon, L50, F|88/100\n|turn|9\n|\n|t:|1776389764\n|move|p1a: Archaludon|Thunderbolt|p2a: Slowking\n|-supereffective|p2a: Slowking|1\n|-damage|p2a: Slowking|56/100\n|move|p2a: Slowking|Yawn|p1a: Archaludon\n|-start|p1a: Archaludon|move: Yawn|[of] p2a: Slowking\n|\n|-heal|p2a: Slowking|62/100|[from] item: Leftovers\n|upkeep\n|turn|10\n|\n|t:|1776389772\n|move|p1a: Archaludon|Thunderbolt|p2a: Slowking\n|-supereffective|p2a: Slowking|1\n|-damage|p2a: Slowking|24/100\n|move|p2a: Slowking|Scald|p1a: Archaludon\n|-resisted|p1a: Archaludon|1\n|-damage|p1a: Archaludon|72/100\n|-ability|p1a: Archaludon|Stamina|boost\n|-boost|p1a: Archaludon|def|1\n|\n|-heal|p2a: Slowking|30/100|[from] item: Leftovers\n|-end|p1a: Archaludon|move: Yawn|[silent]\n|-status|p1a: Archaludon|slp\n|upkeep\n|turn|11\n|\n|t:|1776389778\n|cant|p1a: Archaludon|slp\n|move|p2a: Slowking|Scald|p1a: Archaludon\n|-resisted|p1a: Archaludon|1\n|-damage|p1a: Archaludon|54/100 slp\n|-ability|p1a: Archaludon|Stamina|boost\n|-boost|p1a: Archaludon|def|1\n|\n|-heal|p2a: Slowking|36/100|[from] item: Leftovers\n|upkeep\n|turn|12\n|\n|t:|1776389780\n|-curestatus|p1a: Archaludon|slp|[msg]\n|move|p1a: Archaludon|Thunderbolt|p2a: Slowking\n|-supereffective|p2a: Slowking|1\n|-damage|p2a: Slowking|0 fnt\n|faint|p2a: Slowking\n|\n|win|bregogo\n|raw|bregogo's rating: 1326 &rarr; <strong>1345</strong><br />(+19 for winning)\n|raw|paulywalnuts's rating: 1313 &rarr; <strong>1294</strong><br />(-19 for losing)\n|l|\u2606bregogo\n|player|p1|\n|l|\u2606paulywalnuts\n|player|p2|\n",
  "uploadtime": 1776389821,
  "views": 16,
  "formatid": "gen9championsbssregma",
  "rating": 1294,
  "private": 0,
  "password": null
}