{
  "id": "gen9championsbssregma-2584985728",
  "format": "[Gen 9 Champions] BSS Reg M-A",
  "players": [
    "4jyoudebu",
    "DeaRubbish"
  ],
  "log": "|j|\u26064jyoudebu\n|j|\u2606DeaRubbish\n|t:|1776300736\n|gametype|singles\n|player|p1|4jyoudebu|crasherwake|1385\n|player|p2|DeaRubbish|lass-gen4dp|1333\n|gen|9\n|tier|[Gen 9 Champions] BSS Reg M-A\n|rated|\n|rule|Species Clause: Limit one of each Pok\u00e9mon\n|rule|Item Clause: Limit 1 of each item\n|clearpoke\n|poke|p1|Delphox, L50, F|\n|poke|p1|Archaludon, L50, M|\n|poke|p1|Garchomp, L50, M|\n|poke|p1|Kangaskhan, L50, F|\n|poke|p1|Mimikyu, L50, F|\n|poke|p1|Basculegion, L50, M|\n|poke|p2|Garchomp, L50, F|\n|poke|p2|Lucario, L50, F|\n|poke|p2|Gengar, L50, M|\n|poke|p2|Primarina, L50, M|\n|poke|p2|Corviknight, L50, F|\n|poke|p2|Umbreon, L50, M|\n|teampreview|3\n|inactive|Battle timer is ON: inactive players will automatically lose when time's up. (requested by 4jyoudebu)\n|j| p74\n|\n|t:|1776300766\n|teamsize|p1|3\n|teamsize|p2|3\n|start\n|switch|p1a: Garchomp|Garchomp, L50, M, shiny|100/100\n|switch|p2a: Primarina|Primarina, L50, M|100/100\n|turn|1\n|inactive|4jyoudebu has 30 seconds left.\n|l|\u26064jyoudebu\n|inactive|4jyoudebu disconnected and has a minute to reconnect!\n|player|p1|\n|inactive|4jyoudebu has 20 seconds left.\n|inactive|4jyoudebu has 15 seconds left.\n|inactive|4jyoudebu has 10 seconds left.\n|j|\u26064jyoudebu\n|inactive|4jyoudebu reconnected and has 10 seconds left.\n|player|p1|4jyoudebu|crasherwake|\n|inactive|4jyoudebu has 5 seconds left.\n|\n|t:|1776300816\n|move|p1a: Garchomp|Stealth Rock|p2a: Primarina\n|-sidestart|p2: DeaRubbish|move: Stealth Rock\n|move|p2a: Primarina|Moonblast|p1a: Garchomp\n|-supereffective|p1a: Garchomp|1\n|-damage|p1a: Garchomp|11/100\n|-enditem|p1a: Garchomp|Sitrus Berry|[eat]\n|-heal|p1a: Garchomp|36/100|[from] item: Sitrus Berry\n|\n|upkeep\n|turn|2\n|\n|t:|1776300823\n|move|p1a: Garchomp|Earthquake|p2a: Primarina\n|-damage|p2a: Primarina|46/100\n|move|p2a: Primarina|Moonblast|p1a: Garchomp\n|-supereffective|p1a: Garchomp|1\n|-damage|p1a: Garchomp|0 fnt\n|faint|p1a: Garchomp\n|\n|upkeep\n|\n|t:|1776300830\n|switch|p1a: Delphox|Delphox, L50, F, shiny|100/100\n|turn|3\n|\n|t:|1776300834\n|detailschange|p1a: Delphox|Delphox-Mega, L50, F, shiny\n|-mega|p1a: Delphox|Delphox|Delphoxite\n|move|p2a: Primarina|Aqua Jet|p1a: Delphox\n|-supereffective|p1a: Delphox|1\n|-damage|p1a: Delphox|67/100\n|move|p1a: Delphox|Psychic|p2a: Primarina\n|-damage|p2a: Primarina|5/100\n|\n|upkeep\n|turn|4\n|\n|t:|1776300841\n|move|p2a: Primarina|Aqua Jet|p1a: Delphox\n|-supereffective|p1a: Delphox|1\n|-damage|p1a: Delphox|16/100\n|move|p1a: Delphox|Psychic|p2a: Primarina\n|-damage|p2a: Primarina|0 fnt\n|faint|p2a: Primarina\n|\n|upkeep\n|\n|t:|1776300849\n|switch|p2a: Umbreon|Umbreon, L50, M|100/100\n|-damage|p2a: Umbreon|88/100|[from] Stealth Rock\n|turn|5\n|\n|t:|1776300854\n|move|p1a: Delphox|Flamethrower|p2a: Umbreon\n|-damage|p2a: Umbreon|50/100\n|move|p2a: Umbreon|Foul Play|p1a: Delphox\n|-supereffective|p1a: Delphox|1\n|-damage|p1a: Delphox|0 fnt\n|faint|p1a: Delphox\n|\n|-heal|p2a: Umbreon|56/100|[from] item: Leftovers\n|upkeep\n|\n|t:|1776300859\n|switch|p1a: Mimikyu|Mimikyu, L50, F, shiny|100/100\n|turn|6\n|\n|t:|1776300866\n|move|p1a: Mimikyu|Swords Dance|p1a: Mimikyu\n|-boost|p1a: Mimikyu|atk|2\n|move|p2a: Umbreon|Yawn|p1a: Mimikyu\n|-start|p1a: Mimikyu|move: Yawn|[of] p2a: Umbreon\n|\n|-heal|p2a: Umbreon|62/100|[from] item: Leftovers\n|upkeep\n|turn|7\n|\n|t:|1776300877\n|move|p2a: Umbreon|Protect|p2a: Umbreon\n|-singleturn|p2a: Umbreon|Protect\n|move|p1a: Mimikyu|Swords Dance|p1a: Mimikyu\n|-boost|p1a: Mimikyu|atk|2\n|\n|-heal|p2a: Umbreon|68/100|[from] item: Leftovers\n|-end|p1a: Mimikyu|move: Yawn|[silent]\n|-status|p1a: Mimikyu|slp\n|upkeep\n|turn|8\n|\n|t:|1776300885\n|cant|p1a: Mimikyu|slp\n|move|p2a: Umbreon|Foul Play|p1a: Mimikyu\n|-activate|p1a: Mimikyu|ability: Disguise\n|-damage|p1a: Mimikyu|100/100 slp\n|detailschange|p1a: Mimikyu|Mimikyu-Busted, L50, F, shiny\n|-damage|p1a: Mimikyu|88/100 slp|[from] pokemon: Mimikyu-Busted\n|\n|-heal|p2a: Umbreon|74/100|[from] item: Leftovers\n|upkeep\n|turn|9\n|\n|t:|1776300893\n|cant|p1a: Mimikyu|slp\n|move|p2a: Umbreon|Foul Play|p1a: Mimikyu\n|-damage|p1a: Mimikyu|0 fnt\n|faint|p1a: Mimikyu\n|\n|win|DeaRubbish\n|raw|4jyoudebu's rating: 1385 &rarr; <strong>1362</strong><br />(-23 for losing)\n|raw|DeaRubbish's rating: 1333 &rarr; <strong>1356</strong><br />(+23 for winning)\n|l|\u26064jyoudebu\n|player|p1|\n|l|\u2606DeaRubbish\n|player|p2|\n",
  "uploadtime": 1776301728,
  "views": 8,
  "formatid": "gen9championsbssregma",
  "rating": 1356,
  "private": 0,
  "password": null
}