{
  "id": "gen9championsbssregma-2583375735",
  "format": "[Gen 9 Champions] BSS Reg M-A",
  "players": [
    "icecuberry01",
    "MiraidonGaming"
  ],
  "log": "|j|\u2606icecuberry01\n|j|\u2606MiraidonGaming\n|t:|1776171251\n|gametype|singles\n|player|p1|icecuberry01|266|1118\n|player|p2|MiraidonGaming|lucas|1162\n|gen|9\n|tier|[Gen 9 Champions] BSS Reg M-A\n|rated|\n|rule|Species Clause: Limit one of each Pok\u00e9mon\n|rule|Item Clause: Limit 1 of each item\n|clearpoke\n|poke|p1|Charizard, L50, F|\n|poke|p1|Gardevoir, L50, M|\n|poke|p1|Dragonite, L50, F|\n|poke|p1|Mamoswine, L50, M|\n|poke|p1|Meowscarada, L50, M|\n|poke|p1|Rotom-Wash, L50|\n|poke|p2|Ninetales-Alola, L50, F|\n|poke|p2|Charizard, L50, M|\n|poke|p2|Scizor, L50, M|\n|poke|p2|Sinistcha, L50|\n|poke|p2|Rotom-Wash, L50|\n|poke|p2|Salazzle, L50, F|\n|teampreview|3\n|inactive|Battle timer is ON: inactive players will automatically lose when time's up. (requested by icecuberry01)\n|\n|t:|1776171303\n|teamsize|p1|3\n|teamsize|p2|3\n|start\n|switch|p1a: Rotom|Rotom-Wash, L50|100/100\n|switch|p2a: Bruce|Charizard, L50, M|100/100\n|turn|1\n|\n|t:|1776171313\n|detailschange|p2a: Bruce|Charizard-Mega-X, L50, M\n|-mega|p2a: Bruce|Charizard|Charizardite X\n|move|p1a: Rotom|Thunderbolt|p2a: Bruce\n|-resisted|p2a: Bruce|1\n|-crit|p2a: Bruce\n|-damage|p2a: Bruce|73/100\n|move|p2a: Bruce|Dragon Dance|p2a: Bruce\n|-boost|p2a: Bruce|atk|1\n|-boost|p2a: Bruce|spe|1\n|\n|upkeep\n|turn|2\n|inactive|MiraidonGaming has 30 seconds left.\n|\n|t:|1776171339\n|move|p2a: Bruce|Dragon Dance|p2a: Bruce\n|-boost|p2a: Bruce|atk|1\n|-boost|p2a: Bruce|spe|1\n|move|p1a: Rotom|Volt Switch|p2a: Bruce\n|-resisted|p2a: Bruce|1\n|-damage|p2a: Bruce|58/100\n|\n|t:|1776171342\n|switch|p1a: Dragonite|Dragonite, L50, F|100/100|[from] Volt Switch\n|\n|upkeep\n|turn|3\n|\n|t:|1776171350\n|move|p2a: Bruce|Breaking Swipe|p1a: Dragonite\n|-supereffective|p1a: Dragonite|1\n|-damage|p1a: Dragonite|22/100\n|-unboost|p1a: Dragonite|atk|1\n|move|p1a: Dragonite|Dragon Claw|p2a: Bruce\n|-supereffective|p2a: Bruce|1\n|-damage|p2a: Bruce|0 fnt\n|faint|p2a: Bruce\n|\n|-heal|p1a: Dragonite|28/100|[from] item: Leftovers\n|upkeep\n|\n|t:|1776171358\n|switch|p2a: Put a brick in|Rotom-Wash, L50|100/100\n|turn|4\n|\n|t:|1776171370\n|move|p2a: Put a brick in|Discharge|p1a: Dragonite\n|-damage|p1a: Dragonite|0 fnt\n|faint|p1a: Dragonite\n|\n|upkeep\n|\n|t:|1776171377\n|switch|p1a: Rotom|Rotom-Wash, L50|100/100\n|turn|5\n|\n|t:|1776171397\n|switch|p2a: Edward|Scizor, L50, M|100/100\n|move|p1a: Rotom|Will-O-Wisp|p2a: Edward\n|-status|p2a: Edward|brn\n|\n|-damage|p2a: Edward|94/100 brn|[from] brn\n|upkeep\n|turn|6\n|\n|t:|1776171406\n|move|p1a: Rotom|Volt Switch|p2a: Edward\n|-damage|p2a: Edward|66/100 brn\n|\n|t:|1776171409\n|switch|p1a: Mamoswine|Mamoswine, L50, M|100/100|[from] Volt Switch\n|move|p2a: Edward|Swords Dance|p2a: Edward\n|-boost|p2a: Edward|atk|2\n|\n|-damage|p2a: Edward|60/100 brn|[from] brn\n|upkeep\n|turn|7\n|\n|t:|1776171420\n|move|p1a: Mamoswine|Superpower|p2a: Edward\n|-damage|p2a: Edward|20/100 brn\n|-unboost|p1a: Mamoswine|atk|1\n|-unboost|p1a: Mamoswine|def|1\n|move|p2a: Edward|Bug Bite|p1a: Mamoswine\n|-crit|p1a: Mamoswine\n|-damage|p1a: Mamoswine|0 fnt\n|faint|p1a: Mamoswine\n|\n|-damage|p2a: Edward|14/100 brn|[from] brn\n|upkeep\n|\n|t:|1776171424\n|switch|p1a: Rotom|Rotom-Wash, L50|100/100\n|turn|8\n|\n|t:|1776171429\n|move|p2a: Edward|Bullet Punch|p1a: Rotom\n|-resisted|p1a: Rotom|2\n|-damage|p1a: Rotom|92/100\n|move|p1a: Rotom|Thunderbolt|p2a: Edward\n|-damage|p2a: Edward|0 fnt\n|faint|p2a: Edward\n|\n|upkeep\n|\n|t:|1776171431\n|switch|p2a: Put a brick in|Rotom-Wash, L50|100/100\n|turn|9\n|\n|t:|1776171435\n|move|p2a: Put a brick in|Discharge|p1a: Rotom\n|-damage|p1a: Rotom|46/100\n|-enditem|p1a: Rotom|Sitrus Berry|[eat]\n|-heal|p1a: Rotom|71/100|[from] item: Sitrus Berry\n|move|p1a: Rotom|Thunderbolt|p2a: Put a brick in\n|-damage|p2a: Put a brick in|52/100\n|\n|upkeep\n|turn|10\n|\n|t:|1776171439\n|move|p2a: Put a brick in|Discharge|p1a: Rotom\n|-damage|p1a: Rotom|23/100\n|move|p1a: Rotom|Thunderbolt|p2a: Put a brick in\n|-damage|p2a: Put a brick in|0 fnt\n|faint|p2a: Put a brick in\n|\n|win|icecuberry01\n|raw|icecuberry01's rating: 1118 &rarr; <strong>1146</strong><br />(+28 for winning)\n|raw|MiraidonGaming's rating: 1162 &rarr; <strong>1134</strong><br />(-28 for losing)\n|l|\u2606icecuberry01\n|player|p1|\n",
  "uploadtime": 1776171457,
  "views": 5,
  "formatid": "gen9championsbssregma",
  "rating": 1134,
  "private": 0,
  "password": null
}