{
  "id": "gen9championsbssregma-2588814221",
  "format": "[Gen 9 Champions] BSS Reg M-A",
  "players": [
    "MondeInferieur",
    "HitTheZen"
  ],
  "log": "|j|\u2606MondeInferieur\n|j|\u2606HitTheZen\n|t:|1776674129\n|gametype|singles\n|player|p1|MondeInferieur|nate|1282\n|player|p2|HitTheZen|265|1460\n|gen|9\n|tier|[Gen 9 Champions] BSS Reg M-A\n|rated|\n|rule|Species Clause: Limit one of each Pok\u00e9mon\n|rule|Item Clause: Limit 1 of each item\n|clearpoke\n|poke|p1|Meganium, L50, M|\n|poke|p1|Aegislash, L50, M|\n|poke|p1|Dragonite, L50, M|\n|poke|p1|Kleavor, L50, M|\n|poke|p1|Lopunny, L50, F|\n|poke|p1|Garchomp, L50, M|\n|poke|p2|Floette-Eternal, L50, F|\n|poke|p2|Garchomp, L50, M|\n|poke|p2|Aegislash, L50, F|\n|poke|p2|Delphox, L50, F|\n|poke|p2|Corviknight, L50, F|\n|poke|p2|Archaludon, L50, M|\n|teampreview|3\n|j| p74\n|\n|t:|1776674174\n|teamsize|p1|3\n|teamsize|p2|3\n|start\n|switch|p1a: Sweep|Dragonite, L50, M|100/100\n|switch|p2a: Floette|Floette-Eternal, L50, F|100/100\n|turn|1\n|\n|t:|1776674181\n|switch|p1a: Wallmexico|Aegislash, L50, M|100/100\n|detailschange|p2a: Floette|Floette-Mega, L50, F\n|-mega|p2a: Floette|Floette|Floettite\n|-ability|p2a: Floette|Fairy Aura\n|move|p2a: Floette|Moonblast|p1a: Wallmexico\n|-resisted|p1a: Wallmexico|1\n|-damage|p1a: Wallmexico|70/100\n|\n|-heal|p1a: Wallmexico|76/100|[from] item: Leftovers\n|upkeep\n|turn|2\n|\n|t:|1776674194\n|switch|p2a: Corviknight|Corviknight, L50, F|100/100\n|-formechange|p1a: Wallmexico|Aegislash-Blade|\n|move|p1a: Wallmexico|Iron Head|p2a: Corviknight\n|-resisted|p2a: Corviknight|1\n|-damage|p2a: Corviknight|88/100\n|\n|-heal|p2a: Corviknight|94/100|[from] item: Leftovers\n|-heal|p1a: Wallmexico|82/100|[from] item: Leftovers\n|upkeep\n|turn|3\n|\n|t:|1776674211\n|switch|p2a: Floette|Floette-Mega, L50, F|100/100\n|-ability|p2a: Floette|Fairy Aura\n|move|p1a: Wallmexico|Shadow Ball|p2a: Floette\n|-damage|p2a: Floette|64/100\n|\n|-heal|p1a: Wallmexico|88/100|[from] item: Leftovers\n|upkeep\n|turn|4\n|\n|t:|1776674223\n|switch|p2a: Corviknight|Corviknight, L50, F|94/100\n|move|p1a: Wallmexico|Shadow Ball|p2a: Corviknight\n|-damage|p2a: Corviknight|57/100\n|\n|-heal|p2a: Corviknight|63/100|[from] item: Leftovers\n|-heal|p1a: Wallmexico|94/100|[from] item: Leftovers\n|upkeep\n|turn|5\n|\n|t:|1776674232\n|move|p2a: Corviknight|Iron Defense|p2a: Corviknight\n|-boost|p2a: Corviknight|def|2\n|move|p1a: Wallmexico|Shadow Ball|p2a: Corviknight\n|-damage|p2a: Corviknight|26/100\n|-ability|p2a: Corviknight|Mirror Armor\n|-unboost|p1a: Wallmexico|spd|1\n|\n|-heal|p2a: Corviknight|32/100|[from] item: Leftovers\n|-heal|p1a: Wallmexico|99/100|[from] item: Leftovers\n|upkeep\n|turn|6\n|\n|t:|1776674244\n|move|p2a: Corviknight|Roost|p2a: Corviknight\n|-heal|p2a: Corviknight|82/100\n|-singleturn|p2a: Corviknight|move: Roost\n|move|p1a: Wallmexico|Shadow Ball|p2a: Corviknight\n|-damage|p2a: Corviknight|46/100\n|\n|-heal|p2a: Corviknight|52/100|[from] item: Leftovers\n|-heal|p1a: Wallmexico|100/100|[from] item: Leftovers\n|upkeep\n|turn|7\n|\n|t:|1776674254\n|move|p2a: Corviknight|Iron Defense|p2a: Corviknight\n|-boost|p2a: Corviknight|def|2\n|move|p1a: Wallmexico|Shadow Ball|p2a: Corviknight\n|-damage|p2a: Corviknight|11/100\n|\n|-heal|p2a: Corviknight|17/100|[from] item: Leftovers\n|upkeep\n|turn|8\n|\n|t:|1776674263\n|move|p2a: Corviknight|Roost|p2a: Corviknight\n|-heal|p2a: Corviknight|67/100\n|-singleturn|p2a: Corviknight|move: Roost\n|move|p1a: Wallmexico|Shadow Ball|p2a: Corviknight\n|-damage|p2a: Corviknight|30/100\n|\n|-heal|p2a: Corviknight|36/100|[from] item: Leftovers\n|upkeep\n|turn|9\n|\n|t:|1776674274\n|move|p2a: Corviknight|Roost|p2a: Corviknight\n|-heal|p2a: Corviknight|86/100\n|-singleturn|p2a: Corviknight|move: Roost\n|move|p1a: Wallmexico|Shadow Ball|p2a: Corviknight\n|-damage|p2a: Corviknight|49/100\n|\n|-heal|p2a: Corviknight|55/100|[from] item: Leftovers\n|upkeep\n|turn|10\n|\n|t:|1776674284\n|move|p2a: Corviknight|Roost|p2a: Corviknight\n|-heal|p2a: Corviknight|100/100\n|-singleturn|p2a: Corviknight|move: Roost\n|move|p1a: Wallmexico|Shadow Ball|p2a: Corviknight\n|-damage|p2a: Corviknight|61/100\n|\n|-heal|p2a: Corviknight|67/100|[from] item: Leftovers\n|upkeep\n|turn|11\n|\n|t:|1776674294\n|move|p2a: Corviknight|Power Trip|p1a: Wallmexico\n|-supereffective|p1a: Wallmexico|1\n|-damage|p1a: Wallmexico|38/100\n|move|p1a: Wallmexico|Shadow Ball|p2a: Corviknight\n|-damage|p2a: Corviknight|26/100\n|\n|-heal|p2a: Corviknight|32/100|[from] item: Leftovers\n|-heal|p1a: Wallmexico|44/100|[from] item: Leftovers\n|upkeep\n|turn|12\n|\n|t:|1776674305\n|-formechange|p1a: Wallmexico|Aegislash|\n|move|p1a: Wallmexico|King's Shield|p1a: Wallmexico\n|-singleturn|p1a: Wallmexico|Protect\n|move|p2a: Corviknight|Roost|p2a: Corviknight\n|-heal|p2a: Corviknight|82/100\n|-singleturn|p2a: Corviknight|move: Roost\n|\n|-heal|p2a: Corviknight|88/100|[from] item: Leftovers\n|-heal|p1a: Wallmexico|50/100|[from] item: Leftovers\n|upkeep\n|turn|13\n|\n|t:|1776674317\n|move|p2a: Corviknight|Iron Defense|p2a: Corviknight\n|-boost|p2a: Corviknight|def|2\n|-formechange|p1a: Wallmexico|Aegislash-Blade|\n|move|p1a: Wallmexico|Shadow Ball|p2a: Corviknight\n|-damage|p2a: Corviknight|50/100\n|\n|-heal|p2a: Corviknight|56/100|[from] item: Leftovers\n|-heal|p1a: Wallmexico|56/100|[from] item: Leftovers\n|upkeep\n|turn|14\n|l|\u2606HitTheZen\n|player|p2|\n|inactive|Battle timer is ON: inactive players will automatically lose when time's up. (requested by MondeInferieur)\n|inactive|HitTheZen has 30 seconds to reconnect!\n|inactive|HitTheZen has 20 seconds to reconnect!\n|inactive|HitTheZen has 15 seconds to reconnect!\n|inactive|HitTheZen has 10 seconds to reconnect!\n|inactive|HitTheZen has 5 seconds to reconnect!\n|-message|HitTheZen lost due to inactivity.\n|\n|win|MondeInferieur\n|raw|MondeInferieur's rating: 1282 &rarr; <strong>1319</strong><br />(+37 for winning)\n|raw|HitTheZen's rating: 1460 &rarr; <strong>1431</strong><br />(-29 for losing)\n|l|\u2606MondeInferieur\n|player|p1|\n",
  "uploadtime": 1776674542,
  "views": 1,
  "formatid": "gen9championsbssregma",
  "rating": 1319,
  "private": 0,
  "password": null
}