{
  "id": "gen9championsbssregma-2585292602",
  "format": "[Gen 9 Champions] BSS Reg M-A",
  "players": [
    "jpgrl",
    "Oshawottpoke"
  ],
  "log": "|j|\u2606jpgrl\n|j|\u2606Oshawottpoke\n|t:|1776334600\n|gametype|singles\n|player|p1|jpgrl|2|1309\n|player|p2|Oshawottpoke|265|1409\n|gen|9\n|tier|[Gen 9 Champions] BSS Reg M-A\n|rated|\n|rule|Species Clause: Limit one of each Pok\u00e9mon\n|rule|Item Clause: Limit 1 of each item\n|clearpoke\n|poke|p1|Corviknight, L50, M|\n|poke|p1|Garchomp, L50, M|\n|poke|p1|Venusaur, L50, M|\n|poke|p1|Hippowdon, L50, F|\n|poke|p1|Aegislash, L50, M|\n|poke|p1|Lopunny, L50, M|\n|poke|p2|Floette-Eternal, L50, F|\n|poke|p2|Aegislash, L50, F|\n|poke|p2|Garchomp, L50, M|\n|poke|p2|Vaporeon, L50, M|\n|poke|p2|Dragonite, L50, M|\n|poke|p2|Kingambit, L50, F|\n|teampreview|3\n|\n|t:|1776334642\n|teamsize|p1|3\n|teamsize|p2|3\n|start\n|switch|p1a: Lopunny|Lopunny, L50, M|100/100\n|switch|p2a: Floette|Floette-Eternal, L50, F|100/100\n|turn|1\n|\n|t:|1776334659\n|detailschange|p1a: Lopunny|Lopunny-Mega, L50, M\n|-mega|p1a: Lopunny|Lopunny|Lopunnite\n|detailschange|p2a: Floette|Floette-Mega, L50, F\n|-mega|p2a: Floette|Floette|Floettite\n|-ability|p2a: Floette|Fairy Aura\n|move|p1a: Lopunny|Fake Out|p2a: Floette\n|-damage|p2a: Floette|72/100\n|cant|p2a: Floette|flinch\n|\n|upkeep\n|turn|2\n|\n|t:|1776334684\n|switch|p2a: Dragonite|Dragonite, L50, M|100/100\n|move|p1a: Lopunny|Giga Impact|p2a: Dragonite\n|-damage|p2a: Dragonite|60/100\n|-mustrecharge|p1a: Lopunny\n|\n|upkeep\n|turn|3\n|\n|t:|1776334691\n|cant|p1a: Lopunny|recharge\n|move|p2a: Dragonite|Air Slash|p1a: Lopunny\n|-supereffective|p1a: Lopunny|1\n|-damage|p1a: Lopunny|3/100\n|\n|upkeep\n|turn|4\n|\n|t:|1776334702\n|move|p2a: Dragonite|Extreme Speed|p1a: Lopunny\n|-damage|p1a: Lopunny|0 fnt\n|faint|p1a: Lopunny\n|\n|upkeep\n|\n|t:|1776334708\n|switch|p1a: Hippowdon|Hippowdon, L50, F|100/100\n|-weather|Sandstorm|[from] ability: Sand Stream|[of] p1a: Hippowdon\n|turn|5\n|\n|t:|1776334733\n|move|p2a: Dragonite|Air Slash|p1a: Hippowdon\n|-damage|p1a: Hippowdon|74/100\n|cant|p1a: Hippowdon|flinch\n|\n|-weather|Sandstorm|[upkeep]\n|-damage|p2a: Dragonite|54/100|[from] Sandstorm\n|upkeep\n|turn|6\n|\n|t:|1776334741\n|move|p2a: Dragonite|Air Slash|p1a: Hippowdon\n|-damage|p1a: Hippowdon|44/100\n|-enditem|p1a: Hippowdon|Sitrus Berry|[eat]\n|-heal|p1a: Hippowdon|69/100|[from] item: Sitrus Berry\n|move|p1a: Hippowdon|Yawn|p2a: Dragonite\n|-start|p2a: Dragonite|move: Yawn|[of] p1a: Hippowdon\n|\n|-weather|Sandstorm|[upkeep]\n|-damage|p2a: Dragonite|48/100|[from] Sandstorm\n|upkeep\n|turn|7\n|\n|t:|1776334751\n|move|p2a: Dragonite|Air Slash|p1a: Hippowdon\n|-crit|p1a: Hippowdon\n|-damage|p1a: Hippowdon|25/100\n|move|p1a: Hippowdon|Stealth Rock|p2a: Dragonite\n|-sidestart|p2: Oshawottpoke|move: Stealth Rock\n|\n|-weather|Sandstorm|[upkeep]\n|-damage|p2a: Dragonite|42/100|[from] Sandstorm\n|-end|p2a: Dragonite|move: Yawn|[silent]\n|-status|p2a: Dragonite|slp\n|upkeep\n|turn|8\n|l|\u2606Oshawottpoke\n|player|p2|\n|j|\u2606Oshawottpoke\n|player|p2|Oshawottpoke|265|\n|\n|t:|1776334769\n|switch|p1a: Aegislash|Aegislash, L50, M|100/100\n|cant|p2a: Dragonite|slp\n|\n|-weather|Sandstorm|[upkeep]\n|-damage|p2a: Dragonite|36/100 slp|[from] Sandstorm\n|upkeep\n|turn|9\n|\n|t:|1776334778\n|switch|p2a: Aegislash|Aegislash, L50, F|100/100\n|-damage|p2a: Aegislash|95/100|[from] Stealth Rock\n|-formechange|p1a: Aegislash|Aegislash-Blade|\n|move|p1a: Aegislash|Shadow Sneak|p2a: Aegislash\n|-supereffective|p2a: Aegislash|1\n|-damage|p2a: Aegislash|57/100\n|\n|-weather|none\n|upkeep\n|turn|10\n|\n|t:|1776334802\n|-formechange|p1a: Aegislash|Aegislash|\n|move|p1a: Aegislash|King's Shield|p1a: Aegislash\n|-singleturn|p1a: Aegislash|Protect\n|-formechange|p2a: Aegislash|Aegislash-Blade|\n|move|p2a: Aegislash|Shadow Sneak|p1a: Aegislash\n|-activate|p1a: Aegislash|move: Protect\n|-unboost|p2a: Aegislash|atk|1\n|\n|upkeep\n|turn|11\n|\n|t:|1776334811\n|move|p2a: Aegislash|Shadow Sneak|p1a: Aegislash\n|-supereffective|p1a: Aegislash|1\n|-damage|p1a: Aegislash|67/100\n|-formechange|p1a: Aegislash|Aegislash-Blade|\n|move|p1a: Aegislash|Shadow Ball|p2a: Aegislash\n|-supereffective|p2a: Aegislash|1\n|-damage|p2a: Aegislash|0 fnt\n|faint|p2a: Aegislash\n|\n|upkeep\n|l|\u2606Oshawottpoke\n|player|p2|\n|j| p74\n|j|\u2606Oshawottpoke\n|player|p2|Oshawottpoke|265|\n|\n|t:|1776334861\n|switch|p2a: Floette|Floette-Mega, L50, F|72/100\n|-damage|p2a: Floette|60/100|[from] Stealth Rock\n|-ability|p2a: Floette|Fairy Aura\n|turn|12\n|\n|t:|1776334867\n|-formechange|p1a: Aegislash|Aegislash|\n|move|p1a: Aegislash|King's Shield|p1a: Aegislash\n|-singleturn|p1a: Aegislash|Protect\n|move|p2a: Floette|Calm Mind|p2a: Floette\n|-boost|p2a: Floette|spa|1\n|-boost|p2a: Floette|spd|1\n|\n|upkeep\n|turn|13\n|\n|t:|1776334877\n|move|p2a: Floette|Moonblast|p1a: Aegislash\n|-resisted|p1a: Aegislash|1\n|-damage|p1a: Aegislash|21/100\n|-formechange|p1a: Aegislash|Aegislash-Blade|\n|move|p1a: Aegislash|Shadow Ball|p2a: Floette\n|-damage|p2a: Floette|31/100\n|\n|upkeep\n|turn|14\n|\n|t:|1776334891\n|switch|p1a: Hippowdon|Hippowdon, L50, F|25/100\n|-weather|Sandstorm|[from] ability: Sand Stream|[of] p1a: Hippowdon\n|move|p2a: Floette|Draining Kiss|p1a: Hippowdon\n|-damage|p1a: Hippowdon|0 fnt\n|-heal|p2a: Floette|56/100|[from] drain|[of] p1a: Hippowdon\n|faint|p1a: Hippowdon\n|\n|-weather|Sandstorm|[upkeep]\n|-damage|p2a: Floette|51/100|[from] Sandstorm\n|upkeep\n|-message|jpgrl forfeited.\n|\n|win|Oshawottpoke\n|raw|jpgrl's rating: 1309 &rarr; <strong>1295</strong><br />(-14 for losing)\n|raw|Oshawottpoke's rating: 1409 &rarr; <strong>1423</strong><br />(+14 for winning)\n|l|\u2606Oshawottpoke\n|player|p2|\n|j|\u2606Oshawottpoke\n|player|p2|Oshawottpoke|265|\n|l|\u2606Oshawottpoke\n|player|p2|\n",
  "uploadtime": 1776334932,
  "views": 7,
  "formatid": "gen9championsbssregma",
  "rating": 1295,
  "private": 0,
  "password": null
}