{
  "id": "gen9championsbssregma-2582992021",
  "format": "[Gen 9 Champions] BSS Reg M-A",
  "players": [
    "Cmart513",
    "perdicionn"
  ],
  "log": "|j|\u2606Cmart513\n|j|\u2606perdicionn\n|t:|1776131443\n|gametype|singles\n|player|p1|Cmart513|169|1223\n|player|p2|perdicionn|crasherwake|1214\n|gen|9\n|tier|[Gen 9 Champions] BSS Reg M-A\n|rated|\n|rule|Species Clause: Limit one of each Pok\u00e9mon\n|rule|Item Clause: Limit 1 of each item\n|clearpoke\n|poke|p1|Kingambit, L50, M|\n|poke|p1|Milotic, L50, F|\n|poke|p1|Rotom-Wash, L50|\n|poke|p1|Ceruledge, L50, M|\n|poke|p1|Garchomp, L50, F|\n|poke|p1|Pinsir, L50, M|\n|poke|p2|Aegislash, L50, M|\n|poke|p2|Kingambit, L50, M|\n|poke|p2|Volcarona, L50, F|\n|poke|p2|Gyarados, L50, F|\n|poke|p2|Starmie, L50|\n|poke|p2|Manectric, L50, F|\n|teampreview|3\n|j| p74\n|\n|t:|1776131483\n|teamsize|p1|3\n|teamsize|p2|3\n|start\n|switch|p1a: Milotic|Milotic, L50, F|100/100\n|switch|p2a: Manectric|Manectric, L50, F|100/100\n|turn|1\n|\n|t:|1776131494\n|move|p2a: Manectric|Thunderbolt|p1a: Milotic\n|-supereffective|p1a: Milotic|1\n|-damage|p1a: Milotic|46/100\n|move|p1a: Milotic|Flip Turn|p2a: Manectric\n|-damage|p2a: Manectric|76/100\n|\n|t:|1776131501\n|switch|p1a: Garchomp|Garchomp, L50, F|100/100|[from] Flip Turn\n|\n|upkeep\n|turn|2\n|\n|t:|1776131506\n|switch|p2a: Gyarados|Gyarados, L50, F|100/100\n|-ability|p2a: Gyarados|Intimidate|boost\n|-unboost|p1a: Garchomp|atk|1\n|move|p1a: Garchomp|Substitute|p1a: Garchomp\n|-start|p1a: Garchomp|Substitute\n|-damage|p1a: Garchomp|76/100\n|\n|upkeep\n|turn|3\n|\n|t:|1776131513\n|move|p1a: Garchomp|Stealth Rock|p2a: Gyarados\n|-sidestart|p2: perdicionn|move: Stealth Rock\n|move|p2a: Gyarados|Ice Fang|p1a: Garchomp\n|-supereffective|p1a: Garchomp|2\n|-end|p1a: Garchomp|Substitute\n|\n|upkeep\n|turn|4\n|\n|t:|1776131521\n|switch|p1a: Milotic|Milotic, L50, F|46/100\n|move|p2a: Gyarados|Dragon Dance|p2a: Gyarados\n|-boost|p2a: Gyarados|atk|1\n|-boost|p2a: Gyarados|spe|1\n|\n|-heal|p1a: Milotic|52/100|[from] item: Leftovers\n|upkeep\n|turn|5\n|\n|t:|1776131528\n|move|p2a: Gyarados|Dragon Dance|p2a: Gyarados\n|-boost|p2a: Gyarados|atk|1\n|-boost|p2a: Gyarados|spe|1\n|move|p1a: Milotic|Recover|p1a: Milotic\n|-heal|p1a: Milotic|100/100\n|\n|upkeep\n|turn|6\n|\n|t:|1776131535\n|move|p2a: Gyarados|Earthquake|p1a: Milotic\n|-damage|p1a: Milotic|35/100\n|move|p1a: Milotic|Scald|p2a: Gyarados\n|-resisted|p2a: Gyarados|1\n|-damage|p2a: Gyarados|87/100\n|\n|-heal|p1a: Milotic|41/100|[from] item: Leftovers\n|upkeep\n|turn|7\n|\n|t:|1776131544\n|move|p2a: Gyarados|Earthquake|p1a: Milotic\n|-damage|p1a: Milotic|0 fnt\n|faint|p1a: Milotic\n|\n|upkeep\n|\n|t:|1776131549\n|switch|p1a: Ceruledge|Ceruledge, L50, M|100/100\n|turn|8\n|\n|t:|1776131569\n|move|p2a: Gyarados|Waterfall|p1a: Ceruledge\n|-supereffective|p1a: Ceruledge|1\n|-enditem|p1a: Ceruledge|Focus Sash\n|-damage|p1a: Ceruledge|1/100\n|-ability|p1a: Ceruledge|Weak Armor|boost\n|-unboost|p1a: Ceruledge|def|1\n|-boost|p1a: Ceruledge|spe|2\n|move|p1a: Ceruledge|Swords Dance|p1a: Ceruledge\n|-boost|p1a: Ceruledge|atk|2\n|\n|upkeep\n|turn|9\n|\n|t:|1776131591\n|move|p1a: Ceruledge|Shadow Sneak|p2a: Gyarados\n|-damage|p2a: Gyarados|35/100\n|move|p2a: Gyarados|Earthquake|p1a: Ceruledge\n|-supereffective|p1a: Ceruledge|1\n|-damage|p1a: Ceruledge|0 fnt\n|faint|p1a: Ceruledge\n|\n|upkeep\n|\n|t:|1776131598\n|switch|p1a: Garchomp|Garchomp, L50, F|76/100\n|turn|10\n|\n|t:|1776131603\n|move|p2a: Gyarados|Waterfall|p1a: Garchomp\n|-damage|p1a: Garchomp|0 fnt\n|-damage|p2a: Gyarados|23/100|[from] ability: Rough Skin|[of] p1a: Garchomp\n|faint|p1a: Garchomp\n|\n|win|perdicionn\n|raw|Cmart513's rating: 1223 &rarr; <strong>1197</strong><br />(-26 for losing)\n|raw|perdicionn's rating: 1214 &rarr; <strong>1240</strong><br />(+26 for winning)\n|l|\u2606perdicionn\n|player|p2|\n|c|\u2606Cmart513|gg\n|l|\u2606Cmart513\n|player|p1|\n",
  "uploadtime": 1776131705,
  "views": 2,
  "formatid": "gen9championsbssregma",
  "rating": 1197,
  "private": 0,
  "password": null
}