{
  "id": "gen9championsbssregma-2584960865",
  "format": "[Gen 9 Champions] BSS Reg M-A",
  "players": [
    "zaliyeyuan",
    "deokso king"
  ],
  "log": "|j|\u2606zaliyeyuan\n|j|\u2606deokso king\n|t:|1776298403\n|gametype|singles\n|player|p1|zaliyeyuan|artist-gen4|1232\n|player|p2|deokso king|bellelba|1371\n|gen|9\n|tier|[Gen 9 Champions] BSS Reg M-A\n|rated|\n|rule|Species Clause: Limit one of each Pok\u00e9mon\n|rule|Item Clause: Limit 1 of each item\n|clearpoke\n|poke|p1|Starmie, L50|\n|poke|p1|Hydreigon, L50, M|\n|poke|p1|Hippowdon, L50, F|\n|poke|p1|Rotom-Wash, L50|\n|poke|p1|Aegislash, L50, M|\n|poke|p1|Floette-Eternal, L50, F|\n|poke|p2|Rotom-Heat, L50|\n|poke|p2|Garchomp, L50, F|\n|poke|p2|Hydreigon, L50, F|\n|poke|p2|Scizor, L50, F|\n|poke|p2|Lopunny, L50, F|\n|poke|p2|Aegislash, L50, M|\n|teampreview|3\n|inactive|Battle timer is ON: inactive players will automatically lose when time's up. (requested by deokso king)\n|inactive|zaliyeyuan has 60 seconds left.\n|inactive|zaliyeyuan has 30 seconds left.\n|j| p74\n|inactive|zaliyeyuan has 20 seconds left.\n|inactive|zaliyeyuan has 15 seconds left.\n|inactive|zaliyeyuan has 10 seconds left.\n|\n|t:|1776298492\n|teamsize|p1|3\n|teamsize|p2|3\n|start\n|switch|p1a: Floette|Floette-Eternal, L50, F|100/100\n|switch|p2a: Scizor|Scizor, L50, F|100/100\n|turn|1\n|\n|t:|1776298503\n|switch|p1a: Rotom|Rotom-Wash, L50|100/100\n|detailschange|p2a: Scizor|Scizor-Mega, L50, F\n|-mega|p2a: Scizor|Scizor|Scizorite\n|move|p2a: Scizor|Swords Dance|p2a: Scizor\n|-boost|p2a: Scizor|atk|2\n|\n|upkeep\n|turn|2\n|\n|t:|1776298511\n|move|p1a: Rotom|Will-O-Wisp|p2a: Scizor\n|-status|p2a: Scizor|brn\n|move|p2a: Scizor|Knock Off|p1a: Rotom\n|-crit|p1a: Rotom\n|-damage|p1a: Rotom|57/100\n|-enditem|p1a: Rotom|Leftovers|[from] move: Knock Off|[of] p2a: Scizor\n|\n|-damage|p2a: Scizor|94/100 brn|[from] brn\n|upkeep\n|turn|3\n|\n|t:|1776298526\n|move|p1a: Rotom|Hydro Pump|p2a: Scizor\n|-damage|p2a: Scizor|55/100 brn\n|move|p2a: Scizor|Swords Dance|p2a: Scizor\n|-boost|p2a: Scizor|atk|2\n|\n|-damage|p2a: Scizor|49/100 brn|[from] brn\n|upkeep\n|turn|4\n|\n|t:|1776298536\n|move|p1a: Rotom|Thunderbolt|p2a: Scizor\n|-damage|p2a: Scizor|16/100 brn\n|move|p2a: Scizor|Roost|p2a: Scizor\n|-heal|p2a: Scizor|66/100 brn\n|-singleturn|p2a: Scizor|move: Roost\n|\n|-damage|p2a: Scizor|60/100 brn|[from] brn\n|upkeep\n|turn|5\n|\n|t:|1776298556\n|move|p1a: Rotom|Hydro Pump|p2a: Scizor|[miss]\n|-miss|p1a: Rotom|p2a: Scizor\n|move|p2a: Scizor|Roost|p2a: Scizor\n|-heal|p2a: Scizor|100/100 brn\n|-singleturn|p2a: Scizor|move: Roost\n|\n|-damage|p2a: Scizor|94/100 brn|[from] brn\n|upkeep\n|turn|6\n|\n|t:|1776298565\n|move|p1a: Rotom|Hydro Pump|p2a: Scizor|[miss]\n|-miss|p1a: Rotom|p2a: Scizor\n|move|p2a: Scizor|Swords Dance|p2a: Scizor\n|-boost|p2a: Scizor|atk|2\n|\n|-damage|p2a: Scizor|88/100 brn|[from] brn\n|upkeep\n|turn|7\n|\n|t:|1776298575\n|move|p2a: Scizor|Bullet Punch|p1a: Rotom\n|-resisted|p1a: Rotom|2\n|-damage|p1a: Rotom|44/100\n|move|p1a: Rotom|Hydro Pump|p2a: Scizor|[miss]\n|-miss|p1a: Rotom|p2a: Scizor\n|\n|-damage|p2a: Scizor|82/100 brn|[from] brn\n|upkeep\n|turn|8\n|\n|t:|1776298584\n|move|p1a: Rotom|Thunderbolt|p2a: Scizor\n|-damage|p2a: Scizor|50/100 brn\n|move|p2a: Scizor|Knock Off|p1a: Rotom\n|-damage|p1a: Rotom|9/100\n|\n|-damage|p2a: Scizor|43/100 brn|[from] brn\n|upkeep\n|turn|9\n|\n|t:|1776298595\n|move|p1a: Rotom|Hydro Pump|p2a: Scizor|[miss]\n|-miss|p1a: Rotom|p2a: Scizor\n|move|p2a: Scizor|Roost|p2a: Scizor\n|-heal|p2a: Scizor|94/100 brn\n|-singleturn|p2a: Scizor|move: Roost\n|\n|-damage|p2a: Scizor|88/100 brn|[from] brn\n|upkeep\n|turn|10\n|\n|t:|1776298604\n|move|p2a: Scizor|Bullet Punch|p1a: Rotom\n|-resisted|p1a: Rotom|2\n|-damage|p1a: Rotom|0 fnt\n|faint|p1a: Rotom\n|\n|-damage|p2a: Scizor|81/100 brn|[from] brn\n|upkeep\n|\n|t:|1776298611\n|switch|p1a: Aegislash|Aegislash, L50, M|100/100\n|turn|11\n|\n|t:|1776298620\n|move|p2a: Scizor|Roost|p2a: Scizor\n|-heal|p2a: Scizor|100/100 brn\n|-singleturn|p2a: Scizor|move: Roost\n|-formechange|p1a: Aegislash|Aegislash-Blade|\n|move|p1a: Aegislash|Close Combat|p2a: Scizor\n|-damage|p2a: Scizor|69/100 brn\n|-unboost|p1a: Aegislash|def|1\n|-unboost|p1a: Aegislash|spd|1\n|\n|-damage|p2a: Scizor|63/100 brn|[from] brn\n|upkeep\n|turn|12\n|\n|t:|1776298633\n|move|p2a: Scizor|Knock Off|p1a: Aegislash\n|-supereffective|p1a: Aegislash|1\n|-crit|p1a: Aegislash\n|-damage|p1a: Aegislash|0 fnt\n|-enditem|p1a: Aegislash|Spell Tag|[from] move: Knock Off|[of] p2a: Scizor\n|faint|p1a: Aegislash\n|\n|-damage|p2a: Scizor|57/100 brn|[from] brn\n|upkeep\n|\n|t:|1776298641\n|switch|p1a: Floette|Floette-Eternal, L50, F|100/100\n|turn|13\n|-message|zaliyeyuan forfeited.\n|\n|win|deokso king\n|raw|zaliyeyuan's rating: 1232 &rarr; <strong>1217</strong><br />(-15 for losing)\n|raw|deokso king's rating: 1371 &rarr; <strong>1383</strong><br />(+12 for winning)\n|l|\u2606zaliyeyuan\n|player|p1|\n|l|\u2606deokso king\n|player|p2|\n",
  "uploadtime": 1776298738,
  "views": 5,
  "formatid": "gen9championsbssregma",
  "rating": 1217,
  "private": 0,
  "password": null
}