{
  "id": "gen9championsbssregma-2581875694",
  "format": "[Gen 9 Champions] BSS Reg M-A",
  "players": [
    "yj4q3212q",
    "NeroDR"
  ],
  "log": "|j|\u2606yj4q3212q\n|j|\u2606NeroDR\n|t:|1776035818\n|gametype|singles\n|player|p1|yj4q3212q|hilbert-wonderlauncher|1104\n|player|p2|NeroDR|265|1123\n|gen|9\n|tier|[Gen 9 Champions] BSS Reg M-A\n|rated|\n|rule|Species Clause: Limit one of each Pok\u00e9mon\n|rule|Item Clause: Limit 1 of each item\n|clearpoke\n|poke|p1|Charizard, L50, F|\n|poke|p1|Sneasler, L50, M|\n|poke|p1|Primarina, L50, M|\n|poke|p1|Lucario, L50, F|\n|poke|p1|Garchomp, L50, M|\n|poke|p1|Meowscarada, L50, F|\n|poke|p2|Feraligatr, L50, F|\n|poke|p2|Scizor, L50, M|\n|poke|p2|Krookodile, L50, F|\n|poke|p2|Rotom-Fan, L50|\n|poke|p2|Chandelure, L50, F|\n|poke|p2|Serperior, L50, M|\n|teampreview|3\n|inactive|Battle timer is ON: inactive players will automatically lose when time's up. (requested by NeroDR)\n|l|\u2606NeroDR\n|inactive|NeroDR disconnected and has a minute to reconnect!\n|player|p2|\n|inactive|yj4q3212q has 60 seconds left.\n|inactive|NeroDR has 30 seconds to reconnect!\n|j|\u2606NeroDR\n|inactive|NeroDR reconnected and has 45 seconds left.\n|player|p2|NeroDR|265|\n|\n|t:|1776035874\n|teamsize|p1|3\n|teamsize|p2|3\n|start\n|switch|p1a: Meowscarada|Meowscarada, L50, F|100/100\n|switch|p2a: Krookodile|Krookodile, L50, F|100/100\n|-ability|p2a: Krookodile|Intimidate|boost\n|-unboost|p1a: Meowscarada|atk|1\n|turn|1\n|\n|t:|1776035887\n|move|p1a: Meowscarada|Flower Trick|p2a: Krookodile\n|-start|p1a: Meowscarada|typechange|Grass|[from] ability: Protean\n|-supereffective|p2a: Krookodile|1\n|-crit|p2a: Krookodile\n|-enditem|p2a: Krookodile|Focus Sash\n|-damage|p2a: Krookodile|1/100\n|move|p2a: Krookodile|Stealth Rock|p1a: Meowscarada\n|-sidestart|p1: yj4q3212q|move: Stealth Rock\n|\n|upkeep\n|turn|2\n|\n|t:|1776035896\n|switch|p2a: Scizor|Scizor, L50, M|100/100\n|move|p1a: Meowscarada|Flower Trick|p2a: Scizor\n|-resisted|p2a: Scizor|2\n|-crit|p2a: Scizor\n|-damage|p2a: Scizor|86/100\n|\n|upkeep\n|turn|3\n|\n|t:|1776035900\n|switch|p1a: Sneasler|Sneasler, L50, M|100/100\n|-damage|p1a: Sneasler|95/100|[from] Stealth Rock\n|move|p2a: Scizor|U-turn|p1a: Sneasler\n|-resisted|p1a: Sneasler|2\n|-damage|p1a: Sneasler|76/100\n|\n|t:|1776035905\n|switch|p2a: Krookodile|Krookodile, L50, F|1/100|[from] U-turn\n|-ability|p2a: Krookodile|Intimidate|boost\n|-unboost|p1a: Sneasler|atk|1\n|\n|upkeep\n|turn|4\n|\n|t:|1776035913\n|switch|p2a: Scizor|Scizor, L50, M|86/100\n|move|p1a: Sneasler|Acrobatics|p2a: Scizor\n|-damage|p2a: Scizor|70/100\n|\n|upkeep\n|turn|5\n|\n|t:|1776035918\n|move|p1a: Sneasler|Swords Dance|p1a: Sneasler\n|-boost|p1a: Sneasler|atk|2\n|move|p2a: Scizor|Swords Dance|p2a: Scizor\n|-boost|p2a: Scizor|atk|2\n|\n|upkeep\n|turn|6\n|\n|t:|1776035922\n|move|p2a: Scizor|Bullet Punch|p1a: Sneasler\n|-damage|p1a: Sneasler|0 fnt\n|faint|p1a: Sneasler\n|\n|upkeep\n|\n|t:|1776035929\n|switch|p1a: Lucario|Lucario, L50, F|100/100\n|-damage|p1a: Lucario|98/100|[from] Stealth Rock\n|turn|7\n|\n|t:|1776035937\n|detailschange|p1a: Lucario|Lucario-Mega, L50, F\n|-mega|p1a: Lucario|Lucario|Lucarionite\n|move|p1a: Lucario|Close Combat|p2a: Scizor\n|-damage|p2a: Scizor|0 fnt\n|-unboost|p1a: Lucario|def|1\n|-unboost|p1a: Lucario|spd|1\n|faint|p2a: Scizor\n|\n|upkeep\n|\n|t:|1776035946\n|switch|p2a: Feraligatr|Feraligatr, L50, F|100/100\n|turn|8\n|\n|t:|1776035950\n|move|p1a: Lucario|Close Combat|p2a: Feraligatr\n|-damage|p2a: Feraligatr|2/100\n|-unboost|p1a: Lucario|def|1\n|-unboost|p1a: Lucario|spd|1\n|move|p2a: Feraligatr|Liquidation|p1a: Lucario\n|-damage|p1a: Lucario|0 fnt\n|faint|p1a: Lucario\n|\n|upkeep\n|\n|t:|1776035962\n|switch|p1a: Meowscarada|Meowscarada, L50, F|100/100\n|-damage|p1a: Meowscarada|89/100|[from] Stealth Rock\n|turn|9\n|\n|t:|1776035972\n|detailschange|p2a: Feraligatr|Feraligatr-Mega, L50, F\n|-mega|p2a: Feraligatr|Feraligatr|Feraligite\n|move|p1a: Meowscarada|Knock Off|p2a: Feraligatr\n|-start|p1a: Meowscarada|typechange|Dark|[from] ability: Protean\n|-damage|p2a: Feraligatr|0 fnt\n|faint|p2a: Feraligatr\n|\n|upkeep\n|\n|t:|1776035980\n|switch|p2a: Krookodile|Krookodile, L50, F|1/100\n|-ability|p2a: Krookodile|Intimidate|boost\n|-unboost|p1a: Meowscarada|atk|1\n|turn|10\n|\n|t:|1776035983\n|move|p1a: Meowscarada|Knock Off|p2a: Krookodile\n|-resisted|p2a: Krookodile|1\n|-damage|p2a: Krookodile|0 fnt\n|faint|p2a: Krookodile\n|\n|win|yj4q3212q\n|raw|yj4q3212q's rating: 1104 &rarr; <strong>1130</strong><br />(+26 for winning)\n|raw|NeroDR's rating: 1123 &rarr; <strong>1097</strong><br />(-26 for losing)\n",
  "uploadtime": 1776035985,
  "views": 48,
  "formatid": "gen9championsbssregma",
  "rating": 1097,
  "private": 0,
  "password": null
}