{
  "id": "gen9championsbssregma-2580847626",
  "format": "[Gen 9 Champions] BSS Reg M-A",
  "players": [
    "Meteorplayz_",
    "anne rouget"
  ],
  "log": "|j|\u2606Meteorplayz_\n|j|\u2606anne rouget\n|t:|1775937378\n|gametype|singles\n|player|p1|Meteorplayz_|winona-gen6|1147\n|player|p2|anne rouget|dawn|1222\n|gen|9\n|tier|[Gen 9 Champions] BSS Reg M-A\n|rated|\n|rule|Species Clause: Limit one of each Pok\u00e9mon\n|rule|Item Clause: Limit 1 of each item\n|clearpoke\n|poke|p1|Meowscarada, L50, F|\n|poke|p1|Milotic, L50, F|\n|poke|p1|Aegislash, L50, M|\n|poke|p1|Dragonite, L50, F|\n|poke|p1|Slowking-Galar, L50, F|\n|poke|p1|Lopunny, L50, F|\n|poke|p2|Hatterene, L50, F|\n|poke|p2|Aegislash, L50, F|\n|poke|p2|Crabominable, L50, F|\n|poke|p2|Ampharos, L50, F|\n|poke|p2|Mimikyu, L50, F|\n|poke|p2|Blastoise, L50, F|\n|teampreview|3\n|\n|t:|1775937404\n|teamsize|p1|3\n|teamsize|p2|3\n|start\n|switch|p1a: Dragonite|Dragonite, L50, F|100/100\n|switch|p2a: Sorcilence|Hatterene, L50, F, shiny|100/100\n|turn|1\n|\n|t:|1775937409\n|switch|p1a: Aegislash|Aegislash, L50, M|100/100\n|move|p2a: Sorcilence|Trick Room|p2a: Sorcilence\n|-fieldstart|move: Trick Room|[of] p2a: Sorcilence\n|\n|upkeep\n|turn|2\n|\n|t:|1775937416\n|move|p2a: Sorcilence|Mystical Fire|p1a: Aegislash\n|-supereffective|p1a: Aegislash|1\n|-damage|p1a: Aegislash|55/100\n|-unboost|p1a: Aegislash|spa|1\n|move|p1a: Aegislash|Swords Dance|p1a: Aegislash\n|-boost|p1a: Aegislash|atk|2\n|\n|-heal|p1a: Aegislash|61/100|[from] item: Leftovers\n|upkeep\n|turn|3\n|\n|t:|1775937424\n|move|p1a: Aegislash|King's Shield|p1a: Aegislash\n|-singleturn|p1a: Aegislash|Protect\n|move|p2a: Sorcilence|Mystical Fire|p1a: Aegislash\n|-activate|p1a: Aegislash|move: Protect\n|\n|-heal|p1a: Aegislash|67/100|[from] item: Leftovers\n|upkeep\n|turn|4\n|\n|t:|1775937432\n|move|p2a: Sorcilence|Mystical Fire|p1a: Aegislash\n|-supereffective|p1a: Aegislash|1\n|-damage|p1a: Aegislash|18/100\n|-unboost|p1a: Aegislash|spa|1\n|move|p1a: Aegislash|Swords Dance|p1a: Aegislash\n|-boost|p1a: Aegislash|atk|2\n|\n|-heal|p1a: Aegislash|24/100|[from] item: Leftovers\n|upkeep\n|turn|5\n|\n|t:|1775937440\n|-formechange|p1a: Aegislash|Aegislash-Blade|\n|move|p1a: Aegislash|Shadow Sneak|p2a: Sorcilence\n|-supereffective|p2a: Sorcilence|1\n|-enditem|p2a: Sorcilence|Focus Sash\n|-damage|p2a: Sorcilence|1/100\n|move|p2a: Sorcilence|Mystical Fire|p1a: Aegislash\n|-supereffective|p1a: Aegislash|1\n|-crit|p1a: Aegislash\n|-damage|p1a: Aegislash|0 fnt\n|faint|p1a: Aegislash\n|\n|-fieldend|move: Trick Room\n|upkeep\n|\n|t:|1775937446\n|switch|p1a: Lopunny|Lopunny, L50, F|100/100\n|turn|6\n|\n|t:|1775937459\n|detailschange|p1a: Lopunny|Lopunny-Mega, L50, F\n|-mega|p1a: Lopunny|Lopunny|Lopunnite\n|move|p1a: Lopunny|Fake Out|p2a: Sorcilence\n|-damage|p2a: Sorcilence|0 fnt\n|faint|p2a: Sorcilence\n|\n|upkeep\n|\n|t:|1775937461\n|switch|p2a: Mimiki|Mimikyu, L50, F, shiny|100/100\n|turn|7\n|\n|t:|1775937465\n|move|p1a: Lopunny|Triple Axel|p2a: Mimiki|[miss]\n|-miss|p1a: Lopunny|p2a: Mimiki\n|move|p2a: Mimiki|Trick Room|p2a: Mimiki\n|-fieldstart|move: Trick Room|[of] p2a: Mimiki\n|\n|upkeep\n|turn|8\n|\n|t:|1775937471\n|move|p2a: Mimiki|Will-O-Wisp|p1a: Lopunny|[miss]\n|-miss|p2a: Mimiki|p1a: Lopunny\n|move|p1a: Lopunny|Triple Axel|p2a: Mimiki\n|-activate|p2a: Mimiki|ability: Disguise\n|-damage|p2a: Mimiki|100/100\n|detailschange|p2a: Mimiki|Mimikyu-Busted, L50, F, shiny\n|-damage|p2a: Mimiki|88/100|[from] pokemon: Mimikyu-Busted\n|-damage|p2a: Mimiki|74/100\n|-damage|p2a: Mimiki|54/100\n|-hitcount|p2a: Mimiki|3\n|\n|upkeep\n|turn|9\n|\n|t:|1775937482\n|move|p2a: Mimiki|Curse|p1a: Lopunny\n|-start|p1a: Lopunny|Curse|[of] p2a: Mimiki\n|-damage|p2a: Mimiki|4/100\n|-enditem|p2a: Mimiki|Sitrus Berry|[eat]\n|-heal|p2a: Mimiki|28/100|[from] item: Sitrus Berry\n|move|p1a: Lopunny|Triple Axel|p2a: Mimiki|[miss]\n|-miss|p1a: Lopunny|p2a: Mimiki\n|\n|-damage|p1a: Lopunny|75/100|[from] Curse\n|upkeep\n|turn|10\n|\n|t:|1775937515\n|switch|p2a: Pharamp|Ampharos, L50, F, shiny|100/100\n|move|p1a: Lopunny|Triple Axel|p2a: Pharamp\n|-damage|p2a: Pharamp|93/100\n|-status|p1a: Lopunny|par|[from] ability: Static|[of] p2a: Pharamp\n|-damage|p2a: Pharamp|78/100\n|-hitcount|p2a: Pharamp|2\n|\n|-damage|p1a: Lopunny|50/100 par|[from] Curse\n|upkeep\n|turn|11\n|\n|t:|1775937524\n|detailschange|p2a: Pharamp|Ampharos-Mega, L50, F, shiny\n|-mega|p2a: Pharamp|Ampharos|Ampharosite\n|-ability|p2a: Pharamp|Mold Breaker\n|move|p2a: Pharamp|Dragon Pulse|p1a: Lopunny\n|-damage|p1a: Lopunny|0 fnt\n|faint|p1a: Lopunny\n|\n|-fieldend|move: Trick Room\n|upkeep\n|\n|t:|1775937529\n|switch|p1a: Dragonite|Dragonite, L50, F|100/100\n|turn|12\n|-message|Meteorplayz_ forfeited.\n|\n|win|anne rouget\n|raw|Meteorplayz_'s rating: 1147 &rarr; <strong>1127</strong><br />(-20 for losing)\n|raw|anne rouget's rating: 1222 &rarr; <strong>1242</strong><br />(+20 for winning)\n",
  "uploadtime": 1775937533,
  "views": 14,
  "formatid": "gen9championsbssregma",
  "rating": 1127,
  "private": 0,
  "password": null
}