{
  "id": "gen9championsbssregma-2583455629",
  "format": "[Gen 9 Champions] BSS Reg M-A",
  "players": [
    "MiraidonGaming",
    "DustFox22"
  ],
  "log": "|j|\u2606MiraidonGaming\n|j|\u2606DustFox22\n|t:|1776176783\n|gametype|singles\n|player|p1|MiraidonGaming|lucas|1138\n|player|p2|DustFox22|170|1055\n|gen|9\n|tier|[Gen 9 Champions] BSS Reg M-A\n|rated|\n|rule|Species Clause: Limit one of each Pok\u00e9mon\n|rule|Item Clause: Limit 1 of each item\n|clearpoke\n|poke|p1|Ninetales-Alola, L50, F|\n|poke|p1|Charizard, L50, M|\n|poke|p1|Scizor, L50, M|\n|poke|p1|Sinistcha, L50|\n|poke|p1|Rotom-Wash, L50|\n|poke|p1|Salazzle, L50, F|\n|poke|p2|Arcanine, L50, F|\n|poke|p2|Dragonite, L50, F|\n|poke|p2|Sylveon, L50, F|\n|poke|p2|Rotom-Wash, L50|\n|poke|p2|Corviknight, L50, F|\n|poke|p2|Excadrill, L50, M|\n|teampreview|3\n|\n|t:|1776176801\n|teamsize|p1|3\n|teamsize|p2|3\n|start\n|switch|p1a: Bruce|Charizard, L50, M|100/100\n|switch|p2a: Excadrill|Excadrill, L50, M, shiny|100/100\n|-ability|p2a: Excadrill|Mold Breaker\n|turn|1\n|\n|t:|1776176808\n|move|p2a: Excadrill|Stealth Rock|p1a: Bruce\n|-sidestart|p1: MiraidonGaming|move: Stealth Rock\n|move|p1a: Bruce|Dragon Dance|p1a: Bruce\n|-boost|p1a: Bruce|atk|1\n|-boost|p1a: Bruce|spe|1\n|\n|upkeep\n|turn|2\n|\n|t:|1776176820\n|switch|p2a: Arcanine|Arcanine, L50, F|100/100\n|-ability|p2a: Arcanine|Intimidate|boost\n|-unboost|p1a: Bruce|atk|1\n|move|p1a: Bruce|Breaking Swipe|p2a: Arcanine\n|-damage|p2a: Arcanine|84/100\n|-unboost|p2a: Arcanine|atk|1\n|\n|upkeep\n|turn|3\n|\n|t:|1776176830\n|move|p1a: Bruce|Dragon Dance|p1a: Bruce\n|-boost|p1a: Bruce|atk|1\n|-boost|p1a: Bruce|spe|1\n|move|p2a: Arcanine|Wild Charge|p1a: Bruce\n|-supereffective|p1a: Bruce|1\n|-damage|p1a: Bruce|54/100\n|-damage|p2a: Arcanine|71/100|[from] Recoil\n|\n|upkeep\n|turn|4\n|\n|t:|1776176841\n|detailschange|p1a: Bruce|Charizard-Mega-X, L50, M\n|-mega|p1a: Bruce|Charizard|Charizardite X\n|move|p1a: Bruce|Roost|p1a: Bruce\n|-heal|p1a: Bruce|100/100\n|-singleturn|p1a: Bruce|move: Roost\n|move|p2a: Arcanine|Wild Charge|p1a: Bruce\n|-resisted|p1a: Bruce|1\n|-damage|p1a: Bruce|92/100\n|-damage|p2a: Arcanine|69/100|[from] Recoil\n|\n|upkeep\n|turn|5\n|\n|t:|1776176859\n|move|p1a: Bruce|Breaking Swipe|p2a: Arcanine\n|-damage|p2a: Arcanine|3/100\n|-unboost|p2a: Arcanine|atk|1\n|-enditem|p2a: Arcanine|Sitrus Berry|[eat]\n|-heal|p2a: Arcanine|28/100|[from] item: Sitrus Berry\n|move|p2a: Arcanine|Close Combat|p1a: Bruce\n|-damage|p1a: Bruce|75/100\n|-unboost|p2a: Arcanine|def|1\n|-unboost|p2a: Arcanine|spd|1\n|\n|upkeep\n|turn|6\n|\n|t:|1776176878\n|move|p1a: Bruce|Dragon Dance|p1a: Bruce\n|-boost|p1a: Bruce|atk|1\n|-boost|p1a: Bruce|spe|1\n|move|p2a: Arcanine|Close Combat|p1a: Bruce\n|-damage|p1a: Bruce|58/100\n|-unboost|p2a: Arcanine|def|1\n|-unboost|p2a: Arcanine|spd|1\n|\n|upkeep\n|turn|7\n|\n|t:|1776176887\n|move|p2a: Arcanine|Extreme Speed|p1a: Bruce\n|-damage|p1a: Bruce|46/100\n|move|p1a: Bruce|Roost|p1a: Bruce\n|-heal|p1a: Bruce|96/100\n|-singleturn|p1a: Bruce|move: Roost\n|\n|upkeep\n|turn|8\n|\n|t:|1776176894\n|move|p1a: Bruce|Dragon Dance|p1a: Bruce\n|-boost|p1a: Bruce|atk|1\n|-boost|p1a: Bruce|spe|1\n|move|p2a: Arcanine|Close Combat|p1a: Bruce\n|-damage|p1a: Bruce|79/100\n|-unboost|p2a: Arcanine|def|1\n|-unboost|p2a: Arcanine|spd|1\n|\n|upkeep\n|turn|9\n|\n|t:|1776176906\n|move|p2a: Arcanine|Extreme Speed|p1a: Bruce\n|-damage|p1a: Bruce|68/100\n|move|p1a: Bruce|Dragon Dance|p1a: Bruce\n|-boost|p1a: Bruce|atk|1\n|-boost|p1a: Bruce|spe|1\n|\n|upkeep\n|turn|10\n|\n|t:|1776176912\n|move|p2a: Arcanine|Extreme Speed|p1a: Bruce\n|-damage|p1a: Bruce|58/100\n|move|p1a: Bruce|Roost|p1a: Bruce\n|-heal|p1a: Bruce|100/100\n|-singleturn|p1a: Bruce|move: Roost\n|\n|upkeep\n|turn|11\n|\n|t:|1776176919\n|switch|p2a: Excadrill|Excadrill, L50, M, shiny|100/100\n|-ability|p2a: Excadrill|Mold Breaker\n|move|p1a: Bruce|Dragon Dance|p1a: Bruce\n|-boost|p1a: Bruce|atk|1\n|-boost|p1a: Bruce|spe|1\n|\n|upkeep\n|turn|12\n|\n|t:|1776176932\n|move|p1a: Bruce|Breaking Swipe|p2a: Excadrill\n|-resisted|p2a: Excadrill|1\n|-damage|p2a: Excadrill|21/100\n|-unboost|p2a: Excadrill|atk|1\n|move|p2a: Excadrill|High Horsepower|p1a: Bruce\n|-supereffective|p1a: Bruce|1\n|-damage|p1a: Bruce|42/100\n|\n|upkeep\n|turn|13\n|\n|t:|1776176949\n|move|p1a: Bruce|Breaking Swipe|p2a: Excadrill\n|-resisted|p2a: Excadrill|1\n|-damage|p2a: Excadrill|0 fnt\n|faint|p2a: Excadrill\n|\n|upkeep\n|\n|t:|1776176953\n|switch|p2a: Dragonite|Dragonite, L50, F|100/100\n|turn|14\n|\n|t:|1776176961\n|detailschange|p2a: Dragonite|Dragonite-Mega, L50, F\n|-mega|p2a: Dragonite|Dragonite|Dragoninite\n|move|p1a: Bruce|Breaking Swipe|p2a: Dragonite\n|-supereffective|p2a: Dragonite|1\n|-damage|p2a: Dragonite|0 fnt\n|faint|p2a: Dragonite\n|\n|upkeep\n|\n|t:|1776176967\n|switch|p2a: Arcanine|Arcanine, L50, F|28/100\n|-ability|p2a: Arcanine|Intimidate|boost\n|-unboost|p1a: Bruce|atk|1\n|turn|15\n|\n|t:|1776176974\n|move|p2a: Arcanine|Extreme Speed|p1a: Bruce\n|-damage|p1a: Bruce|20/100\n|move|p1a: Bruce|Breaking Swipe|p2a: Arcanine\n|-damage|p2a: Arcanine|0 fnt\n|faint|p2a: Arcanine\n|\n|win|MiraidonGaming\n|raw|MiraidonGaming's rating: 1138 &rarr; <strong>1157</strong><br />(+19 for winning)\n|raw|DustFox22's rating: 1055 &rarr; <strong>1041</strong><br />(-14 for losing)\n",
  "uploadtime": 1776176977,
  "views": 4,
  "formatid": "gen9championsbssregma",
  "rating": 1041,
  "private": 0,
  "password": null
}