{
  "id": "gen9championsbssregma-2580921567",
  "format": "[Gen 9 Champions] BSS Reg M-A",
  "players": [
    "EstemanACG1",
    "phifth"
  ],
  "log": "|j|\u2606EstemanACG1\n|j|\u2606phifth\n|t:|1775943532\n|gametype|singles\n|player|p1|EstemanACG1|riley|1070\n|player|p2|phifth|rosa|1094\n|gen|9\n|tier|[Gen 9 Champions] BSS Reg M-A\n|rated|\n|rule|Species Clause: Limit one of each Pok\u00e9mon\n|rule|Item Clause: Limit 1 of each item\n|clearpoke\n|poke|p1|Dragapult, L50, M|\n|poke|p1|Pinsir, L50, M|\n|poke|p1|Garganacl, L50, M|\n|poke|p1|Alakazam, L50, M|\n|poke|p1|Gengar, L50, M|\n|poke|p1|Volcarona, L50, M|\n|poke|p2|Clefable, L50, F|\n|poke|p2|Gengar, L50, M|\n|poke|p2|Espeon, L50, M|\n|poke|p2|Gliscor, L50, M|\n|poke|p2|Espathra, L50, F|\n|poke|p2|Sneasler, L50, F|\n|teampreview|3\n|c|\u2606EstemanACG1|glhf\n|\n|t:|1775943563\n|teamsize|p1|3\n|teamsize|p2|3\n|start\n|switch|p1a: Pinsir|Pinsir, L50, M|100/100\n|switch|p2a: Espathra|Espathra, L50, F|100/100\n|turn|1\n|\n|t:|1775943589\n|detailschange|p1a: Pinsir|Pinsir-Mega, L50, M\n|-mega|p1a: Pinsir|Pinsir|Pinsirite\n|move|p2a: Espathra|Protect|p2a: Espathra\n|-singleturn|p2a: Espathra|Protect\n|move|p1a: Pinsir|Body Slam|p2a: Espathra\n|-activate|p2a: Espathra|move: Protect\n|\n|-ability|p2a: Espathra|Speed Boost|boost\n|-boost|p2a: Espathra|spe|1\n|upkeep\n|turn|2\n|\n|t:|1775943626\n|move|p2a: Espathra|Calm Mind|p2a: Espathra\n|-boost|p2a: Espathra|spa|1\n|-boost|p2a: Espathra|spd|1\n|move|p1a: Pinsir|Body Slam|p2a: Espathra\n|-damage|p2a: Espathra|18/100\n|\n|-ability|p2a: Espathra|Speed Boost|boost\n|-boost|p2a: Espathra|spe|1\n|upkeep\n|turn|3\n|\n|t:|1775943643\n|move|p2a: Espathra|Protect|p2a: Espathra\n|-singleturn|p2a: Espathra|Protect\n|move|p1a: Pinsir|Quick Attack|p2a: Espathra\n|-activate|p2a: Espathra|move: Protect\n|\n|-ability|p2a: Espathra|Speed Boost|boost\n|-boost|p2a: Espathra|spe|1\n|upkeep\n|turn|4\n|\n|t:|1775943664\n|switch|p2a: Clefable|Clefable, L50, F|100/100\n|move|p1a: Pinsir|Quick Attack|p2a: Clefable\n|-damage|p2a: Clefable|77/100\n|\n|upkeep\n|turn|5\n|\n|t:|1775943678\n|detailschange|p2a: Clefable|Clefable-Mega, L50, F\n|-mega|p2a: Clefable|Clefable|Clefablite\n|move|p1a: Pinsir|Swords Dance|p1a: Pinsir\n|-boost|p1a: Pinsir|atk|2\n|move|p2a: Clefable|Cosmic Power|p2a: Clefable\n|-boost|p2a: Clefable|def|1\n|-boost|p2a: Clefable|spd|1\n|\n|upkeep\n|turn|6\n|c|\u2606phifth|gg\n|\n|t:|1775943702\n|move|p1a: Pinsir|Body Slam|p2a: Clefable\n|-damage|p2a: Clefable|26/100\n|-status|p2a: Clefable|par\n|move|p2a: Clefable|Moonblast|p1a: Pinsir\n|-damage|p1a: Pinsir|36/100\n|\n|upkeep\n|turn|7\n|\n|t:|1775943723\n|move|p1a: Pinsir|Body Slam|p2a: Clefable\n|-damage|p2a: Clefable|0 fnt\n|faint|p2a: Clefable\n|\n|upkeep\n|\n|t:|1775943730\n|switch|p2a: Espeon|Espeon, L50, M|100/100\n|turn|8\n|\n|t:|1775943737\n|move|p1a: Pinsir|Body Slam|p2a: Espeon\n|-damage|p2a: Espeon|0 fnt\n|faint|p2a: Espeon\n|\n|upkeep\n|\n|t:|1775943739\n|switch|p2a: Espathra|Espathra, L50, F|18/100\n|turn|9\n|\n|t:|1775943742\n|move|p1a: Pinsir|Body Slam|p2a: Espathra\n|-damage|p2a: Espathra|0 fnt\n|faint|p2a: Espathra\n|\n|win|EstemanACG1\n|raw|EstemanACG1's rating: 1070 &rarr; <strong>1102</strong><br />(+32 for winning)\n|raw|phifth's rating: 1094 &rarr; <strong>1068</strong><br />(-26 for losing)\n|c|\u2606EstemanACG1|gg\n",
  "uploadtime": 1775943744,
  "views": 11,
  "formatid": "gen9championsbssregma",
  "rating": 1068,
  "private": 0,
  "password": null
}