{
  "id": "gen9championsbssregma-2582094034",
  "format": "[Gen 9 Champions] BSS Reg M-A",
  "players": [
    "kyotoyoko",
    "dratini&2electrode"
  ],
  "log": "|j|\u2606kyotoyoko\n|j|\u2606dratini&2electrode\n|t:|1776057088\n|gametype|singles\n|player|p1|kyotoyoko|caitlin|1167\n|player|p2|dratini&2electrode|2|1131\n|gen|9\n|tier|[Gen 9 Champions] BSS Reg M-A\n|rated|\n|rule|Species Clause: Limit one of each Pok\u00e9mon\n|rule|Item Clause: Limit 1 of each item\n|clearpoke\n|poke|p1|Lopunny, L50, F|\n|poke|p1|Garchomp, L50, F|\n|poke|p1|Corviknight, L50, F|\n|poke|p1|Primarina, L50, F|\n|poke|p1|Hydreigon, L50, F|\n|poke|p1|Greninja-*, L50, F|\n|poke|p2|Zoroark-Hisui, L50, F|\n|poke|p2|Aerodactyl, L50, M|\n|poke|p2|Samurott-Hisui, L50, F|\n|poke|p2|Rotom-Heat, L50|\n|poke|p2|Archaludon, L50, F|\n|poke|p2|Decidueye-Hisui, L50, M|\n|teampreview|3\n|inactive|Battle timer is ON: inactive players will automatically lose when time's up. (requested by kyotoyoko)\n|j| p74\n|inactive|dratini&2electrode has 60 seconds left.\n|\n|t:|1776057162\n|teamsize|p1|3\n|teamsize|p2|3\n|start\n|switch|p1a: Lopunny|Lopunny, L50, F, shiny|100/100\n|switch|p2a: Rotom|Rotom-Heat, L50|100/100\n|turn|1\n|\n|t:|1776057168\n|detailschange|p1a: Lopunny|Lopunny-Mega, L50, F, shiny\n|-mega|p1a: Lopunny|Lopunny|Lopunnite\n|move|p1a: Lopunny|Fake Out|p2a: Rotom\n|-damage|p2a: Rotom|55/100\n|replace|p2a: Zoroark|Zoroark-Hisui, L50, F\n|-end|p2a: Zoroark|Illusion\n|cant|p2a: Zoroark|flinch\n|\n|upkeep\n|turn|2\n|\n|t:|1776057182\n|move|p1a: Lopunny|Close Combat|p2a: Zoroark\n|-supereffective|p2a: Zoroark|1\n|-damage|p2a: Zoroark|0 fnt\n|-unboost|p1a: Lopunny|def|1\n|-unboost|p1a: Lopunny|spd|1\n|faint|p2a: Zoroark\n|\n|upkeep\n|\n|t:|1776057184\n|switch|p2a: Aerodactyl|Aerodactyl, L50, M|100/100\n|-ability|p2a: Aerodactyl|Pressure\n|turn|3\n|\n|t:|1776057188\n|switch|p1a: Corviknight|Corviknight, L50, F|100/100\n|-ability|p1a: Corviknight|Pressure\n|detailschange|p2a: Aerodactyl|Aerodactyl-Mega, L50, M\n|-mega|p2a: Aerodactyl|Aerodactyl|Aerodactylite\n|move|p2a: Aerodactyl|Dual Wingbeat|p1a: Corviknight\n|-resisted|p1a: Corviknight|1\n|-damage|p1a: Corviknight|91/100\n|-resisted|p1a: Corviknight|1\n|-damage|p1a: Corviknight|82/100\n|-hitcount|p1a: Corviknight|2\n|\n|-heal|p1a: Corviknight|88/100|[from] item: Leftovers\n|upkeep\n|turn|4\n|\n|t:|1776057204\n|move|p2a: Aerodactyl|Dual Wingbeat|p1a: Corviknight|[miss]\n|-miss|p2a: Aerodactyl|p1a: Corviknight\n|move|p1a: Corviknight|U-turn|p2a: Aerodactyl\n|-resisted|p2a: Aerodactyl|1\n|-damage|p2a: Aerodactyl|91/100\n|\n|t:|1776057210\n|switch|p1a: Lopunny|Lopunny-Mega, L50, F, shiny|100/100|[from] U-turn\n|\n|upkeep\n|turn|5\n|\n|t:|1776057215\n|move|p1a: Lopunny|Fake Out|p2a: Aerodactyl\n|-resisted|p2a: Aerodactyl|1\n|-damage|p2a: Aerodactyl|76/100\n|cant|p2a: Aerodactyl|flinch\n|\n|upkeep\n|turn|6\n|\n|t:|1776057221\n|switch|p1a: Corviknight|Corviknight, L50, F|88/100\n|-ability|p1a: Corviknight|Pressure\n|move|p2a: Aerodactyl|Fire Fang|p1a: Corviknight\n|-supereffective|p1a: Corviknight|1\n|-damage|p1a: Corviknight|49/100\n|\n|-heal|p1a: Corviknight|55/100|[from] item: Leftovers\n|upkeep\n|turn|7\n|\n|t:|1776057233\n|move|p2a: Aerodactyl|Fire Fang|p1a: Corviknight\n|-supereffective|p1a: Corviknight|1\n|-damage|p1a: Corviknight|17/100\n|move|p1a: Corviknight|Roost|p1a: Corviknight\n|-heal|p1a: Corviknight|67/100\n|-singleturn|p1a: Corviknight|move: Roost\n|\n|-heal|p1a: Corviknight|73/100|[from] item: Leftovers\n|upkeep\n|turn|8\n|\n|t:|1776057241\n|switch|p2a: Rotom|Rotom-Heat, L50|100/100\n|move|p1a: Corviknight|Iron Defense|p1a: Corviknight\n|-boost|p1a: Corviknight|def|2\n|\n|-heal|p1a: Corviknight|79/100|[from] item: Leftovers\n|upkeep\n|turn|9\n|\n|t:|1776057245\n|switch|p1a: Hydreigon|Hydreigon, L50, F|100/100\n|move|p2a: Rotom|Volt Switch|p1a: Hydreigon\n|-resisted|p1a: Hydreigon|1\n|-damage|p1a: Hydreigon|81/100\n|\n|t:|1776057247\n|switch|p2a: Aerodactyl|Aerodactyl-Mega, L50, M|76/100|[from] Volt Switch\n|\n|upkeep\n|turn|10\n|\n|t:|1776057259\n|move|p1a: Hydreigon|U-turn|p2a: Aerodactyl\n|-resisted|p2a: Aerodactyl|1\n|-damage|p2a: Aerodactyl|66/100\n|\n|t:|1776057262\n|switch|p1a: Corviknight|Corviknight, L50, F|79/100|[from] U-turn\n|-ability|p1a: Corviknight|Pressure\n|move|p2a: Aerodactyl|Dual Wingbeat|p1a: Corviknight|[miss]\n|-miss|p2a: Aerodactyl|p1a: Corviknight\n|\n|-heal|p1a: Corviknight|84/100|[from] item: Leftovers\n|upkeep\n|turn|11\n|\n|t:|1776057273\n|switch|p2a: Rotom|Rotom-Heat, L50|100/100\n|move|p1a: Corviknight|Body Press|p2a: Rotom\n|-damage|p2a: Rotom|64/100\n|\n|-heal|p1a: Corviknight|90/100|[from] item: Leftovers\n|upkeep\n|turn|12\n|\n|t:|1776057288\n|switch|p1a: Hydreigon|Hydreigon, L50, F|81/100\n|move|p2a: Rotom|Volt Switch|p1a: Hydreigon\n|-resisted|p1a: Hydreigon|1\n|-damage|p1a: Hydreigon|64/100\n|\n|t:|1776057290\n|switch|p2a: Aerodactyl|Aerodactyl-Mega, L50, M|66/100|[from] Volt Switch\n|\n|upkeep\n|turn|13\n|\n|t:|1776057297\n|move|p1a: Hydreigon|Draco Meteor|p2a: Aerodactyl|[miss]\n|-miss|p1a: Hydreigon|p2a: Aerodactyl\n|move|p2a: Aerodactyl|Dual Wingbeat|p1a: Hydreigon\n|-damage|p1a: Hydreigon|30/100\n|-damage|p1a: Hydreigon|0 fnt\n|faint|p1a: Hydreigon\n|-hitcount|p1: Hydreigon|2\n|\n|upkeep\n|c|\u2606kyotoyoko|...\n|\n|t:|1776057308\n|switch|p1a: Corviknight|Corviknight, L50, F|90/100\n|-ability|p1a: Corviknight|Pressure\n|turn|14\n|\n|t:|1776057315\n|switch|p2a: Rotom|Rotom-Heat, L50|64/100\n|move|p1a: Corviknight|Body Press|p2a: Rotom\n|-damage|p2a: Rotom|26/100\n|\n|-heal|p1a: Corviknight|96/100|[from] item: Leftovers\n|upkeep\n|turn|15\n|\n|t:|1776057328\n|move|p2a: Rotom|Thunderbolt|p1a: Corviknight\n|-supereffective|p1a: Corviknight|1\n|-damage|p1a: Corviknight|22/100\n|move|p1a: Corviknight|Body Press|p2a: Rotom\n|-damage|p2a: Rotom|0 fnt\n|faint|p2a: Rotom\n|\n|-heal|p1a: Corviknight|28/100|[from] item: Leftovers\n|upkeep\n|\n|t:|1776057331\n|switch|p2a: Aerodactyl|Aerodactyl-Mega, L50, M|66/100\n|turn|16\n|\n|t:|1776057339\n|move|p2a: Aerodactyl|Fire Fang|p1a: Corviknight\n|-supereffective|p1a: Corviknight|1\n|-damage|p1a: Corviknight|0 fnt\n|faint|p1a: Corviknight\n|\n|upkeep\n|\n|t:|1776057341\n|switch|p1a: Lopunny|Lopunny-Mega, L50, F, shiny|100/100\n|turn|17\n|\n|t:|1776057344\n|move|p1a: Lopunny|Fake Out|p2a: Aerodactyl\n|-resisted|p2a: Aerodactyl|1\n|-damage|p2a: Aerodactyl|51/100\n|cant|p2a: Aerodactyl|flinch\n|\n|upkeep\n|turn|18\n|\n|t:|1776057346\n|move|p1a: Lopunny|Triple Axel|p2a: Aerodactyl\n|-supereffective|p2a: Aerodactyl|1\n|-damage|p2a: Aerodactyl|33/100\n|-supereffective|p2a: Aerodactyl|1\n|-damage|p2a: Aerodactyl|0 fnt\n|faint|p2a: Aerodactyl\n|-hitcount|p2: Aerodactyl|2\n|\n|win|kyotoyoko\n|raw|kyotoyoko's rating: 1167 &rarr; <strong>1189</strong><br />(+22 for winning)\n|raw|dratini&amp;2electrode's rating: 1131 &rarr; <strong>1109</strong><br />(-22 for losing)\n",
  "uploadtime": 1776057353,
  "views": 12,
  "formatid": "gen9championsbssregma",
  "rating": 1109,
  "private": 0,
  "password": null
}