{
  "id": "gen9championsbssregma-2584935551",
  "format": "[Gen 9 Champions] BSS Reg M-A",
  "players": [
    "zaliyeyuan",
    "Ahotvlol"
  ],
  "log": "|j|\u2606zaliyeyuan\n|j|\u2606Ahotvlol\n|t:|1776296030\n|gametype|singles\n|player|p1|zaliyeyuan|artist-gen4|1355\n|player|p2|Ahotvlol|102|1389\n|gen|9\n|tier|[Gen 9 Champions] BSS Reg M-A\n|rated|\n|rule|Species Clause: Limit one of each Pok\u00e9mon\n|rule|Item Clause: Limit 1 of each item\n|clearpoke\n|poke|p1|Starmie, L50|\n|poke|p1|Hydreigon, L50, F|\n|poke|p1|Hippowdon, L50, M|\n|poke|p1|Rotom-Wash, L50|\n|poke|p1|Aegislash, L50, F|\n|poke|p1|Floette-Eternal, L50, F|\n|poke|p2|Clefable, L50, F|\n|poke|p2|Espathra, L50, M|\n|poke|p2|Charizard, L50, F|\n|poke|p2|Hippowdon, L50, M|\n|poke|p2|Kingambit, L50, F|\n|poke|p2|Glimmora, L50, M|\n|teampreview|3\n|inactive|Battle timer is ON: inactive players will automatically lose when time's up. (requested by Ahotvlol)\n|inactive|zaliyeyuan also wants the timer to be on.\n|j| p74\n|\n|t:|1776296047\n|teamsize|p1|3\n|teamsize|p2|3\n|start\n|switch|p1a: Starmie|Starmie, L50, shiny|100/100\n|switch|p2a: Glimmora|Glimmora, L50, M|100/100\n|turn|1\n|j| huhyuhyuhyuh\n|\n|t:|1776296057\n|detailschange|p1a: Starmie|Starmie-Mega, L50, shiny\n|-mega|p1a: Starmie|Starmie|Starminite\n|move|p1a: Starmie|Liquidation|p2a: Glimmora\n|-supereffective|p2a: Glimmora|1\n|-enditem|p2a: Glimmora|Focus Sash\n|-damage|p2a: Glimmora|1/100\n|-activate|p2a: Glimmora|ability: Toxic Debris\n|-sidestart|p1: zaliyeyuan|move: Toxic Spikes\n|move|p2a: Glimmora|Stealth Rock|p1a: Starmie\n|-sidestart|p1: zaliyeyuan|move: Stealth Rock\n|\n|upkeep\n|turn|2\n|\n|t:|1776296068\n|move|p1a: Starmie|Liquidation|p2a: Glimmora\n|-supereffective|p2a: Glimmora|1\n|-damage|p2a: Glimmora|0 fnt\n|-activate|p2a: Glimmora|ability: Toxic Debris\n|-sidestart|p1: zaliyeyuan|move: Toxic Spikes\n|faint|p2a: Glimmora\n|\n|upkeep\n|\n|t:|1776296069\n|switch|p2a: Espathra|Espathra, L50, M|100/100\n|turn|3\n|\n|t:|1776296077\n|move|p2a: Espathra|Protect|p2a: Espathra\n|-singleturn|p2a: Espathra|Protect\n|move|p1a: Starmie|Liquidation|p2a: Espathra\n|-activate|p2a: Espathra|move: Protect\n|\n|-ability|p2a: Espathra|Speed Boost|boost\n|-boost|p2a: Espathra|spe|1\n|upkeep\n|turn|4\n|inactive|Ahotvlol has 30 seconds left.\n|\n|t:|1776296111\n|move|p2a: Espathra|Lumina Crash|p1a: Starmie\n|-resisted|p1a: Starmie|1\n|-damage|p1a: Starmie|83/100\n|-unboost|p1a: Starmie|spd|2\n|move|p1a: Starmie|Liquidation|p2a: Espathra\n|-damage|p2a: Espathra|9/100\n|\n|-heal|p2a: Espathra|15/100|[from] item: Leftovers\n|-ability|p2a: Espathra|Speed Boost|boost\n|-boost|p2a: Espathra|spe|1\n|upkeep\n|turn|5\n|\n|t:|1776296124\n|move|p2a: Espathra|Protect|p2a: Espathra\n|-singleturn|p2a: Espathra|Protect\n|move|p1a: Starmie|Aqua Jet|p2a: Espathra\n|-activate|p2a: Espathra|move: Protect\n|\n|-heal|p2a: Espathra|21/100|[from] item: Leftovers\n|-ability|p2a: Espathra|Speed Boost|boost\n|-boost|p2a: Espathra|spe|1\n|upkeep\n|turn|6\n|\n|t:|1776296144\n|move|p1a: Starmie|Aqua Jet|p2a: Espathra\n|-damage|p2a: Espathra|0 fnt\n|faint|p2a: Espathra\n|\n|upkeep\n|\n|t:|1776296147\n|switch|p2a: Clefable|Clefable, L50, F|100/100\n|turn|7\n|\n|t:|1776296156\n|detailschange|p2a: Clefable|Clefable-Mega, L50, F\n|-mega|p2a: Clefable|Clefable|Clefablite\n|move|p1a: Starmie|Liquidation|p2a: Clefable\n|-damage|p2a: Clefable|49/100\n|move|p2a: Clefable|Cosmic Power|p2a: Clefable\n|-boost|p2a: Clefable|def|1\n|-boost|p2a: Clefable|spd|1\n|\n|upkeep\n|turn|8\n|\n|t:|1776296165\n|move|p1a: Starmie|Liquidation|p2a: Clefable\n|-damage|p2a: Clefable|12/100\n|move|p2a: Clefable|Moonblast|p1a: Starmie\n|-damage|p1a: Starmie|0 fnt\n|faint|p1a: Starmie\n|\n|upkeep\n|\n|t:|1776296176\n|switch|p1a: Hydreigon|Hydreigon, L50, F, shiny|100/100\n|-damage|p1a: Hydreigon|88/100|[from] Stealth Rock\n|turn|9\n|\n|t:|1776296190\n|move|p1a: Hydreigon|Fire Blast|p2a: Clefable|[miss]\n|-miss|p1a: Hydreigon|p2a: Clefable\n|move|p2a: Clefable|Moonlight|p2a: Clefable\n|-heal|p2a: Clefable|62/100\n|\n|upkeep\n|turn|10\n|\n|t:|1776296199\n|move|p1a: Hydreigon|Fire Blast|p2a: Clefable|[miss]\n|-miss|p1a: Hydreigon|p2a: Clefable\n|move|p2a: Clefable|Cosmic Power|p2a: Clefable\n|-boost|p2a: Clefable|def|1\n|-boost|p2a: Clefable|spd|1\n|\n|upkeep\n|turn|11\n|\n|t:|1776296207\n|move|p1a: Hydreigon|Fire Blast|p2a: Clefable\n|-damage|p2a: Clefable|46/100\n|move|p2a: Clefable|Cosmic Power|p2a: Clefable\n|-boost|p2a: Clefable|def|1\n|-boost|p2a: Clefable|spd|1\n|\n|upkeep\n|turn|12\n|-message|zaliyeyuan forfeited.\n|\n|win|Ahotvlol\n|raw|zaliyeyuan's rating: 1355 &rarr; <strong>1337</strong><br />(-18 for losing)\n|raw|Ahotvlol's rating: 1389 &rarr; <strong>1407</strong><br />(+18 for winning)\n|l|\u2606zaliyeyuan\n|player|p1|\n",
  "uploadtime": 1776296215,
  "views": 8,
  "formatid": "gen9championsbssregma",
  "rating": 1337,
  "private": 0,
  "password": null
}