{
  "id": "gen9championsbssregma-2587614978",
  "format": "[Gen 9 Champions] BSS Reg M-A",
  "players": [
    "PokeMasterToast",
    "driflount drifloon"
  ],
  "log": "|j|\u2606PokeMasterToast\n|j|\u2606driflount drifloon\n|t:|1776547157\n|gametype|singles\n|player|p1|PokeMasterToast|pokemonbreeder-gen4|1034\n|player|p2|driflount drifloon|brock|1061\n|gen|9\n|tier|[Gen 9 Champions] BSS Reg M-A\n|rated|\n|rule|Species Clause: Limit one of each Pok\u00e9mon\n|rule|Item Clause: Limit 1 of each item\n|clearpoke\n|poke|p1|Zoroark-Hisui, L50, M|\n|poke|p1|Scovillain, L50, M|\n|poke|p1|Orthworm, L50, M|\n|poke|p1|Meowscarada, L50, M|\n|poke|p1|Charizard, L50, F|\n|poke|p1|Goodra-Hisui, L50, M|\n|poke|p2|Espathra, L50, M|\n|poke|p2|Lopunny, L50, F|\n|poke|p2|Slowbro, L50, M|\n|poke|p2|Clefable, L50, M|\n|poke|p2|Corviknight, L50, M|\n|poke|p2|Incineroar, L50, M|\n|teampreview|3\n|inactive|Battle timer is ON: inactive players will automatically lose when time's up. (requested by driflount drifloon)\n|inactive|driflount drifloon has 60 seconds left.\n|\n|t:|1776547191\n|teamsize|p1|3\n|teamsize|p2|3\n|start\n|switch|p1a: Goodra|Goodra-Hisui, L50, M|100/100\n|switch|p2a: Espathra|Espathra, L50, M|100/100\n|turn|1\n|\n|t:|1776547198\n|move|p2a: Espathra|Protect|p2a: Espathra\n|-singleturn|p2a: Espathra|Protect\n|move|p1a: Goodra|Bitter Malice|p2a: Espathra\n|-activate|p2a: Espathra|move: Protect\n|\n|-ability|p2a: Espathra|Speed Boost|boost\n|-boost|p2a: Espathra|spe|1\n|upkeep\n|turn|2\n|\n|t:|1776547209\n|move|p1a: Goodra|Bitter Malice|p2a: Espathra\n|-supereffective|p2a: Espathra|1\n|-damage|p2a: Espathra|1/100\n|-unboost|p2a: Espathra|atk|1\n|move|p2a: Espathra|Baton Pass|p2a: Espathra\n|\n|t:|1776547221\n|switch|p2a: SEXY CAN I|Lopunny, L50, F|100/100|[from] Baton Pass\n|\n|upkeep\n|turn|3\n|\n|t:|1776547226\n|switch|p1a: Goodra|Goodra-Hisui, L50, M|100/100\n|move|p2a: SEXY CAN I|Swords Dance|p2a: SEXY CAN I\n|-boost|p2a: SEXY CAN I|atk|2\n|\n|upkeep\n|turn|4\n|\n|t:|1776547237\n|detailschange|p2a: SEXY CAN I|Lopunny-Mega, L50, F\n|-mega|p2a: SEXY CAN I|Lopunny|Lopunnite\n|move|p2a: SEXY CAN I|Swords Dance|p2a: SEXY CAN I\n|-boost|p2a: SEXY CAN I|atk|2\n|move|p1a: Goodra|Body Press|p2a: SEXY CAN I\n|-supereffective|p2a: SEXY CAN I|1\n|-damage|p2a: SEXY CAN I|52/100\n|\n|upkeep\n|turn|5\n|\n|t:|1776547249\n|move|p2a: SEXY CAN I|Drain Punch|p1a: Goodra\n|-supereffective|p1a: Goodra|1\n|-damage|p1a: Goodra|0 fnt\n|-heal|p2a: SEXY CAN I|97/100|[from] drain|[of] p1a: Goodra\n|-ability|p1a: Goodra|Gooey\n|-unboost|p2a: SEXY CAN I|spe|1\n|faint|p1a: Goodra\n|\n|upkeep\n|\n|t:|1776547257\n|switch|p1a: Scovillain|Scovillain, L50, M|100/100\n|turn|6\n|\n|t:|1776547265\n|move|p1a: Scovillain|Memento|p2a: SEXY CAN I\n|-unboost|p2a: SEXY CAN I|atk|2\n|-unboost|p2a: SEXY CAN I|spa|2\n|faint|p1a: Scovillain\n|move|p2a: SEXY CAN I|Swords Dance|p2a: SEXY CAN I\n|-boost|p2a: SEXY CAN I|atk|2\n|\n|upkeep\n|\n|t:|1776547270\n|switch|p1a: Scovillain|Scovillain, L50, M|100/100\n|turn|7\n|\n|t:|1776547281\n|move|p1a: Scovillain|Protect|p1a: Scovillain\n|-singleturn|p1a: Scovillain|Protect\n|move|p2a: SEXY CAN I|Drain Punch|p1a: Scovillain\n|-activate|p1a: Scovillain|move: Protect\n|\n|-ability|p1a: Scovillain|Moody|boost\n|-boost|p1a: Scovillain|spe|2\n|-unboost|p1a: Scovillain|spa|1\n|upkeep\n|turn|8\n|\n|t:|1776547289\n|move|p1a: Scovillain|Substitute|p1a: Scovillain\n|-start|p1a: Scovillain|Substitute\n|-damage|p1a: Scovillain|75/100\n|move|p2a: SEXY CAN I|Encore|p1a: Scovillain\n|-start|p1a: Scovillain|Encore\n|\n|-ability|p1a: Scovillain|Moody|boost\n|-boost|p1a: Scovillain|spd|2\n|-unboost|p1a: Scovillain|spe|1\n|upkeep\n|turn|9\n|\n|t:|1776547297\n|move|p2a: SEXY CAN I|Drain Punch|p1a: Scovillain\n|-crit|p1a: Scovillain\n|-end|p1a: Scovillain|Substitute\n|-heal|p2a: SEXY CAN I|100/100|[from] drain|[of] p1a: Scovillain\n|move|p1a: Scovillain|Substitute|p1a: Scovillain\n|-start|p1a: Scovillain|Substitute\n|-damage|p1a: Scovillain|50/100\n|\n|-ability|p1a: Scovillain|Moody|boost\n|-boost|p1a: Scovillain|spd|2\n|-unboost|p1a: Scovillain|spa|1\n|upkeep\n|turn|10\n|\n|t:|1776547308\n|move|p2a: SEXY CAN I|Drain Punch|p1a: Scovillain\n|-end|p1a: Scovillain|Substitute\n|move|p1a: Scovillain|Substitute|p1a: Scovillain\n|-start|p1a: Scovillain|Substitute\n|-damage|p1a: Scovillain|25/100\n|\n|-ability|p1a: Scovillain|Moody|boost\n|-boost|p1a: Scovillain|spa|2\n|-unboost|p1a: Scovillain|spd|1\n|upkeep\n|turn|11\n|\n|t:|1776547319\n|move|p2a: SEXY CAN I|Drain Punch|p1a: Scovillain\n|-end|p1a: Scovillain|Substitute\n|move|p1a: Scovillain|Substitute|p1a: Scovillain\n|-fail|p1a: Scovillain|move: Substitute|[weak]\n|\n|-end|p1a: Scovillain|Encore\n|-ability|p1a: Scovillain|Moody|boost\n|-boost|p1a: Scovillain|spe|2\n|-unboost|p1a: Scovillain|spa|1\n|upkeep\n|turn|12\n|\n|t:|1776547328\n|move|p1a: Scovillain|Protect|p1a: Scovillain\n|-singleturn|p1a: Scovillain|Protect\n|move|p2a: SEXY CAN I|Drain Punch|p1a: Scovillain\n|-activate|p1a: Scovillain|move: Protect\n|\n|-ability|p1a: Scovillain|Moody|boost\n|-boost|p1a: Scovillain|spd|2\n|-unboost|p1a: Scovillain|spe|1\n|upkeep\n|turn|13\n|\n|t:|1776547338\n|detailschange|p1a: Scovillain|Scovillain-Mega, L50, M\n|-mega|p1a: Scovillain|Scovillain|Scovillainite\n|move|p1a: Scovillain|Giga Drain|p2a: SEXY CAN I\n|-damage|p2a: SEXY CAN I|71/100\n|-heal|p1a: Scovillain|44/100|[from] drain|[of] p2a: SEXY CAN I\n|move|p2a: SEXY CAN I|Drain Punch|p1a: Scovillain\n|-damage|p1a: Scovillain|0 fnt\n|-heal|p2a: SEXY CAN I|89/100|[from] drain|[of] p1a: Scovillain\n|-status|p2a: SEXY CAN I|brn|[from] ability: Spicy Spray|[of] p1a: Scovillain\n|faint|p1a: Scovillain\n|\n|win|driflount drifloon\n|raw|PokeMasterToast's rating: 1034 &rarr; <strong>1020</strong><br />(-14 for losing)\n|raw|driflount drifloon's rating: 1061 &rarr; <strong>1089</strong><br />(+28 for winning)\n|l|\u2606PokeMasterToast\n|player|p1|\n",
  "uploadtime": 1776547350,
  "views": 3,
  "formatid": "gen9championsbssregma",
  "rating": 1020,
  "private": 0,
  "password": null
}