{
  "id": "gen9championsbssregma-2583187237",
  "format": "[Gen 9 Champions] BSS Reg M-A",
  "players": [
    "prograstination",
    "coffeineadd1ct"
  ],
  "log": "|j|\u2606prograstination\n|j|\u2606coffeineadd1ct\n|t:|1776152509\n|gametype|singles\n|player|p1|prograstination|workerice|1374\n|player|p2|coffeineadd1ct|2|1387\n|gen|9\n|tier|[Gen 9 Champions] BSS Reg M-A\n|rated|\n|rule|Species Clause: Limit one of each Pok\u00e9mon\n|rule|Item Clause: Limit 1 of each item\n|clearpoke\n|poke|p1|Blastoise, L50, F|\n|poke|p1|Garchomp, L50, M|\n|poke|p1|Skeledirge, L50, F|\n|poke|p1|Meowscarada, L50, F|\n|poke|p1|Sylveon, L50, F|\n|poke|p1|Scizor, L50, M|\n|poke|p2|Kangaskhan, L50, F|\n|poke|p2|Aegislash, L50, M|\n|poke|p2|Garchomp, L50, M|\n|poke|p2|Primarina, L50, F|\n|poke|p2|Kingambit, L50, M|\n|poke|p2|Delphox, L50, F|\n|teampreview|3\n|inactive|Battle timer is ON: inactive players will automatically lose when time's up. (requested by prograstination)\n|j| p74\n|\n|t:|1776152538\n|teamsize|p1|3\n|teamsize|p2|3\n|start\n|switch|p1a: Meowscarada|Meowscarada, L50, F|100/100\n|switch|p2a: Primarina|Primarina, L50, F|100/100\n|turn|1\n|j| hasnoname\n|l| hasnoname\n|\n|t:|1776152547\n|move|p1a: Meowscarada|Flower Trick|p2a: Primarina\n|-start|p1a: Meowscarada|typechange|Grass|[from] ability: Protean\n|-supereffective|p2a: Primarina|1\n|-crit|p2a: Primarina\n|-damage|p2a: Primarina|0 fnt\n|faint|p2a: Primarina\n|\n|upkeep\n|\n|t:|1776152553\n|switch|p2a: Delphox|Delphox, L50, F|100/100\n|turn|2\n|inactive|coffeineadd1ct has 30 seconds left.\n|inactive|coffeineadd1ct has 20 seconds left.\n|\n|t:|1776152588\n|switch|p1a: Skeledirge|Skeledirge, L50, F|100/100\n|detailschange|p2a: Delphox|Delphox-Mega, L50, F\n|-mega|p2a: Delphox|Delphox|Delphoxite\n|move|p2a: Delphox|Nasty Plot|p2a: Delphox\n|-boost|p2a: Delphox|spa|2\n|\n|upkeep\n|turn|3\n|\n|t:|1776152595\n|move|p2a: Delphox|Substitute|p2a: Delphox\n|-start|p2a: Delphox|Substitute\n|-damage|p2a: Delphox|76/100\n|move|p1a: Skeledirge|Yawn||[still]\n|-fail|p1a: Skeledirge\n|\n|upkeep\n|turn|4\n|\n|t:|1776152600\n|move|p2a: Delphox|Psyshock|p1a: Skeledirge\n|-damage|p1a: Skeledirge|61/100\n|move|p1a: Skeledirge|Torch Song|p2a: Delphox\n|-resisted|p2a: Delphox|1\n|-damage|p2a: Delphox|57/100\n|-boost|p1a: Skeledirge|spa|1\n|\n|upkeep\n|turn|5\n|\n|t:|1776152608\n|move|p2a: Delphox|Psyshock|p1a: Skeledirge\n|-damage|p1a: Skeledirge|20/100\n|move|p1a: Skeledirge|Slack Off|p1a: Skeledirge\n|-heal|p1a: Skeledirge|71/100\n|\n|upkeep\n|turn|6\n|\n|t:|1776152614\n|move|p2a: Delphox|Psyshock|p1a: Skeledirge\n|-damage|p1a: Skeledirge|34/100\n|move|p1a: Skeledirge|Slack Off|p1a: Skeledirge\n|-heal|p1a: Skeledirge|84/100\n|\n|upkeep\n|turn|7\n|\n|t:|1776152620\n|move|p2a: Delphox|Psyshock|p1a: Skeledirge\n|-damage|p1a: Skeledirge|46/100\n|move|p1a: Skeledirge|Torch Song|p2a: Delphox\n|-resisted|p2a: Delphox|1\n|-damage|p2a: Delphox|32/100\n|-boost|p1a: Skeledirge|spa|1\n|\n|upkeep\n|turn|8\n|\n|t:|1776152628\n|move|p2a: Delphox|Psyshock|p1a: Skeledirge\n|-damage|p1a: Skeledirge|7/100\n|move|p1a: Skeledirge|Slack Off|p1a: Skeledirge\n|-heal|p1a: Skeledirge|57/100\n|\n|upkeep\n|turn|9\n|\n|t:|1776152633\n|move|p2a: Delphox|Psyshock|p1a: Skeledirge\n|-damage|p1a: Skeledirge|18/100\n|move|p1a: Skeledirge|Slack Off|p1a: Skeledirge\n|-heal|p1a: Skeledirge|68/100\n|\n|upkeep\n|turn|10\n|\n|t:|1776152639\n|move|p2a: Delphox|Psyshock|p1a: Skeledirge\n|-damage|p1a: Skeledirge|27/100\n|move|p1a: Skeledirge|Slack Off|p1a: Skeledirge\n|-heal|p1a: Skeledirge|77/100\n|\n|upkeep\n|turn|11\n|\n|t:|1776152644\n|move|p2a: Delphox|Psyshock|p1a: Skeledirge\n|-damage|p1a: Skeledirge|40/100\n|move|p1a: Skeledirge|Slack Off|p1a: Skeledirge\n|-heal|p1a: Skeledirge|90/100\n|\n|upkeep\n|turn|12\n|\n|t:|1776152650\n|move|p2a: Delphox|Psyshock|p1a: Skeledirge\n|-damage|p1a: Skeledirge|55/100\n|move|p1a: Skeledirge|Torch Song|p2a: Delphox\n|-resisted|p2a: Delphox|1\n|-damage|p2a: Delphox|0 fnt\n|-boost|p1a: Skeledirge|spa|1\n|faint|p2a: Delphox\n|\n|upkeep\n|\n|t:|1776152658\n|switch|p2a: Kingambit|Kingambit, L50, M|100/100\n|-activate|p2a: Kingambit|ability: Supreme Overlord\n|-start|p2a: Kingambit|fallen2|[silent]\n|turn|13\n|\n|t:|1776152662\n|move|p2a: Kingambit|Kowtow Cleave|p1a: Skeledirge\n|-supereffective|p1a: Skeledirge|1\n|-damage|p1a: Skeledirge|0 fnt\n|faint|p1a: Skeledirge\n|\n|upkeep\n|\n|t:|1776152665\n|switch|p1a: Blastoise|Blastoise, L50, F|100/100\n|turn|14\n|\n|t:|1776152670\n|detailschange|p1a: Blastoise|Blastoise-Mega, L50, F\n|-mega|p1a: Blastoise|Blastoise|Blastoisinite\n|move|p1a: Blastoise|Aura Sphere|p2a: Kingambit\n|-supereffective|p2a: Kingambit|2\n|-damage|p2a: Kingambit|0 fnt\n|faint|p2a: Kingambit\n|-end|p2a: Kingambit|fallen2|[silent]\n|\n|win|prograstination\n|raw|prograstination's rating: 1374 &rarr; <strong>1395</strong><br />(+21 for winning)\n|raw|coffeineadd1ct's rating: 1387 &rarr; <strong>1366</strong><br />(-21 for losing)\n|l|\u2606coffeineadd1ct\n|player|p2|\n|l|\u2606prograstination\n|player|p1|\n|l| p74\n",
  "uploadtime": 1776152743,
  "views": 29,
  "formatid": "gen9championsbssregma",
  "rating": 1366,
  "private": 0,
  "password": null
}