{
  "id": "gen9championsbssregma-2582575095",
  "format": "[Gen 9 Champions] BSS Reg M-A",
  "players": [
    "deepseazapdos",
    "Thompson_trainer"
  ],
  "log": "|j|\u2606deepseazapdos\n|j|\u2606Thompson_trainer\n|t:|1776100326\n|gametype|singles\n|player|p1|deepseazapdos|nate|1196\n|player|p2|Thompson_trainer|169|1178\n|gen|9\n|tier|[Gen 9 Champions] BSS Reg M-A\n|rated|\n|rule|Species Clause: Limit one of each Pok\u00e9mon\n|rule|Item Clause: Limit 1 of each item\n|clearpoke\n|poke|p1|Meowscarada, L50, F|\n|poke|p1|Gengar, L50, M|\n|poke|p1|Ditto, L50|\n|poke|p1|Gyarados, L50, F|\n|poke|p1|Primarina, L50, F|\n|poke|p1|Bellibolt, L50, F|\n|poke|p2|Oranguru, L50, M|\n|poke|p2|Camerupt, L50, M|\n|poke|p2|Mimikyu, L50, F|\n|poke|p2|Conkeldurr, L50, F|\n|poke|p2|Hatterene, L50, F|\n|poke|p2|Kingambit, L50, M|\n|teampreview|3\n|\n|t:|1776100380\n|teamsize|p1|3\n|teamsize|p2|3\n|start\n|switch|p1a: Meowscarada|Meowscarada, L50, F|100/100\n|switch|p2a: Mimikyu|Mimikyu, L50, F|100/100\n|turn|1\n|\n|t:|1776100397\n|move|p1a: Meowscarada|U-turn|p2a: Mimikyu\n|-start|p1a: Meowscarada|typechange|Bug|[from] ability: Protean\n|-activate|p2a: Mimikyu|ability: Disguise\n|-damage|p2a: Mimikyu|100/100\n|detailschange|p2a: Mimikyu|Mimikyu-Busted, L50, F\n|-damage|p2a: Mimikyu|88/100|[from] pokemon: Mimikyu-Busted\n|\n|t:|1776100400\n|switch|p1a: Primarina|Primarina, L50, F|100/100|[from] U-turn\n|move|p2a: Mimikyu|Trick Room|p2a: Mimikyu\n|-fieldstart|move: Trick Room|[of] p2a: Mimikyu\n|\n|upkeep\n|turn|2\n|\n|t:|1776100411\n|move|p1a: Primarina|Sparkling Aria|p2a: Mimikyu\n|-damage|p2a: Mimikyu|49/100\n|move|p2a: Mimikyu|Curse|p1a: Primarina\n|-start|p1a: Primarina|Curse|[of] p2a: Mimikyu\n|-damage|p2a: Mimikyu|0 fnt\n|faint|p2a: Mimikyu\n|\n|-damage|p1a: Primarina|76/100|[from] Curse\n|upkeep\n|\n|t:|1776100421\n|switch|p2a: Kingambit|Kingambit, L50, M|100/100\n|-activate|p2a: Kingambit|ability: Supreme Overlord\n|-start|p2a: Kingambit|fallen1|[silent]\n|turn|3\n|\n|t:|1776100426\n|switch|p1a: Gyarados|Gyarados, L50, F|100/100\n|-ability|p1a: Gyarados|Intimidate|boost\n|-unboost|p2a: Kingambit|atk|1\n|move|p2a: Kingambit|Swords Dance|p2a: Kingambit\n|-boost|p2a: Kingambit|atk|2\n|\n|upkeep\n|turn|4\n|\n|t:|1776100447\n|move|p2a: Kingambit|Kowtow Cleave|p1a: Gyarados\n|-damage|p1a: Gyarados|0 fnt\n|faint|p1a: Gyarados\n|\n|upkeep\n|\n|t:|1776100453\n|switch|p1a: Primarina|Primarina, L50, F|76/100\n|turn|5\n|\n|t:|1776100458\n|move|p2a: Kingambit|Iron Head|p1a: Primarina\n|-damage|p1a: Primarina|10/100\n|-enditem|p1a: Primarina|Sitrus Berry|[eat]\n|-heal|p1a: Primarina|35/100|[from] item: Sitrus Berry\n|cant|p1a: Primarina|flinch\n|\n|-fieldend|move: Trick Room\n|upkeep\n|turn|6\n|\n|t:|1776100467\n|move|p2a: Kingambit|Iron Head|p1a: Primarina\n|-damage|p1a: Primarina|0 fnt\n|faint|p1a: Primarina\n|\n|upkeep\n|\n|t:|1776100470\n|switch|p1a: Meowscarada|Meowscarada, L50, F|100/100\n|turn|7\n|-message|deepseazapdos forfeited.\n|\n|win|Thompson_trainer\n|raw|deepseazapdos's rating: 1196 &rarr; <strong>1170</strong><br />(-26 for losing)\n|raw|Thompson_trainer's rating: 1178 &rarr; <strong>1204</strong><br />(+26 for winning)\n|l|\u2606deepseazapdos\n|player|p1|\n",
  "uploadtime": 1776100515,
  "views": 2,
  "formatid": "gen9championsbssregma",
  "rating": 1170,
  "private": 0,
  "password": null
}