{
  "id": "gen9championsbssregma-2584462874",
  "format": "[Gen 9 Champions] BSS Reg M-A",
  "players": [
    "noel0118",
    "thegrea"
  ],
  "log": "|j|\u2606noel0118\n|j|\u2606thegrea\n|t:|1776262553\n|gametype|singles\n|player|p1|noel0118|2|1102\n|player|p2|thegrea|rosa|1000\n|gen|9\n|tier|[Gen 9 Champions] BSS Reg M-A\n|rated|\n|rule|Species Clause: Limit one of each Pok\u00e9mon\n|rule|Item Clause: Limit 1 of each item\n|clearpoke\n|poke|p1|Chesnaught, L50, M|\n|poke|p1|Mimikyu, L50, M|\n|poke|p1|Orthworm, L50, F|\n|poke|p1|Hydreigon, L50, M|\n|poke|p1|Crabominable, L50, M|\n|poke|p1|Hatterene, L50, F|\n|poke|p2|Heracross, L50, M|\n|poke|p2|Ninetales-Alola, L50, F|\n|poke|p2|Archaludon, L50, M|\n|poke|p2|Rotom-Wash, L50|\n|poke|p2|Pinsir, L50, M|\n|poke|p2|Incineroar, L50, M|\n|teampreview|3\n|\n|t:|1776262590\n|teamsize|p1|3\n|teamsize|p2|3\n|start\n|switch|p1a: Hatterene|Hatterene, L50, F|100/100\n|switch|p2a: Rotom|Rotom-Wash, L50, shiny|100/100\n|turn|1\n|\n|t:|1776262598\n|move|p2a: Rotom|Volt Switch|p1a: Hatterene\n|-damage|p1a: Hatterene|71/100\n|\n|t:|1776262601\n|switch|p2a: Incineroar|Incineroar, L50, M, shiny|100/100|[from] Volt Switch\n|-ability|p2a: Incineroar|Intimidate|boost\n|-unboost|p1a: Hatterene|atk|1\n|move|p1a: Hatterene|Trick Room|p1a: Hatterene\n|-fieldstart|move: Trick Room|[of] p1a: Hatterene\n|\n|upkeep\n|turn|2\n|\n|t:|1776262611\n|move|p2a: Incineroar|Fake Out|p1a: Hatterene\n|-damage|p1a: Hatterene|59/100\n|cant|p1a: Hatterene|flinch\n|\n|upkeep\n|turn|3\n|\n|t:|1776262620\n|move|p1a: Hatterene|Misty Explosion|p2a: Incineroar\n|-damage|p2a: Incineroar|63/100\n|faint|p1a: Hatterene\n|move|p2a: Incineroar|Flare Blitz|p1: Hatterene|[notarget]\n|-fail|p2a: Incineroar\n|\n|upkeep\n|\n|t:|1776262625\n|switch|p1a: Crabominable|Crabominable, L50, M|100/100\n|turn|4\n|\n|t:|1776262632\n|detailschange|p1a: Crabominable|Crabominable-Mega, L50, M\n|-mega|p1a: Crabominable|Crabominable|Crabominite\n|move|p1a: Crabominable|Drain Punch|p2a: Incineroar\n|-supereffective|p2a: Incineroar|1\n|-damage|p2a: Incineroar|0 fnt\n|faint|p2a: Incineroar\n|\n|upkeep\n|\n|t:|1776262643\n|switch|p2a: Heracross|Heracross, L50, M|100/100\n|turn|5\n|\n|t:|1776262656\n|detailschange|p2a: Heracross|Heracross-Mega, L50, M\n|-mega|p2a: Heracross|Heracross|Heracronite\n|move|p1a: Crabominable|Ice Hammer|p2a: Heracross\n|-damage|p2a: Heracross|29/100\n|-unboost|p1a: Crabominable|spe|1\n|move|p2a: Heracross|Rock Blast|p1a: Crabominable\n|-damage|p1a: Crabominable|91/100\n|-damage|p1a: Crabominable|81/100\n|-damage|p1a: Crabominable|72/100\n|-damage|p1a: Crabominable|62/100\n|-damage|p1a: Crabominable|52/100\n|-hitcount|p1a: Crabominable|5\n|\n|-fieldend|move: Trick Room\n|upkeep\n|turn|6\n|\n|t:|1776262683\n|move|p2a: Heracross|Close Combat|p1a: Crabominable\n|-supereffective|p1a: Crabominable|1\n|-damage|p1a: Crabominable|0 fnt\n|-unboost|p2a: Heracross|def|1\n|-unboost|p2a: Heracross|spd|1\n|faint|p1a: Crabominable\n|\n|upkeep\n|\n|t:|1776262690\n|switch|p1a: Hydreigon|Hydreigon, L50, M|100/100\n|turn|7\n|\n|t:|1776262699\n|switch|p2a: Rotom|Rotom-Wash, L50, shiny|100/100\n|move|p1a: Hydreigon|Dark Pulse|p2a: Rotom\n|-damage|p2a: Rotom|60/100\n|\n|upkeep\n|turn|8\n|\n|t:|1776262707\n|move|p1a: Hydreigon|Dark Pulse|p2a: Rotom\n|-damage|p2a: Rotom|16/100\n|-enditem|p2a: Rotom|Sitrus Berry|[eat]\n|-heal|p2a: Rotom|41/100|[from] item: Sitrus Berry\n|move|p2a: Rotom|Nasty Plot|p2a: Rotom\n|-boost|p2a: Rotom|spa|2\n|\n|upkeep\n|turn|9\n|\n|t:|1776262718\n|move|p1a: Hydreigon|Dark Pulse|p2a: Rotom\n|-damage|p2a: Rotom|0 fnt\n|faint|p2a: Rotom\n|\n|upkeep\n|\n|t:|1776262721\n|switch|p2a: Heracross|Heracross-Mega, L50, M|29/100\n|turn|10\n|\n|t:|1776262725\n|move|p1a: Hydreigon|Dark Pulse|p2a: Heracross\n|-resisted|p2a: Heracross|1\n|-crit|p2a: Heracross\n|-damage|p2a: Heracross|1/100\n|move|p2a: Heracross|Pin Missile|p1a: Hydreigon\n|-supereffective|p1a: Hydreigon|1\n|-damage|p1a: Hydreigon|51/100\n|-supereffective|p1a: Hydreigon|1\n|-damage|p1a: Hydreigon|8/100\n|-supereffective|p1a: Hydreigon|1\n|-damage|p1a: Hydreigon|0 fnt\n|faint|p1a: Hydreigon\n|-hitcount|p1: Hydreigon|3\n|\n|win|thegrea\n|raw|noel0118's rating: 1102 &rarr; <strong>1070</strong><br />(-32 for losing)\n|raw|thegrea's rating: 1000 &rarr; <strong>1051</strong><br />(+51 for winning)\n",
  "uploadtime": 1776262737,
  "views": 4,
  "formatid": "gen9championsbssregma",
  "rating": 1051,
  "private": 0,
  "password": null
}