{
  "id": "gen9championsbssregma-2580686892",
  "format": "[Gen 9 Champions] BSS Reg M-A",
  "players": [
    "Meteorplayz_",
    "SmthnCereal"
  ],
  "log": "|j|\u2606Meteorplayz_\n|j|\u2606SmthnCereal\n|t:|1775924274\n|gametype|singles\n|player|p1|Meteorplayz_|winona-gen6|1000\n|player|p2|SmthnCereal|102|1000\n|gen|9\n|tier|[Gen 9 Champions] BSS Reg M-A\n|rated|\n|rule|Species Clause: Limit one of each Pok\u00e9mon\n|rule|Item Clause: Limit 1 of each item\n|clearpoke\n|poke|p1|Meowscarada, L50, F|\n|poke|p1|Milotic, L50, M|\n|poke|p1|Aegislash, L50, M|\n|poke|p1|Dragonite, L50, M|\n|poke|p1|Slowking-Galar, L50, M|\n|poke|p1|Lopunny, L50, M|\n|poke|p2|Azumarill, L50, F|\n|poke|p2|Meganium, L50, M|\n|poke|p2|Corviknight, L50, F|\n|poke|p2|Armarouge, L50, M|\n|poke|p2|Excadrill, L50, M|\n|poke|p2|Sylveon, L50, M|\n|teampreview|3\n|inactive|Battle timer is ON: inactive players will automatically lose when time's up. (requested by SmthnCereal)\n|\n|t:|1775924301\n|teamsize|p1|3\n|teamsize|p2|3\n|start\n|switch|p1a: Milotic|Milotic, L50, M|100/100\n|switch|p2a: Corviknight|Corviknight, L50, F|100/100\n|-ability|p2a: Corviknight|Pressure\n|turn|1\n|\n|t:|1775924309\n|switch|p2a: Sylveon|Sylveon, L50, M, shiny|100/100\n|move|p1a: Milotic|Scald|p2a: Sylveon\n|-damage|p2a: Sylveon|82/100\n|-status|p2a: Sylveon|brn\n|\n|-damage|p2a: Sylveon|76/100 brn|[from] brn\n|upkeep\n|turn|2\n|\n|t:|1775924317\n|move|p1a: Milotic|Flip Turn|p2a: Sylveon\n|-damage|p2a: Sylveon|62/100 brn\n|\n|t:|1775924323\n|switch|p1a: Lopunny|Lopunny, L50, M|100/100|[from] Flip Turn\n|move|p2a: Sylveon|Calm Mind|p2a: Sylveon\n|-boost|p2a: Sylveon|spa|1\n|-boost|p2a: Sylveon|spd|1\n|\n|-damage|p2a: Sylveon|56/100 brn|[from] brn\n|upkeep\n|turn|3\n|\n|t:|1775924340\n|detailschange|p1a: Lopunny|Lopunny-Mega, L50, M\n|-mega|p1a: Lopunny|Lopunny|Lopunnite\n|move|p1a: Lopunny|Fake Out|p2a: Sylveon\n|-damage|p2a: Sylveon|33/100 brn\n|cant|p2a: Sylveon|flinch\n|\n|-damage|p2a: Sylveon|28/100 brn|[from] brn\n|upkeep\n|turn|4\n|\n|t:|1775924347\n|move|p1a: Lopunny|Triple Axel|p2a: Sylveon\n|-damage|p2a: Sylveon|19/100 brn\n|-damage|p2a: Sylveon|3/100 brn\n|-hitcount|p2a: Sylveon|2\n|move|p2a: Sylveon|Hyper Voice|p1a: Lopunny\n|-supereffective|p1a: Lopunny|1\n|-damage|p1a: Lopunny|0 fnt\n|faint|p1a: Lopunny\n|\n|-damage|p2a: Sylveon|0 fnt|[from] brn\n|faint|p2a: Sylveon\n|upkeep\n|inactive|SmthnCereal has 30 seconds left.\n|\n|t:|1775924381\n|switch|p1a: Milotic|Milotic, L50, M|100/100\n|switch|p2a: Corviknight|Corviknight, L50, F|100/100\n|-ability|p2a: Corviknight|Pressure\n|turn|5\n|\n|t:|1775924387\n|move|p1a: Milotic|Scald|p2a: Corviknight\n|-damage|p2a: Corviknight|79/100\n|move|p2a: Corviknight|Power Trip|p1a: Milotic\n|-damage|p1a: Milotic|97/100\n|\n|-heal|p2a: Corviknight|84/100|[from] item: Leftovers\n|upkeep\n|turn|6\n|\n|t:|1775924394\n|move|p1a: Milotic|Scald|p2a: Corviknight\n|-damage|p2a: Corviknight|61/100\n|move|p2a: Corviknight|Bulk Up|p2a: Corviknight\n|-boost|p2a: Corviknight|atk|1\n|-boost|p2a: Corviknight|def|1\n|\n|-heal|p2a: Corviknight|66/100|[from] item: Leftovers\n|upkeep\n|turn|7\n|\n|t:|1775924399\n|move|p1a: Milotic|Scald|p2a: Corviknight\n|-damage|p2a: Corviknight|41/100\n|move|p2a: Corviknight|Bulk Up|p2a: Corviknight\n|-boost|p2a: Corviknight|atk|1\n|-boost|p2a: Corviknight|def|1\n|\n|-heal|p2a: Corviknight|47/100|[from] item: Leftovers\n|upkeep\n|turn|8\n|\n|t:|1775924403\n|move|p1a: Milotic|Scald|p2a: Corviknight\n|-damage|p2a: Corviknight|23/100\n|-status|p2a: Corviknight|brn\n|move|p2a: Corviknight|Roost|p2a: Corviknight\n|-heal|p2a: Corviknight|73/100 brn\n|-singleturn|p2a: Corviknight|move: Roost\n|\n|-heal|p2a: Corviknight|79/100 brn|[from] item: Leftovers\n|-damage|p2a: Corviknight|73/100 brn|[from] brn\n|upkeep\n|turn|9\n|\n|t:|1775924408\n|move|p1a: Milotic|Scald|p2a: Corviknight\n|-damage|p2a: Corviknight|51/100 brn\n|move|p2a: Corviknight|Bulk Up|p2a: Corviknight\n|-boost|p2a: Corviknight|atk|1\n|-boost|p2a: Corviknight|def|1\n|\n|-heal|p2a: Corviknight|57/100 brn|[from] item: Leftovers\n|-damage|p2a: Corviknight|51/100 brn|[from] brn\n|upkeep\n|turn|10\n|\n|t:|1775924412\n|move|p1a: Milotic|Scald|p2a: Corviknight\n|-damage|p2a: Corviknight|28/100 brn\n|move|p2a: Corviknight|Bulk Up|p2a: Corviknight\n|-boost|p2a: Corviknight|atk|1\n|-boost|p2a: Corviknight|def|1\n|\n|-heal|p2a: Corviknight|33/100 brn|[from] item: Leftovers\n|-damage|p2a: Corviknight|28/100 brn|[from] brn\n|upkeep\n|turn|11\n|\n|t:|1775924417\n|move|p1a: Milotic|Scald|p2a: Corviknight\n|-damage|p2a: Corviknight|4/100 brn\n|move|p2a: Corviknight|Roost|p2a: Corviknight\n|-heal|p2a: Corviknight|54/100 brn\n|-singleturn|p2a: Corviknight|move: Roost\n|\n|-heal|p2a: Corviknight|60/100 brn|[from] item: Leftovers\n|-damage|p2a: Corviknight|54/100 brn|[from] brn\n|upkeep\n|turn|12\n|\n|t:|1775924422\n|move|p1a: Milotic|Scald|p2a: Corviknight\n|-damage|p2a: Corviknight|30/100 brn\n|move|p2a: Corviknight|Roost|p2a: Corviknight\n|-heal|p2a: Corviknight|81/100 brn\n|-singleturn|p2a: Corviknight|move: Roost\n|\n|-heal|p2a: Corviknight|86/100 brn|[from] item: Leftovers\n|-damage|p2a: Corviknight|81/100 brn|[from] brn\n|upkeep\n|turn|13\n|\n|t:|1775924428\n|move|p1a: Milotic|Ice Beam|p2a: Corviknight\n|-damage|p2a: Corviknight|64/100 brn\n|move|p2a: Corviknight|Power Trip|p1a: Milotic\n|-damage|p1a: Milotic|53/100\n|\n|-heal|p2a: Corviknight|70/100 brn|[from] item: Leftovers\n|-damage|p2a: Corviknight|64/100 brn|[from] brn\n|upkeep\n|turn|14\n|\n|t:|1775924433\n|move|p1a: Milotic|Ice Beam|p2a: Corviknight\n|-damage|p2a: Corviknight|45/100 brn\n|move|p2a: Corviknight|Power Trip|p1a: Milotic\n|-damage|p1a: Milotic|13/100\n|\n|-heal|p2a: Corviknight|51/100 brn|[from] item: Leftovers\n|-damage|p2a: Corviknight|45/100 brn|[from] brn\n|upkeep\n|turn|15\n|\n|t:|1775924437\n|move|p1a: Milotic|Ice Beam|p2a: Corviknight\n|-damage|p2a: Corviknight|27/100 brn\n|move|p2a: Corviknight|Roost|p2a: Corviknight\n|-heal|p2a: Corviknight|77/100 brn\n|-singleturn|p2a: Corviknight|move: Roost\n|\n|-heal|p2a: Corviknight|83/100 brn|[from] item: Leftovers\n|-damage|p2a: Corviknight|77/100 brn|[from] brn\n|upkeep\n|turn|16\n|\n|t:|1775924441\n|move|p1a: Milotic|Recover|p1a: Milotic\n|-heal|p1a: Milotic|63/100\n|move|p2a: Corviknight|Power Trip|p1a: Milotic\n|-damage|p1a: Milotic|24/100\n|\n|-heal|p2a: Corviknight|83/100 brn|[from] item: Leftovers\n|-damage|p2a: Corviknight|77/100 brn|[from] brn\n|upkeep\n|turn|17\n|\n|t:|1775924449\n|move|p1a: Milotic|Recover|p1a: Milotic\n|-heal|p1a: Milotic|74/100\n|move|p2a: Corviknight|Power Trip|p1a: Milotic\n|-damage|p1a: Milotic|31/100\n|\n|-heal|p2a: Corviknight|83/100 brn|[from] item: Leftovers\n|-damage|p2a: Corviknight|77/100 brn|[from] brn\n|upkeep\n|turn|18\n|\n|t:|1775924458\n|move|p1a: Milotic|Recover|p1a: Milotic\n|-heal|p1a: Milotic|81/100\n|move|p2a: Corviknight|Power Trip|p1a: Milotic\n|-damage|p1a: Milotic|41/100\n|\n|-heal|p2a: Corviknight|83/100 brn|[from] item: Leftovers\n|-damage|p2a: Corviknight|77/100 brn|[from] brn\n|upkeep\n|turn|19\n|\n|t:|1775924466\n|move|p1a: Milotic|Ice Beam|p2a: Corviknight\n|-damage|p2a: Corviknight|58/100 brn\n|move|p2a: Corviknight|Bulk Up|p2a: Corviknight\n|-boost|p2a: Corviknight|atk|1\n|-boost|p2a: Corviknight|def|1\n|\n|-heal|p2a: Corviknight|64/100 brn|[from] item: Leftovers\n|-damage|p2a: Corviknight|58/100 brn|[from] brn\n|upkeep\n|turn|20\n|\n|t:|1775924472\n|move|p1a: Milotic|Recover|p1a: Milotic\n|-heal|p1a: Milotic|91/100\n|move|p2a: Corviknight|Bulk Up|p2a: Corviknight\n|-boost|p2a: Corviknight|atk|1\n|-boost|p2a: Corviknight|def|1\n|\n|-heal|p2a: Corviknight|64/100 brn|[from] item: Leftovers\n|-damage|p2a: Corviknight|58/100 brn|[from] brn\n|upkeep\n|turn|21\n|\n|t:|1775924476\n|move|p1a: Milotic|Ice Beam|p2a: Corviknight\n|-damage|p2a: Corviknight|41/100 brn\n|move|p2a: Corviknight|Roost|p2a: Corviknight\n|-heal|p2a: Corviknight|91/100 brn\n|-singleturn|p2a: Corviknight|move: Roost\n|\n|-heal|p2a: Corviknight|97/100 brn|[from] item: Leftovers\n|-damage|p2a: Corviknight|91/100 brn|[from] brn\n|upkeep\n|turn|22\n|\n|t:|1775924482\n|move|p1a: Milotic|Ice Beam|p2a: Corviknight\n|-damage|p2a: Corviknight|73/100 brn\n|move|p2a: Corviknight|Power Trip|p1a: Milotic\n|-damage|p1a: Milotic|14/100\n|\n|-heal|p2a: Corviknight|79/100 brn|[from] item: Leftovers\n|-damage|p2a: Corviknight|73/100 brn|[from] brn\n|upkeep\n|turn|23\n|\n|t:|1775924488\n|move|p1a: Milotic|Flip Turn|p2a: Corviknight\n|-crit|p2a: Corviknight\n|-damage|p2a: Corviknight|59/100 brn\n|\n|t:|1775924491\n|switch|p1a: Meowscarada|Meowscarada, L50, F|100/100|[from] Flip Turn\n|move|p2a: Corviknight|Power Trip|p1a: Meowscarada\n|-resisted|p1a: Meowscarada|1\n|-damage|p1a: Meowscarada|18/100\n|\n|-heal|p2a: Corviknight|65/100 brn|[from] item: Leftovers\n|-damage|p2a: Corviknight|59/100 brn|[from] brn\n|upkeep\n|turn|24\n|\n|t:|1775924494\n|move|p1a: Meowscarada|Knock Off|p2a: Corviknight\n|-start|p1a: Meowscarada|typechange|Dark|[from] ability: Protean\n|-damage|p2a: Corviknight|51/100 brn\n|-enditem|p2a: Corviknight|Leftovers|[from] move: Knock Off|[of] p1a: Meowscarada\n|move|p2a: Corviknight|Body Press|p1a: Meowscarada\n|-supereffective|p1a: Meowscarada|1\n|-damage|p1a: Meowscarada|0 fnt\n|faint|p1a: Meowscarada\n|\n|-damage|p2a: Corviknight|45/100 brn|[from] brn\n|upkeep\n|\n|t:|1775924500\n|switch|p1a: Milotic|Milotic, L50, M|14/100\n|turn|25\n|\n|t:|1775924502\n|move|p1a: Milotic|Recover|p1a: Milotic\n|-heal|p1a: Milotic|64/100\n|move|p2a: Corviknight|Power Trip|p1a: Milotic\n|-damage|p1a: Milotic|0 fnt\n|faint|p1a: Milotic\n|\n|win|SmthnCereal\n|raw|Meteorplayz_'s rating: 1000 &rarr; <strong>1000</strong><br />(+0 for losing)\n|raw|SmthnCereal's rating: 1000 &rarr; <strong>1040</strong><br />(+40 for winning)\n",
  "uploadtime": 1775924502,
  "views": 14,
  "formatid": "gen9championsbssregma",
  "rating": 1000,
  "private": 0,
  "password": null
}