{
  "id": "gen9championsbssregma-2583944282",
  "format": "[Gen 9 Champions] BSS Reg M-A",
  "players": [
    "Mannerist",
    "PokegirlMaroon"
  ],
  "log": "|j|\u2606Mannerist\n|j|\u2606PokegirlMaroon\n|t:|1776210521\n|gametype|singles\n|player|p1|Mannerist|wattson|1083\n|player|p2|PokegirlMaroon|psychicf-gen4|1132\n|gen|9\n|tier|[Gen 9 Champions] BSS Reg M-A\n|rated|\n|rule|Species Clause: Limit one of each Pok\u00e9mon\n|rule|Item Clause: Limit 1 of each item\n|clearpoke\n|poke|p1|Dragapult, L50, F|\n|poke|p1|Emboar, L50, F|\n|poke|p1|Basculegion, L50, M|\n|poke|p1|Starmie, L50|\n|poke|p1|Meganium, L50, M|\n|poke|p1|Mimikyu, L50, M|\n|poke|p2|Machamp, L50, M|\n|poke|p2|Aggron, L50, M|\n|poke|p2|Hydreigon, L50, F|\n|poke|p2|Hatterene, L50, F|\n|poke|p2|Basculegion, L50, M|\n|poke|p2|Incineroar, L50, M|\n|teampreview|3\n|\n|t:|1776210542\n|teamsize|p1|3\n|teamsize|p2|3\n|start\n|switch|p1a: Basculegion|Basculegion, L50, M|100/100\n|switch|p2a: Machamp|Machamp, L50, M|100/100\n|turn|1\n|\n|t:|1776210554\n|move|p1a: Basculegion|Wave Crash|p2a: Machamp\n|-damage|p2a: Machamp|13/100\n|-damage|p1a: Basculegion|72/100|[from] Recoil\n|move|p2a: Machamp|Knock Off|p1a: Basculegion\n|-supereffective|p1a: Basculegion|1\n|-damage|p1a: Basculegion|0 fnt\n|-enditem|p1a: Basculegion|Choice Scarf|[from] move: Knock Off|[of] p2a: Machamp\n|faint|p1a: Basculegion\n|\n|upkeep\n|\n|t:|1776210560\n|switch|p1a: Mimikyu|Mimikyu, L50, M|100/100\n|turn|2\n|\n|t:|1776210562\n|move|p1a: Mimikyu|Shadow Sneak|p2a: Machamp\n|-damage|p2a: Machamp|0 fnt\n|faint|p2a: Machamp\n|\n|upkeep\n|\n|t:|1776210565\n|switch|p2a: Aggron|Aggron, L50, M|100/100\n|turn|3\n|\n|t:|1776210573\n|detailschange|p2a: Aggron|Aggron-Mega, L50, M\n|-mega|p2a: Aggron|Aggron|Aggronite\n|move|p1a: Mimikyu|Swords Dance|p1a: Mimikyu\n|-boost|p1a: Mimikyu|atk|2\n|move|p2a: Aggron|Heavy Slam|p1a: Mimikyu\n|-activate|p1a: Mimikyu|ability: Disguise\n|-damage|p1a: Mimikyu|100/100\n|detailschange|p1a: Mimikyu|Mimikyu-Busted, L50, M\n|-damage|p1a: Mimikyu|88/100|[from] pokemon: Mimikyu-Busted\n|\n|upkeep\n|turn|4\n|\n|t:|1776210576\n|move|p1a: Mimikyu|Shadow Claw|p2a: Aggron\n|-damage|p2a: Aggron|63/100\n|move|p2a: Aggron|Iron Defense|p2a: Aggron\n|-boost|p2a: Aggron|def|2\n|\n|upkeep\n|turn|5\n|\n|t:|1776210580\n|move|p1a: Mimikyu|Shadow Claw|p2a: Aggron\n|-damage|p2a: Aggron|45/100\n|move|p2a: Aggron|Heavy Slam|p1a: Mimikyu\n|-supereffective|p1a: Mimikyu|1\n|-damage|p1a: Mimikyu|0 fnt\n|faint|p1a: Mimikyu\n|\n|upkeep\n|\n|t:|1776210582\n|switch|p1a: Emboar|Emboar, L50, F|100/100\n|turn|6\n|\n|t:|1776210588\n|detailschange|p1a: Emboar|Emboar-Mega, L50, F\n|-mega|p1a: Emboar|Emboar|Emboarite\n|-ability|p1a: Emboar|Mold Breaker\n|move|p1a: Emboar|Flare Blitz|p2a: Aggron\n|-supereffective|p2a: Aggron|1\n|-damage|p2a: Aggron|4/100\n|-damage|p1a: Emboar|88/100|[from] Recoil\n|move|p2a: Aggron|Body Press|p1a: Emboar\n|-damage|p1a: Emboar|0 fnt\n|faint|p1a: Emboar\n|\n|win|PokegirlMaroon\n|raw|Mannerist's rating: 1083 &rarr; <strong>1064</strong><br />(-19 for losing)\n|raw|PokegirlMaroon's rating: 1132 &rarr; <strong>1153</strong><br />(+21 for winning)\n",
  "uploadtime": 1776210600,
  "views": 5,
  "formatid": "gen9championsbssregma",
  "rating": 1064,
  "private": 0,
  "password": null
}