{
  "id": "gen9championsbssregma-2588015586",
  "format": "[Gen 9 Champions] BSS Reg M-A",
  "players": [
    "ADegel",
    "SmallGun"
  ],
  "log": "|j|\u2606ADegel\n|j|\u2606SmallGun\n|t:|1776593247\n|gametype|singles\n|player|p1|ADegel|benga|1234\n|player|p2|SmallGun|265|1264\n|gen|9\n|tier|[Gen 9 Champions] BSS Reg M-A\n|rated|\n|rule|Species Clause: Limit one of each Pok\u00e9mon\n|rule|Item Clause: Limit 1 of each item\n|clearpoke\n|poke|p1|Froslass, L50, F|\n|poke|p1|Kommo-o, L50, M|\n|poke|p1|Whimsicott, L50, F|\n|poke|p1|Charizard, L50, M|\n|poke|p1|Empoleon, L50, F|\n|poke|p1|Decidueye-Hisui, L50, M|\n|poke|p2|Charizard, L50, M, shiny|\n|poke|p2|Chimecho, L50, F|\n|poke|p2|Primarina, L50, F|\n|poke|p2|Kingambit, L50, M|\n|poke|p2|Garchomp, L50, F|\n|poke|p2|Basculegion, L50, M|\n|teampreview|3\n|inactive|Battle timer is ON: inactive players will automatically lose when time's up. (requested by ADegel)\n|\n|t:|1776593279\n|teamsize|p1|3\n|teamsize|p2|3\n|start\n|switch|p1a: Froslass|Froslass, L50, F|100/100\n|switch|p2a: Charizard|Charizard, L50, M, shiny|100/100\n|turn|1\n|\n|t:|1776593293\n|detailschange|p2a: Charizard|Charizard-Mega-X, L50, M, shiny\n|-mega|p2a: Charizard|Charizard|Charizardite X\n|move|p1a: Froslass|Icy Wind|p2a: Charizard\n|-damage|p2a: Charizard|76/100\n|-unboost|p2a: Charizard|spe|1\n|move|p2a: Charizard|Flame Charge|p1a: Froslass\n|-supereffective|p1a: Froslass|1\n|-damage|p1a: Froslass|2/100\n|-boost|p2a: Charizard|spe|1\n|\n|upkeep\n|turn|2\n|\n|t:|1776593301\n|move|p1a: Froslass|Destiny Bond|p1a: Froslass\n|-singlemove|p1a: Froslass|Destiny Bond\n|move|p2a: Charizard|Flame Charge|p1a: Froslass\n|-supereffective|p1a: Froslass|1\n|-damage|p1a: Froslass|0 fnt\n|-boost|p2a: Charizard|spe|1\n|-start|p2a: Charizard|Disable|Flame Charge|[from] ability: Cursed Body|[of] p1a: Froslass\n|faint|p1a: Froslass\n|-activate|p1a: Froslass|move: Destiny Bond\n|faint|p2a: Charizard\n|\n|upkeep\n|\n|t:|1776593307\n|switch|p1a: Decidueye|Decidueye-Hisui, L50, M|100/100\n|switch|p2a: Primarina|Primarina, L50, F|100/100\n|turn|3\n|\n|t:|1776593309\n|move|p1a: Decidueye|Leaf Blade|p2a: Primarina\n|-supereffective|p2a: Primarina|1\n|-damage|p2a: Primarina|6/100\n|-enditem|p2a: Primarina|Sitrus Berry|[eat]\n|-heal|p2a: Primarina|31/100|[from] item: Sitrus Berry\n|move|p2a: Primarina|Moonblast|p1a: Decidueye\n|-supereffective|p1a: Decidueye|1\n|-crit|p1a: Decidueye\n|-damage|p1a: Decidueye|0 fnt\n|faint|p1a: Decidueye\n|\n|upkeep\n|\n|t:|1776593312\n|switch|p1a: Charizard|Charizard, L50, M|100/100\n|turn|4\n|\n|t:|1776593316\n|detailschange|p1a: Charizard|Charizard-Mega-X, L50, M\n|-mega|p1a: Charizard|Charizard|Charizardite X\n|move|p1a: Charizard|Thunder Punch|p2a: Primarina\n|-supereffective|p2a: Primarina|1\n|-crit|p2a: Primarina\n|-damage|p2a: Primarina|0 fnt\n|faint|p2a: Primarina\n|\n|upkeep\n|\n|t:|1776593319\n|switch|p2a: Basculegion|Basculegion, L50, M|100/100\n|turn|5\n|\n|t:|1776593326\n|move|p2a: Basculegion|Last Respects|p1a: Charizard\n|-damage|p1a: Charizard|12/100\n|move|p1a: Charizard|Thunder Punch|p2a: Basculegion\n|-supereffective|p2a: Basculegion|1\n|-damage|p2a: Basculegion|25/100\n|\n|upkeep\n|turn|6\n|\n|t:|1776593330\n|move|p2a: Basculegion|Last Respects|p1a: Charizard\n|-damage|p1a: Charizard|0 fnt\n|faint|p1a: Charizard\n|\n|win|SmallGun\n|raw|ADegel's rating: 1234 &rarr; <strong>1211</strong><br />(-23 for losing)\n|raw|SmallGun's rating: 1264 &rarr; <strong>1287</strong><br />(+23 for winning)\n|j| p74\n|l|\u2606SmallGun\n|player|p2|\n|l|\u2606ADegel\n|player|p1|\n",
  "uploadtime": 1776593466,
  "views": 5,
  "formatid": "gen9championsbssregma",
  "rating": 1211,
  "private": 0,
  "password": null
}