{
  "id": "gen9championsbssregma-2580591611",
  "format": "[Gen 9 Champions] BSS Reg M-A",
  "players": [
    "JoelMasterX",
    "manan999"
  ],
  "log": "|badge|p1|bronze|gen9ru|100-9\n|uhtml|medal-msg|<div class=\"broadcast-blue\">Curious what those medals under the avatar are? PS now has Ladder Seasons! For more information, check out the <a href=\"https://www.smogon.com/forums/threads/3740067/\">thread on Smogon.</a></div>\n|j|\u2606JoelMasterX\n|j|\u2606manan999\n|inactive|Battle timer is ON: inactive players will automatically lose when time's up.\n|t:|1775916087\n|gametype|singles\n|player|p1|JoelMasterX|taunie|\n|player|p2|manan999|alec-anime|\n|gen|9\n|tier|[Gen 9 Champions] BSS Reg M-A\n|rated|Tournament battle\n|rule|Species Clause: Limit one of each Pok\u00e9mon\n|rule|Item Clause: Limit 1 of each item\n|clearpoke\n|poke|p1|Lucario, L50, M|\n|poke|p1|Hatterene, L50, F|\n|poke|p1|Camerupt, L50, M|\n|poke|p1|Trevenant, L50, M|\n|poke|p1|Ceruledge, L50, F|\n|poke|p1|Meowscarada, L50, F|\n|poke|p2|Froslass, L50, F|\n|poke|p2|Orthworm, L50, M|\n|poke|p2|Gyarados, L50, F|\n|poke|p2|Dragapult, L50, F|\n|poke|p2|Volcarona, L50, F|\n|poke|p2|Weavile, L50, F|\n|teampreview|3\n|j| BB-8-NU\n|j|*Lady Monita \n|inactive|manan999 also wants the timer to be on.\n|\n|t:|1775916098\n|teamsize|p1|3\n|teamsize|p2|3\n|start\n|switch|p1a: Hatterene|Hatterene, L50, F|100/100\n|switch|p2a: Orthworm|Orthworm, L50, M|100/100\n|turn|1\n|inactive|manan999 has 30 seconds left.\n|\n|t:|1775916128\n|move|p2a: Orthworm|Shed Tail|p2a: Orthworm\n|-start|p2a: Orthworm|Substitute|[from] move: Shed Tail\n|-damage|p2a: Orthworm|50/100\n|-enditem|p2a: Orthworm|Sitrus Berry|[eat]\n|-heal|p2a: Orthworm|75/100|[from] item: Sitrus Berry\n|\n|t:|1775916135\n|switch|p2a: Froslass|Froslass, L50, F|100/100|[from] Shed Tail\n|move|p1a: Hatterene|Trick Room|p1a: Hatterene\n|-fieldstart|move: Trick Room|[of] p1a: Hatterene\n|\n|upkeep\n|turn|2\n|\n|t:|1775916141\n|detailschange|p2a: Froslass|Froslass-Mega, L50, F\n|-mega|p2a: Froslass|Froslass|Froslassite\n|-weather|Snowscape|[from] ability: Snow Warning|[of] p2a: Froslass\n|move|p1a: Hatterene|Mystical Fire|p2a: Froslass\n|-supereffective|p2a: Froslass|1\n|-end|p2a: Froslass|Substitute\n|move|p2a: Froslass|Shadow Ball|p1a: Hatterene\n|-supereffective|p1a: Hatterene|1\n|-damage|p1a: Hatterene|2/100\n|\n|-weather|Snowscape|[upkeep]\n|upkeep\n|turn|3\n|\n|t:|1775916157\n|move|p1a: Hatterene|Mystical Fire|p2a: Froslass\n|-supereffective|p2a: Froslass|1\n|-damage|p2a: Froslass|26/100\n|-unboost|p2a: Froslass|spa|1\n|move|p2a: Froslass|Shadow Ball|p1a: Hatterene\n|-supereffective|p1a: Hatterene|1\n|-damage|p1a: Hatterene|0 fnt\n|faint|p1a: Hatterene\n|\n|-weather|Snowscape|[upkeep]\n|upkeep\n|\n|t:|1775916176\n|switch|p1a: Camerupt|Camerupt, L50, M|100/100\n|turn|4\n|j| KeepinDaHeadBZ\n|j| realooos\n|j| doremy\n|\n|t:|1775916199\n|switch|p2a: Orthworm|Orthworm, L50, M|75/100\n|detailschange|p1a: Camerupt|Camerupt-Mega, L50, M\n|-mega|p1a: Camerupt|Camerupt|Cameruptite\n|move|p1a: Camerupt|Eruption|p2a: Orthworm\n|-supereffective|p2a: Orthworm|1\n|-damage|p2a: Orthworm|0 fnt\n|faint|p2a: Orthworm\n|\n|-weather|Snowscape|[upkeep]\n|upkeep\n|\n|t:|1775916206\n|switch|p2a: Dragapult|Dragapult, L50, F|100/100\n|turn|5\n|l| doremy\n|\n|t:|1775916211\n|move|p1a: Camerupt|Eruption|p2a: Dragapult\n|-resisted|p2a: Dragapult|1\n|-damage|p2a: Dragapult|37/100\n|move|p2a: Dragapult|Dragon Dance|p2a: Dragapult\n|-boost|p2a: Dragapult|atk|1\n|-boost|p2a: Dragapult|spe|1\n|\n|-weather|Snowscape|[upkeep]\n|-fieldend|move: Trick Room\n|upkeep\n|turn|6\n|\n|t:|1775916219\n|move|p2a: Dragapult|Phantom Force||[still]\n|-prepare|p2a: Dragapult|Phantom Force\n|move|p1a: Camerupt|Earth Power|p2a: Dragapult|[miss]\n|-miss|p1a: Camerupt|p2a: Dragapult\n|\n|-weather|none\n|upkeep\n|turn|7\n|\n|t:|1775916223\n|move|p2a: Dragapult|Phantom Force|p1a: Camerupt|[from] lockedmove\n|-damage|p1a: Camerupt|11/100\n|move|p1a: Camerupt|Earth Power|p2a: Dragapult\n|-damage|p2a: Dragapult|0 fnt\n|faint|p2a: Dragapult\n|\n|upkeep\n|j| ScottOBrian\n|\n|t:|1775916227\n|switch|p2a: Froslass|Froslass-Mega, L50, F|26/100\n|-weather|Snowscape|[from] ability: Snow Warning|[of] p2a: Froslass\n|turn|8\n|j| cicepece\n|inactive|JoelMasterX has 30 seconds left.\n|\n|t:|1775916253\n|move|p2a: Froslass|Blizzard|p1a: Camerupt\n|-damage|p1a: Camerupt|0 fnt\n|faint|p1a: Camerupt\n|\n|-weather|Snowscape|[upkeep]\n|upkeep\n|\n|t:|1775916255\n|switch|p1a: Trevenant|Trevenant, L50, M|100/100\n|turn|9\n|\n|t:|1775916259\n|move|p2a: Froslass|Blizzard|p1a: Trevenant\n|-supereffective|p1a: Trevenant|1\n|-damage|p1a: Trevenant|0 fnt\n|faint|p1a: Trevenant\n|\n|win|manan999\n|n|\u2606JoelMasterX|joelmasterx\n|n|\u2606manan999|manan999\n|n| BB-8-NU|bb8nu\n|n|*Lady Monita |ladymonita\n|n| KeepinDaHeadBZ|keepindaheadbz\n|n| realooos|realooos\n|n| ScottOBrian|scottobrian\n|n| cicepece|cicepece\n|l|*Lady Monita \n|c|\u2606JoelMasterX|gg\n|l|\u2606JoelMasterX\n|player|p1|\n|l| ScottOBrian\n|l| KeepinDaHeadBZ\n|l| cicepece\n|c|\u2606manan999|gg\n",
  "uploadtime": 1775916259,
  "views": 32,
  "formatid": "gen9championsbssregma",
  "rating": null,
  "private": 0,
  "password": null
}