{
  "id": "gen9championsbssregma-2585160037",
  "format": "[Gen 9 Champions] BSS Reg M-A",
  "players": [
    "civdestroyer",
    "pgupp"
  ],
  "log": "|j|\u2606civdestroyer\n|j|\u2606pgupp\n|t:|1776319222\n|gametype|singles\n|player|p1|civdestroyer|102|1363\n|player|p2|pgupp|1|1347\n|gen|9\n|tier|[Gen 9 Champions] BSS Reg M-A\n|rated|\n|rule|Species Clause: Limit one of each Pok\u00e9mon\n|rule|Item Clause: Limit 1 of each item\n|clearpoke\n|poke|p1|Gyarados, L50, M|\n|poke|p1|Snorlax, L50, M|\n|poke|p1|Hippowdon, L50, F|\n|poke|p1|Lucario, L50, M|\n|poke|p1|Aegislash, L50, M|\n|poke|p1|Serperior, L50, F|\n|poke|p2|Hippowdon, L50, F|\n|poke|p2|Empoleon, L50, F|\n|poke|p2|Hydreigon, L50, F|\n|poke|p2|Delphox, L50, M|\n|poke|p2|Scizor, L50, F|\n|poke|p2|Garchomp, L50, M|\n|teampreview|3\n|inactive|Battle timer is ON: inactive players will automatically lose when time's up. (requested by civdestroyer)\n|inactive|civdestroyer has 60 seconds left.\n|\n|t:|1776319262\n|teamsize|p1|3\n|teamsize|p2|3\n|start\n|switch|p1a: Snorlax|Snorlax, L50, M|100/100\n|switch|p2a: Scizor|Scizor, L50, F|100/100\n|turn|1\n|\n|t:|1776319273\n|detailschange|p2a: Scizor|Scizor-Mega, L50, F\n|-mega|p2a: Scizor|Scizor|Scizorite\n|move|p2a: Scizor|Swords Dance|p2a: Scizor\n|-boost|p2a: Scizor|atk|2\n|move|p1a: Snorlax|Yawn|p2a: Scizor\n|-start|p2a: Scizor|move: Yawn|[of] p1a: Snorlax\n|\n|upkeep\n|turn|2\n|\n|t:|1776319287\n|move|p2a: Scizor|Knock Off|p1a: Snorlax\n|-damage|p1a: Snorlax|39/100\n|-enditem|p1a: Snorlax|Sitrus Berry|[from] move: Knock Off|[of] p2a: Scizor\n|move|p1a: Snorlax|Double-Edge|p2a: Scizor\n|-resisted|p2a: Scizor|1\n|-damage|p2a: Scizor|78/100\n|-damage|p1a: Snorlax|33/100|[from] Recoil\n|\n|-end|p2a: Scizor|move: Yawn|[silent]\n|-status|p2a: Scizor|slp\n|upkeep\n|turn|3\n|inactive|civdestroyer has 30 seconds left.\n|\n|t:|1776319322\n|switch|p1a: Hippowdon|Hippowdon, L50, F|100/100\n|-weather|Sandstorm|[from] ability: Sand Stream|[of] p1a: Hippowdon\n|cant|p2a: Scizor|slp\n|\n|-weather|Sandstorm|[upkeep]\n|upkeep\n|turn|4\n|\n|t:|1776319328\n|cant|p2a: Scizor|slp\n|move|p1a: Hippowdon|Whirlwind|p2a: Scizor\n|drag|p2a: Empoleon|Empoleon, L50, F|100/100\n|\n|-weather|Sandstorm|[upkeep]\n|upkeep\n|turn|5\n|\n|t:|1776319336\n|move|p2a: Empoleon|Surf|p1a: Hippowdon\n|-supereffective|p1a: Hippowdon|1\n|-damage|p1a: Hippowdon|47/100\n|move|p1a: Hippowdon|Yawn|p2a: Empoleon\n|-start|p2a: Empoleon|move: Yawn|[of] p1a: Hippowdon\n|\n|-weather|Sandstorm|[upkeep]\n|-heal|p1a: Hippowdon|53/100|[from] item: Leftovers\n|upkeep\n|turn|6\n|\n|t:|1776319344\n|switch|p2a: Garchomp|Garchomp, L50, M|100/100\n|move|p1a: Hippowdon|Stealth Rock|p2a: Garchomp\n|-sidestart|p2: pgupp|move: Stealth Rock\n|\n|-weather|Sandstorm|[upkeep]\n|-heal|p1a: Hippowdon|59/100|[from] item: Leftovers\n|upkeep\n|turn|7\n|\n|t:|1776319351\n|move|p2a: Garchomp|Outrage|p1a: Hippowdon\n|-damage|p1a: Hippowdon|15/100\n|move|p1a: Hippowdon|Yawn|p2a: Garchomp\n|-start|p2a: Garchomp|move: Yawn|[of] p1a: Hippowdon\n|\n|-weather|none\n|-heal|p1a: Hippowdon|21/100|[from] item: Leftovers\n|upkeep\n|turn|8\n|\n|t:|1776319366\n|move|p2a: Garchomp|Outrage|p1a: Hippowdon|[from] lockedmove\n|-damage|p1a: Hippowdon|0 fnt\n|faint|p1a: Hippowdon\n|-start|p2a: Garchomp|confusion|[fatigue]\n|\n|-end|p2a: Garchomp|move: Yawn|[silent]\n|-status|p2a: Garchomp|slp\n|upkeep\n|\n|t:|1776319374\n|switch|p1a: Gyarados|Gyarados, L50, M|100/100\n|-ability|p1a: Gyarados|Intimidate|boost\n|-unboost|p2a: Garchomp|atk|1\n|turn|9\n|\n|t:|1776319380\n|cant|p2a: Garchomp|slp\n|move|p1a: Gyarados|Dragon Dance|p1a: Gyarados\n|-boost|p1a: Gyarados|atk|1\n|-boost|p1a: Gyarados|spe|1\n|\n|upkeep\n|turn|10\n|\n|t:|1776319387\n|detailschange|p1a: Gyarados|Gyarados-Mega, L50, M\n|-mega|p1a: Gyarados|Gyarados|Gyaradosite\n|-ability|p1a: Gyarados|Mold Breaker\n|move|p1a: Gyarados|Dragon Dance|p1a: Gyarados\n|-boost|p1a: Gyarados|atk|1\n|-boost|p1a: Gyarados|spe|1\n|-curestatus|p2a: Garchomp|slp|[msg]\n|-activate|p2a: Garchomp|confusion\n|move|p2a: Garchomp|Rock Tomb|p1a: Gyarados\n|-damage|p1a: Gyarados|86/100\n|-unboost|p1a: Gyarados|spe|1\n|\n|upkeep\n|turn|11\n|\n|t:|1776319399\n|move|p1a: Gyarados|Waterfall|p2a: Garchomp\n|-damage|p2a: Garchomp|3/100\n|-damage|p1a: Gyarados|74/100|[from] ability: Rough Skin|[of] p2a: Garchomp\n|-end|p2a: Garchomp|confusion\n|move|p2a: Garchomp|Rock Tomb|p1a: Gyarados\n|-damage|p1a: Gyarados|60/100\n|-unboost|p1a: Gyarados|spe|1\n|\n|upkeep\n|turn|12\n|\n|t:|1776319410\n|move|p2a: Garchomp|Outrage|p1a: Gyarados\n|-damage|p1a: Gyarados|15/100\n|move|p1a: Gyarados|Waterfall|p2a: Garchomp\n|-damage|p2a: Garchomp|0 fnt\n|-damage|p1a: Gyarados|3/100|[from] ability: Rough Skin|[of] p2a: Garchomp\n|faint|p2a: Garchomp\n|\n|upkeep\n|\n|t:|1776319420\n|switch|p2a: Scizor|Scizor-Mega, L50, F|78/100 slp\n|-damage|p2a: Scizor|66/100 slp|[from] Stealth Rock\n|turn|13\n|\n|t:|1776319423\n|-curestatus|p2a: Scizor|slp|[msg]\n|move|p2a: Scizor|Bullet Punch|p1a: Gyarados\n|-resisted|p1a: Gyarados|1\n|-damage|p1a: Gyarados|0 fnt\n|faint|p1a: Gyarados\n|\n|upkeep\n|-message|civdestroyer forfeited.\n|\n|win|pgupp\n|raw|civdestroyer's rating: 1363 &rarr; <strong>1342</strong><br />(-21 for losing)\n|raw|pgupp's rating: 1347 &rarr; <strong>1368</strong><br />(+21 for winning)\n|l|\u2606civdestroyer\n|player|p1|\n",
  "uploadtime": 1776319433,
  "views": 9,
  "formatid": "gen9championsbssregma",
  "rating": 1342,
  "private": 0,
  "password": null
}