{
  "id": "gen9championsbssregma-2582145345",
  "format": "[Gen 9 Champions] BSS Reg M-A",
  "players": [
    "Pomme de mer",
    "carbonlifeformmeme"
  ],
  "log": "|j|\u2606Pomme de mer\n|j|\u2606carbonlifeformmeme\n|t:|1776063831\n|gametype|singles\n|player|p1|Pomme de mer|n|1220\n|player|p2|carbonlifeformmeme|170|1219\n|gen|9\n|tier|[Gen 9 Champions] BSS Reg M-A\n|rated|\n|rule|Species Clause: Limit one of each Pok\u00e9mon\n|rule|Item Clause: Limit 1 of each item\n|clearpoke\n|poke|p1|Meganium, L50, M|\n|poke|p1|Scizor, L50, F|\n|poke|p1|Basculegion, L50, M|\n|poke|p1|Tyranitar, L50, F|\n|poke|p1|Volcarona, L50, M|\n|poke|p1|Gardevoir, L50, F|\n|poke|p2|Meowscarada, L50, F|\n|poke|p2|Froslass, L50, F|\n|poke|p2|Sneasler, L50, M|\n|poke|p2|Orthworm, L50, F|\n|poke|p2|Rotom-Heat, L50|\n|poke|p2|Glimmora, L50, M|\n|teampreview|3\n|inactive|Battle timer is ON: inactive players will automatically lose when time's up. (requested by Pomme de mer)\n|j| BridalConsultant\n|\n|t:|1776063857\n|teamsize|p1|3\n|teamsize|p2|3\n|start\n|switch|p1a: Scizor|Scizor, L50, F|100/100\n|switch|p2a: Glimmora|Glimmora, L50, M|100/100\n|turn|1\n|\n|t:|1776063862\n|detailschange|p1a: Scizor|Scizor-Mega, L50, F\n|-mega|p1a: Scizor|Scizor|Scizorite\n|move|p1a: Scizor|Bullet Punch|p2a: Glimmora\n|-supereffective|p2a: Glimmora|1\n|-damage|p2a: Glimmora|5/100\n|-activate|p2a: Glimmora|ability: Toxic Debris\n|-sidestart|p1: Pomme de mer|move: Toxic Spikes\n|move|p2a: Glimmora|Power Gem|p1a: Scizor\n|-damage|p1a: Scizor|59/100\n|\n|upkeep\n|turn|2\n|\n|t:|1776063871\n|switch|p2a: Rotom|Rotom-Heat, L50|100/100\n|move|p1a: Scizor|Bullet Punch|p2a: Rotom\n|-resisted|p2a: Rotom|2\n|-damage|p2a: Rotom|90/100\n|\n|upkeep\n|turn|3\n|l| BridalConsultant\n|\n|t:|1776063879\n|switch|p1a: Volcarona|Volcarona, L50, M|100/100\n|-status|p1a: Volcarona|psn\n|move|p2a: Rotom|Will-O-Wisp||[still]\n|-fail|p2a: Rotom\n|\n|-damage|p1a: Volcarona|88/100 psn|[from] psn\n|upkeep\n|turn|4\n|\n|t:|1776063888\n|move|p1a: Volcarona|Bug Buzz|p2a: Rotom\n|-resisted|p2a: Rotom|1\n|-damage|p2a: Rotom|64/100\n|move|p2a: Rotom|Volt Switch|p1a: Volcarona\n|-damage|p1a: Volcarona|55/100 psn\n|\n|t:|1776063894\n|switch|p2a: Glimmora|Glimmora, L50, M|5/100|[from] Volt Switch\n|\n|-damage|p1a: Volcarona|42/100 psn|[from] psn\n|upkeep\n|turn|5\n|\n|t:|1776063899\n|move|p1a: Volcarona|Bug Buzz|p2a: Glimmora\n|-resisted|p2a: Glimmora|1\n|-damage|p2a: Glimmora|0 fnt\n|faint|p2a: Glimmora\n|\n|-damage|p1a: Volcarona|30/100 psn|[from] psn\n|upkeep\n|\n|t:|1776063911\n|switch|p2a: Rotom|Rotom-Heat, L50|64/100\n|turn|6\n|\n|t:|1776063919\n|move|p1a: Volcarona|Bug Buzz|p2a: Rotom\n|-resisted|p2a: Rotom|1\n|-damage|p2a: Rotom|38/100\n|move|p2a: Rotom|Overheat|p1a: Volcarona\n|-damage|p1a: Volcarona|0 fnt\n|-unboost|p2a: Rotom|spa|2\n|faint|p1a: Volcarona\n|\n|upkeep\n|\n|t:|1776063924\n|switch|p1a: Basculegion|Basculegion, L50, M|100/100\n|-status|p1a: Basculegion|psn\n|turn|7\n|\n|t:|1776063931\n|move|p1a: Basculegion|Last Respects|p2a: Rotom\n|-damage|p2a: Rotom|0 fnt\n|faint|p2a: Rotom\n|\n|-damage|p1a: Basculegion|88/100 psn|[from] psn\n|upkeep\n|\n|t:|1776063936\n|switch|p2a: Sneasler|Sneasler, L50, M|100/100\n|turn|8\n|j| p74\n|\n|t:|1776063945\n|move|p1a: Basculegion|Last Respects|p2a: Sneasler\n|-damage|p2a: Sneasler|0 fnt\n|faint|p2a: Sneasler\n|\n|win|Pomme de mer\n|raw|Pomme de mer's rating: 1220 &rarr; <strong>1245</strong><br />(+25 for winning)\n|raw|carbonlifeformmeme's rating: 1219 &rarr; <strong>1194</strong><br />(-25 for losing)\n|l|\u2606carbonlifeformmeme\n|player|p2|\n|l|\u2606Pomme de mer\n|player|p1|\n",
  "uploadtime": 1776064059,
  "views": 3,
  "formatid": "gen9championsbssregma",
  "rating": 1194,
  "private": 0,
  "password": null
}