{
  "id": "gen9championsbssregma-2582653326",
  "format": "[Gen 9 Champions] BSS Reg M-A",
  "players": [
    "merlin sword",
    "pirouo"
  ],
  "log": "|j|\u2606merlin sword\n|j|\u2606pirouo\n|t:|1776105148\n|gametype|singles\n|player|p1|merlin sword|hiker-gen4|1268\n|player|p2|pirouo|170|1397\n|gen|9\n|tier|[Gen 9 Champions] BSS Reg M-A\n|rated|\n|rule|Species Clause: Limit one of each Pok\u00e9mon\n|rule|Item Clause: Limit 1 of each item\n|clearpoke\n|poke|p1|Whimsicott, L50, M|\n|poke|p1|Greninja-*, L50, M|\n|poke|p1|Aegislash, L50, F|\n|poke|p1|Sneasler, L50, M|\n|poke|p1|Ditto, L50|\n|poke|p1|Glimmora, L50, M|\n|poke|p2|Clefable, L50, M|\n|poke|p2|Umbreon, L50, F|\n|poke|p2|Toxapex, L50, M|\n|poke|p2|Corviknight, L50, F|\n|poke|p2|Espathra, L50, F|\n|poke|p2|Vaporeon, L50, M|\n|teampreview|3\n|\n|t:|1776105174\n|teamsize|p1|3\n|teamsize|p2|3\n|start\n|switch|p1a: Glimmora|Glimmora, L50, M|100/100\n|switch|p2a: Espathra|Espathra, L50, F|100/100\n|turn|1\n|\n|t:|1776105183\n|move|p2a: Espathra|Protect|p2a: Espathra\n|-singleturn|p2a: Espathra|Protect\n|move|p1a: Glimmora|Sludge Wave|p2a: Espathra\n|-activate|p2a: Espathra|move: Protect\n|\n|-ability|p2a: Espathra|Speed Boost|boost\n|-boost|p2a: Espathra|spe|1\n|upkeep\n|turn|2\n|\n|t:|1776105191\n|move|p2a: Espathra|Calm Mind|p2a: Espathra\n|-boost|p2a: Espathra|spa|1\n|-boost|p2a: Espathra|spd|1\n|move|p1a: Glimmora|Sludge Wave|p2a: Espathra\n|-damage|p2a: Espathra|54/100\n|\n|-ability|p2a: Espathra|Speed Boost|boost\n|-boost|p2a: Espathra|spe|1\n|upkeep\n|turn|3\n|\n|t:|1776105199\n|move|p2a: Espathra|Calm Mind|p2a: Espathra\n|-boost|p2a: Espathra|spa|1\n|-boost|p2a: Espathra|spd|1\n|move|p1a: Glimmora|Spikes|p2a: Espathra\n|-sidestart|p2: pirouo|Spikes\n|\n|-ability|p2a: Espathra|Speed Boost|boost\n|-boost|p2a: Espathra|spe|1\n|upkeep\n|turn|4\n|\n|t:|1776105206\n|move|p2a: Espathra|Calm Mind|p2a: Espathra\n|-boost|p2a: Espathra|spa|1\n|-boost|p2a: Espathra|spd|1\n|move|p1a: Glimmora|Sludge Wave|p2a: Espathra\n|-damage|p2a: Espathra|28/100\n|\n|-ability|p2a: Espathra|Speed Boost|boost\n|-boost|p2a: Espathra|spe|1\n|upkeep\n|turn|5\n|\n|t:|1776105214\n|move|p2a: Espathra|Baton Pass|p2a: Espathra\n|\n|t:|1776105216\n|switch|p2a: Vaporeon|Vaporeon, L50, M|100/100|[from] Baton Pass\n|-damage|p2a: Vaporeon|88/100|[from] Spikes\n|move|p1a: Glimmora|Sludge Wave|p2a: Vaporeon\n|-damage|p2a: Vaporeon|71/100\n|\n|-heal|p2a: Vaporeon|77/100|[from] item: Leftovers\n|upkeep\n|turn|6\n|\n|t:|1776105225\n|move|p2a: Vaporeon|Scald|p1a: Glimmora\n|-supereffective|p1a: Glimmora|1\n|-enditem|p1a: Glimmora|Focus Sash\n|-damage|p1a: Glimmora|1/100\n|move|p1a: Glimmora|Sludge Wave|p2a: Vaporeon\n|-damage|p2a: Vaporeon|61/100\n|\n|-heal|p2a: Vaporeon|67/100|[from] item: Leftovers\n|upkeep\n|turn|7\n|\n|t:|1776105244\n|move|p2a: Vaporeon|Scald|p1a: Glimmora\n|-supereffective|p1a: Glimmora|1\n|-damage|p1a: Glimmora|0 fnt\n|faint|p1a: Glimmora\n|\n|-heal|p2a: Vaporeon|73/100|[from] item: Leftovers\n|upkeep\n|\n|t:|1776105247\n|switch|p1a: Ditto|Ditto, L50|100/100\n|-transform|p1a: Ditto|p2a: Vaporeon|[from] ability: Imposter\n|turn|8\n|\n|t:|1776105259\n|move|p1a: Ditto|Baton Pass|p1a: Ditto\n|\n|t:|1776105261\n|switch|p1a: Greninja|Greninja, L50, M|100/100|[from] Baton Pass\n|move|p2a: Vaporeon|Baton Pass|p2a: Vaporeon\n|\n|t:|1776105271\n|switch|p2a: Clefable|Clefable, L50, M, shiny|100/100|[from] Baton Pass\n|-damage|p2a: Clefable|88/100|[from] Spikes\n|\n|upkeep\n|turn|9\n|\n|t:|1776105289\n|detailschange|p1a: Greninja|Greninja-Mega, L50, M\n|-mega|p1a: Greninja|Greninja|Greninjite\n|move|p1a: Greninja|Ice Beam|p2a: Clefable\n|-start|p1a: Greninja|typechange|Ice|[from] ability: Protean\n|-damage|p2a: Clefable|68/100\n|move|p2a: Clefable|Stored Power|p1a: Greninja\n|-damage|p1a: Greninja|0 fnt\n|faint|p1a: Greninja\n|\n|upkeep\n|\n|t:|1776105297\n|switch|p1a: Ditto|Ditto, L50|100/100\n|-transform|p1a: Ditto|p2a: Clefable|[from] ability: Imposter\n|turn|10\n|\n|t:|1776105324\n|move|p1a: Ditto|Stored Power|p2a: Clefable\n|-damage|p2a: Clefable|18/100\n|move|p2a: Clefable|Stored Power|p1a: Ditto\n|-damage|p1a: Ditto|34/100\n|\n|upkeep\n|turn|11\n|\n|t:|1776105350\n|detailschange|p2a: Clefable|Clefable-Mega, L50, M, shiny\n|-mega|p2a: Clefable|Clefable|Clefablite\n|move|p1a: Ditto|Stored Power|p2a: Clefable\n|-damage|p2a: Clefable|0 fnt\n|faint|p2a: Clefable\n|\n|upkeep\n|inactive|Battle timer is ON: inactive players will automatically lose when time's up. (requested by merlin sword)\n|\n|t:|1776105357\n|switch|p2a: Espathra|Espathra, L50, F|28/100\n|-damage|p2a: Espathra|16/100|[from] Spikes\n|turn|12\n|\n|t:|1776105367\n|move|p2a: Espathra|Protect|p2a: Espathra\n|-singleturn|p2a: Espathra|Protect\n|move|p1a: Ditto|Stored Power|p2a: Espathra\n|-activate|p2a: Espathra|move: Protect\n|\n|-ability|p2a: Espathra|Speed Boost|boost\n|-boost|p2a: Espathra|spe|1\n|upkeep\n|turn|13\n|\n|t:|1776105378\n|switch|p2a: Vaporeon|Vaporeon, L50, M|73/100\n|-damage|p2a: Vaporeon|60/100|[from] Spikes\n|move|p1a: Ditto|Stored Power|p2a: Vaporeon\n|-damage|p2a: Vaporeon|0 fnt\n|faint|p2a: Vaporeon\n|\n|upkeep\n|\n|t:|1776105385\n|switch|p2a: Espathra|Espathra, L50, F|16/100\n|-damage|p2a: Espathra|3/100|[from] Spikes\n|turn|14\n|\n|t:|1776105390\n|move|p2a: Espathra|Protect|p2a: Espathra\n|-singleturn|p2a: Espathra|Protect\n|move|p1a: Ditto|Stored Power|p2a: Espathra\n|-activate|p2a: Espathra|move: Protect\n|\n|-ability|p2a: Espathra|Speed Boost|boost\n|-boost|p2a: Espathra|spe|1\n|upkeep\n|turn|15\n|\n|t:|1776105400\n|-activate|p1a: Ditto|move: Struggle\n|move|p1a: Ditto|Struggle|p2a: Espathra\n|-damage|p2a: Espathra|0 fnt\n|faint|p2a: Espathra\n|-damage|p1a: Ditto|9/100|[from] recoil\n|\n|win|merlin sword\n|raw|merlin sword's rating: 1268 &rarr; <strong>1302</strong><br />(+34 for winning)\n|raw|pirouo's rating: 1397 &rarr; <strong>1370</strong><br />(-27 for losing)\n",
  "uploadtime": 1776105416,
  "views": 3,
  "formatid": "gen9championsbssregma",
  "rating": 1302,
  "private": 0,
  "password": null
}