{
  "id": "gen9championsbssregma-2584153566",
  "format": "[Gen 9 Champions] BSS Reg M-A",
  "players": [
    "weakertt",
    "Godspeed06"
  ],
  "log": "|j|\u2606weakertt\n|j|\u2606Godspeed06\n|t:|1776231513\n|gametype|singles\n|player|p1|weakertt|1|1212\n|player|p2|Godspeed06|rocketgruntf|1193\n|gen|9\n|tier|[Gen 9 Champions] BSS Reg M-A\n|rated|\n|rule|Species Clause: Limit one of each Pok\u00e9mon\n|rule|Item Clause: Limit 1 of each item\n|clearpoke\n|poke|p1|Garchomp, L50, F|\n|poke|p1|Azumarill, L50, M|\n|poke|p1|Venusaur, L50, F|\n|poke|p1|Skeledirge, L50, F|\n|poke|p1|Kingambit, L50, M|\n|poke|p1|Rotom-Wash, L50|\n|poke|p2|Dragapult, L50, M|\n|poke|p2|Garchomp, L50, M|\n|poke|p2|Azumarill, L50, F|\n|poke|p2|Meowscarada, L50, M|\n|poke|p2|Corviknight, L50, F|\n|poke|p2|Glimmora, L50, F|\n|teampreview|3\n|inactive|Battle timer is ON: inactive players will automatically lose when time's up. (requested by Godspeed06)\n|j| p74\n|inactive|weakertt has 60 seconds left.\n|inactive|weakertt has 30 seconds left.\n|\n|t:|1776231580\n|teamsize|p1|3\n|teamsize|p2|3\n|start\n|switch|p1a: Garchomp|Garchomp, L50, F|100/100\n|switch|p2a: Meowscarada|Meowscarada, L50, M|100/100\n|turn|1\n|\n|t:|1776231586\n|switch|p1a: Skeledirge|Skeledirge, L50, F|100/100\n|move|p2a: Meowscarada|Triple Axel|p1a: Skeledirge\n|-start|p2a: Meowscarada|typechange|Ice|[from] ability: Protean\n|-resisted|p1a: Skeledirge|1\n|-damage|p1a: Skeledirge|98/100\n|-resisted|p1a: Skeledirge|1\n|-damage|p1a: Skeledirge|91/100\n|-resisted|p1a: Skeledirge|1\n|-damage|p1a: Skeledirge|83/100\n|-hitcount|p1a: Skeledirge|3\n|\n|-heal|p1a: Skeledirge|90/100|[from] item: Leftovers\n|upkeep\n|turn|2\n|\n|t:|1776231597\n|move|p2a: Meowscarada|U-turn|p1a: Skeledirge\n|-resisted|p1a: Skeledirge|2\n|-damage|p1a: Skeledirge|86/100\n|\n|t:|1776231601\n|switch|p2a: Glimmora|Glimmora, L50, F|100/100|[from] U-turn\n|move|p1a: Skeledirge|Will-O-Wisp|p2a: Glimmora|[miss]\n|-miss|p1a: Skeledirge|p2a: Glimmora\n|\n|-heal|p1a: Skeledirge|92/100|[from] item: Leftovers\n|upkeep\n|turn|3\n|inactive|weakertt has 30 seconds left.\n|inactive|weakertt has 20 seconds left.\n|\n|t:|1776231639\n|detailschange|p2a: Glimmora|Glimmora-Mega, L50, F\n|-mega|p2a: Glimmora|Glimmora|Glimmoranite\n|move|p2a: Glimmora|Mortal Spin|p1a: Skeledirge\n|-resisted|p1a: Skeledirge|1\n|-damage|p1a: Skeledirge|88/100\n|-status|p1a: Skeledirge|psn\n|move|p1a: Skeledirge|Will-O-Wisp|p2a: Glimmora\n|-status|p2a: Glimmora|brn\n|\n|-heal|p1a: Skeledirge|94/100 psn|[from] item: Leftovers\n|-damage|p1a: Skeledirge|82/100 psn|[from] psn\n|-damage|p2a: Glimmora|95/100 brn|[from] brn\n|upkeep\n|turn|4\n|\n|t:|1776231652\n|switch|p2a: Meowscarada|Meowscarada, L50, M|100/100\n|move|p1a: Skeledirge|Shadow Ball|p2a: Meowscarada\n|-resisted|p2a: Meowscarada|1\n|-damage|p2a: Meowscarada|79/100\n|\n|-heal|p1a: Skeledirge|88/100 psn|[from] item: Leftovers\n|-damage|p1a: Skeledirge|76/100 psn|[from] psn\n|upkeep\n|turn|5\n|\n|t:|1776231665\n|move|p2a: Meowscarada|Knock Off|p1a: Skeledirge\n|-start|p2a: Meowscarada|typechange|Dark|[from] ability: Protean\n|-supereffective|p1a: Skeledirge|1\n|-damage|p1a: Skeledirge|19/100 psn\n|-enditem|p1a: Skeledirge|Leftovers|[from] move: Knock Off|[of] p2a: Meowscarada\n|move|p1a: Skeledirge|Will-O-Wisp|p2a: Meowscarada|[miss]\n|-miss|p1a: Skeledirge|p2a: Meowscarada\n|\n|-damage|p1a: Skeledirge|7/100 psn|[from] psn\n|upkeep\n|turn|6\n|\n|t:|1776231674\n|move|p2a: Meowscarada|Knock Off|p1a: Skeledirge\n|-supereffective|p1a: Skeledirge|1\n|-damage|p1a: Skeledirge|0 fnt\n|faint|p1a: Skeledirge\n|\n|upkeep\n|\n|t:|1776231688\n|switch|p1a: Venusaur|Venusaur, L50, F|100/100\n|turn|7\n|\n|t:|1776231701\n|detailschange|p1a: Venusaur|Venusaur-Mega, L50, F\n|-mega|p1a: Venusaur|Venusaur|Venusaurite\n|move|p2a: Meowscarada|U-turn|p1a: Venusaur\n|-damage|p1a: Venusaur|88/100\n|\n|t:|1776231704\n|switch|p2a: Glimmora|Glimmora-Mega, L50, F|95/100 brn|[from] U-turn\n|move|p1a: Venusaur|Leech Seed|p2a: Glimmora\n|-start|p2a: Glimmora|move: Leech Seed\n|\n|-damage|p2a: Glimmora|82/100 brn|[from] Leech Seed|[of] p1a: Venusaur\n|-heal|p1a: Venusaur|100/100|[silent]\n|-damage|p2a: Glimmora|76/100 brn|[from] brn\n|upkeep\n|turn|8\n|\n|t:|1776231713\n|move|p2a: Glimmora|Earth Power|p1a: Venusaur\n|-damage|p1a: Venusaur|72/100\n|move|p1a: Venusaur|Giga Drain|p2a: Glimmora\n|-damage|p2a: Glimmora|43/100 brn\n|-heal|p1a: Venusaur|88/100|[from] drain|[of] p2a: Glimmora\n|\n|-damage|p2a: Glimmora|31/100 brn|[from] Leech Seed|[of] p1a: Venusaur\n|-heal|p1a: Venusaur|100/100|[silent]\n|-damage|p2a: Glimmora|25/100 brn|[from] brn\n|upkeep\n|turn|9\n|\n|t:|1776231726\n|switch|p2a: Meowscarada|Meowscarada, L50, M|79/100\n|move|p1a: Venusaur|Sludge Bomb|p2a: Meowscarada\n|-supereffective|p2a: Meowscarada|1\n|-damage|p2a: Meowscarada|0 fnt\n|faint|p2a: Meowscarada\n|\n|upkeep\n|\n|t:|1776231735\n|switch|p2a: Azumarill|Azumarill, L50, F|100/100\n|turn|10\n|\n|t:|1776231741\n|move|p2a: Azumarill|Belly Drum|p2a: Azumarill\n|-damage|p2a: Azumarill|51/100\n|-setboost|p2a: Azumarill|atk|6|[from] move: Belly Drum\n|move|p1a: Venusaur|Giga Drain|p2a: Azumarill\n|-supereffective|p2a: Azumarill|1\n|-damage|p2a: Azumarill|0 fnt\n|faint|p2a: Azumarill\n|\n|upkeep\n|-message|Godspeed06 forfeited.\n|\n|win|weakertt\n|raw|weakertt's rating: 1212 &rarr; <strong>1236</strong><br />(+24 for winning)\n|raw|Godspeed06's rating: 1193 &rarr; <strong>1169</strong><br />(-24 for losing)\n|l|\u2606Godspeed06\n|player|p2|\n",
  "uploadtime": 1776231749,
  "views": 3,
  "formatid": "gen9championsbssregma",
  "rating": 1169,
  "private": 0,
  "password": null
}