{
  "id": "gen9championsbssregma-2585989585",
  "format": "[Gen 9 Champions] BSS Reg M-A",
  "players": [
    "Bbbkty",
    "SXC3665656"
  ],
  "log": "|j|\u2606Bbbkty\n|j|\u2606SXC3665656\n|t:|1776388036\n|gametype|singles\n|player|p1|Bbbkty|169|1101\n|player|p2|SXC3665656|102|1090\n|gen|9\n|tier|[Gen 9 Champions] BSS Reg M-A\n|rated|\n|rule|Species Clause: Limit one of each Pok\u00e9mon\n|rule|Item Clause: Limit 1 of each item\n|clearpoke\n|poke|p1|Clefable, L50, M|\n|poke|p1|Charizard, L50, M|\n|poke|p1|Mimikyu, L50, F|\n|poke|p1|Kingambit, L50, M|\n|poke|p1|Espathra, L50, M|\n|poke|p1|Glimmora, L50, M|\n|poke|p2|Garchomp, L50, F|\n|poke|p2|Scizor, L50, F|\n|poke|p2|Mimikyu, L50, F|\n|poke|p2|Dragapult, L50, F|\n|poke|p2|Sneasler, L50, M|\n|poke|p2|Hydreigon, L50, M|\n|teampreview|3\n|inactive|Battle timer is ON: inactive players will automatically lose when time's up. (requested by Bbbkty)\n|\n|t:|1776388056\n|teamsize|p1|3\n|teamsize|p2|3\n|start\n|switch|p1a: Glimmora|Glimmora, L50, M, shiny|100/100\n|switch|p2a: Scizor|Scizor, L50, F|100/100\n|turn|1\n|\n|t:|1776388061\n|move|p1a: Glimmora|Stealth Rock|p2a: Scizor\n|-sidestart|p2: SXC3665656|move: Stealth Rock\n|move|p2a: Scizor|Swords Dance|p2a: Scizor\n|-boost|p2a: Scizor|atk|2\n|\n|upkeep\n|turn|2\n|\n|t:|1776388067\n|move|p1a: Glimmora|Power Gem|p2a: Scizor\n|-damage|p2a: Scizor|60/100\n|move|p2a: Scizor|Knock Off|p1a: Glimmora\n|-damage|p1a: Glimmora|37/100\n|-activate|p1a: Glimmora|ability: Toxic Debris\n|-sidestart|p2: SXC3665656|move: Toxic Spikes\n|-enditem|p1a: Glimmora|Focus Sash|[from] move: Knock Off|[of] p2a: Scizor\n|\n|upkeep\n|turn|3\n|\n|t:|1776388072\n|move|p2a: Scizor|Bullet Punch|p1a: Glimmora\n|-supereffective|p1a: Glimmora|1\n|-crit|p1a: Glimmora\n|-damage|p1a: Glimmora|0 fnt\n|-activate|p1a: Glimmora|ability: Toxic Debris\n|-sidestart|p2: SXC3665656|move: Toxic Spikes\n|faint|p1a: Glimmora\n|\n|upkeep\n|\n|t:|1776388079\n|switch|p1a: Espathra|Espathra, L50, M, shiny|100/100\n|turn|4\n|\n|t:|1776388083\n|detailschange|p2a: Scizor|Scizor-Mega, L50, F\n|-mega|p2a: Scizor|Scizor|Scizorite\n|move|p1a: Espathra|Protect|p1a: Espathra\n|-singleturn|p1a: Espathra|Protect\n|move|p2a: Scizor|Knock Off|p1a: Espathra\n|-activate|p1a: Espathra|move: Protect\n|\n|-ability|p1a: Espathra|Speed Boost|boost\n|-boost|p1a: Espathra|spe|1\n|upkeep\n|turn|5\n|\n|t:|1776388092\n|move|p1a: Espathra|Baton Pass|p1a: Espathra\n|\n|t:|1776388093\n|switch|p1a: Clefable|Clefable, L50, M, shiny|100/100|[from] Baton Pass\n|move|p2a: Scizor|Knock Off|p1a: Clefable\n|-resisted|p1a: Clefable|1\n|-damage|p1a: Clefable|79/100\n|\n|upkeep\n|turn|6\n|\n|t:|1776388099\n|detailschange|p1a: Clefable|Clefable-Mega, L50, M, shiny\n|-mega|p1a: Clefable|Clefable|Clefablite\n|move|p2a: Scizor|Bullet Punch|p1a: Clefable\n|-supereffective|p1a: Clefable|1\n|-damage|p1a: Clefable|0 fnt\n|faint|p1a: Clefable\n|\n|upkeep\n|\n|t:|1776388102\n|switch|p1a: Espathra|Espathra, L50, M, shiny|100/100\n|turn|7\n|\n|t:|1776388105\n|move|p1a: Espathra|Protect|p1a: Espathra\n|-singleturn|p1a: Espathra|Protect\n|move|p2a: Scizor|Bullet Punch|p1a: Espathra\n|-activate|p1a: Espathra|move: Protect\n|\n|-ability|p1a: Espathra|Speed Boost|boost\n|-boost|p1a: Espathra|spe|1\n|upkeep\n|turn|8\n|\n|t:|1776388113\n|move|p1a: Espathra|Lumina Crash|p2a: Scizor\n|-resisted|p2a: Scizor|1\n|-damage|p2a: Scizor|46/100\n|-unboost|p2a: Scizor|spd|2\n|move|p2a: Scizor|Knock Off|p1a: Espathra\n|-supereffective|p1a: Espathra|1\n|-damage|p1a: Espathra|0 fnt\n|-enditem|p1a: Espathra|Sitrus Berry|[from] move: Knock Off|[of] p2a: Scizor\n|faint|p1a: Espathra\n|\n|win|SXC3665656\n|raw|Bbbkty's rating: 1101 &rarr; <strong>1075</strong><br />(-26 for losing)\n|raw|SXC3665656's rating: 1090 &rarr; <strong>1117</strong><br />(+27 for winning)\n|l|\u2606SXC3665656\n|player|p2|\n",
  "uploadtime": 1776388118,
  "views": 3,
  "formatid": "gen9championsbssregma",
  "rating": 1075,
  "private": 0,
  "password": null
}