{
  "id": "gen9championsbssregma-2587075586",
  "format": "[Gen 9 Champions] BSS Reg M-A",
  "players": [
    "kyotoyoko",
    "hoshigumo1101"
  ],
  "log": "|j|\u2606kyotoyoko\n|j|\u2606hoshigumo1101\n|t:|1776490052\n|gametype|singles\n|player|p1|kyotoyoko|caitlin|1326\n|player|p2|hoshigumo1101|acetrainerf|1310\n|gen|9\n|tier|[Gen 9 Champions] BSS Reg M-A\n|rated|\n|rule|Species Clause: Limit one of each Pok\u00e9mon\n|rule|Item Clause: Limit 1 of each item\n|clearpoke\n|poke|p1|Hippowdon, L50, F|\n|poke|p1|Charizard, L50, F|\n|poke|p1|Lucario, L50, F|\n|poke|p1|Corviknight, L50, F|\n|poke|p1|Greninja, L50, F, shiny|\n|poke|p1|Mimikyu, L50, F, shiny|\n|poke|p2|Kingambit, L50, M|\n|poke|p2|Delphox, L50, F|\n|poke|p2|Hippowdon, L50, M|\n|poke|p2|Lucario, L50, F|\n|poke|p2|Basculegion, L50, M|\n|poke|p2|Mamoswine, L50, F|\n|teampreview|3\n|\n|t:|1776490097\n|teamsize|p1|3\n|teamsize|p2|3\n|start\n|switch|p1a: Hippowdon|Hippowdon, L50, F|100/100\n|switch|p2a: Hippowdon|Hippowdon, L50, M|100/100\n|-weather|Sandstorm|[from] ability: Sand Stream|[of] p1a: Hippowdon\n|turn|1\n|inactive|Battle timer is ON: inactive players will automatically lose when time's up. (requested by kyotoyoko)\n|\n|t:|1776490105\n|move|p1a: Hippowdon|Stealth Rock|p2a: Hippowdon\n|-sidestart|p2: hoshigumo1101|move: Stealth Rock\n|move|p2a: Hippowdon|Stealth Rock|p1a: Hippowdon\n|-sidestart|p1: kyotoyoko|move: Stealth Rock\n|\n|-weather|Sandstorm|[upkeep]\n|upkeep\n|turn|2\n|\n|t:|1776490110\n|move|p1a: Hippowdon|Yawn|p2a: Hippowdon\n|-start|p2a: Hippowdon|move: Yawn|[of] p1a: Hippowdon\n|move|p2a: Hippowdon|Yawn|p1a: Hippowdon\n|-start|p1a: Hippowdon|move: Yawn|[of] p2a: Hippowdon\n|\n|-weather|Sandstorm|[upkeep]\n|upkeep\n|turn|3\n|\n|t:|1776490118\n|switch|p1a: Corviknight|Corviknight, L50, F|100/100\n|-damage|p1a: Corviknight|88/100|[from] Stealth Rock\n|-ability|p1a: Corviknight|Pressure\n|move|p2a: Hippowdon|Yawn|p1a: Corviknight\n|-start|p1a: Corviknight|move: Yawn|[of] p2a: Hippowdon\n|\n|-weather|Sandstorm|[upkeep]\n|-heal|p1a: Corviknight|94/100|[from] item: Leftovers\n|-end|p2a: Hippowdon|move: Yawn|[silent]\n|-status|p2a: Hippowdon|slp\n|upkeep\n|turn|4\n|\n|t:|1776490130\n|move|p1a: Corviknight|U-turn|p2a: Hippowdon\n|-damage|p2a: Hippowdon|92/100 slp\n|\n|t:|1776490135\n|switch|p1a: Hippowdon|Hippowdon, L50, F|100/100|[from] U-turn\n|-damage|p1a: Hippowdon|94/100|[from] Stealth Rock\n|cant|p2a: Hippowdon|slp\n|\n|-weather|Sandstorm|[upkeep]\n|upkeep\n|turn|5\n|\n|t:|1776490142\n|switch|p1a: Corviknight|Corviknight, L50, F|94/100\n|-damage|p1a: Corviknight|82/100|[from] Stealth Rock\n|-ability|p1a: Corviknight|Pressure\n|cant|p2a: Hippowdon|slp\n|\n|-weather|none\n|-heal|p1a: Corviknight|88/100|[from] item: Leftovers\n|upkeep\n|turn|6\n|\n|t:|1776490149\n|move|p1a: Corviknight|Iron Defense|p1a: Corviknight\n|-boost|p1a: Corviknight|def|2\n|-curestatus|p2a: Hippowdon|slp|[msg]\n|move|p2a: Hippowdon|Yawn|p1a: Corviknight\n|-start|p1a: Corviknight|move: Yawn|[of] p2a: Hippowdon\n|\n|-heal|p1a: Corviknight|94/100|[from] item: Leftovers\n|upkeep\n|turn|7\n|\n|t:|1776490158\n|move|p1a: Corviknight|U-turn|p2a: Hippowdon\n|-damage|p2a: Hippowdon|81/100\n|\n|t:|1776490160\n|switch|p1a: Hippowdon|Hippowdon, L50, F|94/100|[from] U-turn\n|-damage|p1a: Hippowdon|88/100|[from] Stealth Rock\n|-weather|Sandstorm|[from] ability: Sand Stream|[of] p1a: Hippowdon\n|move|p2a: Hippowdon|Yawn|p1a: Hippowdon\n|-start|p1a: Hippowdon|move: Yawn|[of] p2a: Hippowdon\n|\n|-weather|Sandstorm|[upkeep]\n|upkeep\n|turn|8\n|\n|t:|1776490169\n|switch|p1a: Corviknight|Corviknight, L50, F|94/100\n|-damage|p1a: Corviknight|81/100|[from] Stealth Rock\n|-ability|p1a: Corviknight|Pressure\n|move|p2a: Hippowdon|Earthquake|p1a: Corviknight\n|-immune|p1a: Corviknight\n|\n|-weather|Sandstorm|[upkeep]\n|-heal|p1a: Corviknight|87/100|[from] item: Leftovers\n|upkeep\n|turn|9\n|\n|t:|1776490176\n|move|p1a: Corviknight|Iron Defense|p1a: Corviknight\n|-boost|p1a: Corviknight|def|2\n|move|p2a: Hippowdon|Yawn|p1a: Corviknight\n|-start|p1a: Corviknight|move: Yawn|[of] p2a: Hippowdon\n|\n|-weather|Sandstorm|[upkeep]\n|-heal|p1a: Corviknight|93/100|[from] item: Leftovers\n|upkeep\n|turn|10\n|\n|t:|1776490180\n|move|p1a: Corviknight|Iron Defense|p1a: Corviknight\n|-boost|p1a: Corviknight|def|2\n|move|p2a: Hippowdon|Yawn||[still]\n|-fail|p2a: Hippowdon\n|\n|-weather|Sandstorm|[upkeep]\n|-heal|p1a: Corviknight|99/100|[from] item: Leftovers\n|-end|p1a: Corviknight|move: Yawn|[silent]\n|-status|p1a: Corviknight|slp\n|upkeep\n|turn|11\n|\n|t:|1776490184\n|switch|p2a: Delphox|Delphox, L50, F|100/100\n|-damage|p2a: Delphox|76/100|[from] Stealth Rock\n|cant|p1a: Corviknight|slp\n|\n|-weather|none\n|-heal|p1a: Corviknight|100/100 slp|[from] item: Leftovers\n|upkeep\n|turn|12\n|\n|t:|1776490193\n|switch|p1a: Hippowdon|Hippowdon, L50, F|88/100\n|-damage|p1a: Hippowdon|82/100|[from] Stealth Rock\n|-weather|Sandstorm|[from] ability: Sand Stream|[of] p1a: Hippowdon\n|detailschange|p2a: Delphox|Delphox-Mega, L50, F\n|-mega|p2a: Delphox|Delphox|Delphoxite\n|move|p2a: Delphox|Flamethrower|p1a: Hippowdon\n|-damage|p1a: Hippowdon|41/100\n|-enditem|p1a: Hippowdon|Sitrus Berry|[eat]\n|-heal|p1a: Hippowdon|66/100|[from] item: Sitrus Berry\n|\n|-weather|Sandstorm|[upkeep]\n|-damage|p2a: Delphox|70/100|[from] Sandstorm\n|upkeep\n|turn|13\n|j| p74\n|\n|t:|1776490206\n|move|p2a: Delphox|Flamethrower|p1a: Hippowdon\n|-damage|p1a: Hippowdon|28/100\n|move|p1a: Hippowdon|Yawn|p2a: Delphox\n|-start|p2a: Delphox|move: Yawn|[of] p1a: Hippowdon\n|\n|-weather|Sandstorm|[upkeep]\n|-damage|p2a: Delphox|65/100|[from] Sandstorm\n|upkeep\n|turn|14\n|\n|t:|1776490210\n|switch|p2a: Hippowdon|Hippowdon, L50, M|81/100\n|-damage|p2a: Hippowdon|75/100|[from] Stealth Rock\n|move|p1a: Hippowdon|Yawn|p2a: Hippowdon\n|-start|p2a: Hippowdon|move: Yawn|[of] p1a: Hippowdon\n|\n|-weather|Sandstorm|[upkeep]\n|upkeep\n|turn|15\n|\n|t:|1776490219\n|switch|p1a: Corviknight|Corviknight, L50, F|100/100 slp\n|-damage|p1a: Corviknight|88/100 slp|[from] Stealth Rock\n|-ability|p1a: Corviknight|Pressure\n|move|p2a: Hippowdon|Yawn||[still]\n|-fail|p2a: Hippowdon\n|\n|-weather|Sandstorm|[upkeep]\n|-heal|p1a: Corviknight|94/100 slp|[from] item: Leftovers\n|-end|p2a: Hippowdon|move: Yawn|[silent]\n|-status|p2a: Hippowdon|slp\n|upkeep\n|turn|16\n|\n|t:|1776490231\n|switch|p2a: Delphox|Delphox-Mega, L50, F|65/100\n|-damage|p2a: Delphox|40/100|[from] Stealth Rock\n|-curestatus|p1a: Corviknight|slp|[msg]\n|move|p1a: Corviknight|U-turn|p2a: Delphox\n|-damage|p2a: Delphox|19/100\n|\n|t:|1776490238\n|switch|p1a: Hippowdon|Hippowdon, L50, F|28/100|[from] U-turn\n|-damage|p1a: Hippowdon|22/100|[from] Stealth Rock\n|\n|-weather|none\n|upkeep\n|turn|17\n|\n|t:|1776490245\n|move|p2a: Delphox|Flamethrower|p1a: Hippowdon\n|-damage|p1a: Hippowdon|0 fnt\n|faint|p1a: Hippowdon\n|\n|upkeep\n|\n|t:|1776490248\n|switch|p1a: Corviknight|Corviknight, L50, F|94/100\n|-damage|p1a: Corviknight|82/100|[from] Stealth Rock\n|-ability|p1a: Corviknight|Pressure\n|turn|18\n|\n|t:|1776490251\n|move|p2a: Delphox|Flamethrower|p1a: Corviknight\n|-supereffective|p1a: Corviknight|1\n|-damage|p1a: Corviknight|0 fnt\n|faint|p1a: Corviknight\n|\n|upkeep\n|\n|t:|1776490254\n|switch|p1a: Charizard|Charizard, L50, F|100/100\n|-damage|p1a: Charizard|51/100|[from] Stealth Rock\n|turn|19\n|\n|t:|1776490259\n|detailschange|p1a: Charizard|Charizard-Mega-X, L50, F\n|-mega|p1a: Charizard|Charizard|Charizardite X\n|move|p2a: Delphox|Psyshock|p1a: Charizard\n|-damage|p1a: Charizard|9/100\n|move|p1a: Charizard|Dragon Dance|p1a: Charizard\n|-boost|p1a: Charizard|atk|1\n|-boost|p1a: Charizard|spe|1\n|\n|upkeep\n|turn|20\n|\n|t:|1776490267\n|move|p1a: Charizard|Dragon Claw|p2a: Delphox\n|-damage|p2a: Delphox|0 fnt\n|faint|p2a: Delphox\n|\n|upkeep\n|\n|t:|1776490272\n|switch|p2a: Kingambit|Kingambit, L50, M|100/100\n|-damage|p2a: Kingambit|94/100|[from] Stealth Rock\n|-activate|p2a: Kingambit|ability: Supreme Overlord\n|-start|p2a: Kingambit|fallen1|[silent]\n|turn|21\n|\n|t:|1776490275\n|move|p1a: Charizard|Dragon Dance|p1a: Charizard\n|-boost|p1a: Charizard|atk|1\n|-boost|p1a: Charizard|spe|1\n|move|p2a: Kingambit|Kowtow Cleave|p1a: Charizard\n|-damage|p1a: Charizard|0 fnt\n|faint|p1a: Charizard\n|\n|win|hoshigumo1101\n|raw|kyotoyoko's rating: 1326 &rarr; <strong>1305</strong><br />(-21 for losing)\n|raw|hoshigumo1101's rating: 1310 &rarr; <strong>1331</strong><br />(+21 for winning)\n|l|\u2606kyotoyoko\n|player|p1|\n|l|\u2606hoshigumo1101\n|player|p2|\n",
  "uploadtime": 1776490428,
  "views": 2,
  "formatid": "gen9championsbssregma",
  "rating": 1305,
  "private": 0,
  "password": null
}