{
  "id": "gen9championsbssregma-2585517541",
  "format": "[Gen 9 Champions] BSS Reg M-A",
  "players": [
    "or d tgw pixiv",
    "BBBKTY"
  ],
  "log": "|j|\u203dor d tgw pixiv\n|j|\u2606BBBKTY\n|t:|1776352844\n|gametype|singles\n|player|p1|or d tgw pixiv|101|1224\n|player|p2|BBBKTY|265|1104\n|gen|9\n|tier|[Gen 9 Champions] BSS Reg M-A\n|rated|\n|rule|Species Clause: Limit one of each Pok\u00e9mon\n|rule|Item Clause: Limit 1 of each item\n|clearpoke\n|poke|p1|Espathra, L50, M|\n|poke|p1|Clefable, L50, M|\n|poke|p1|Corviknight, L50, F|\n|poke|p1|Umbreon, L50, M|\n|poke|p1|Delphox, L50, M|\n|poke|p1|Dragapult, L50, F|\n|poke|p2|Dragapult, L50, F|\n|poke|p2|Alakazam, L50, M|\n|poke|p2|Azumarill, L50, F|\n|poke|p2|Clefable, L50, F|\n|poke|p2|Espathra, L50, F|\n|poke|p2|Glimmora, L50, M|\n|teampreview|3\n|\n|t:|1776352849\n|teamsize|p1|3\n|teamsize|p2|3\n|start\n|switch|p1a: Dragapult|Dragapult, L50, F, shiny|100/100\n|switch|p2a: Glimmora|Glimmora, L50, M|100/100\n|turn|1\n|\n|t:|1776352861\n|move|p1a: Dragapult|Light Screen|p1a: Dragapult\n|-sidestart|p1: or d tgw pixiv|move: Light Screen\n|move|p2a: Glimmora|Stealth Rock|p1a: Dragapult\n|-sidestart|p1: or d tgw pixiv|move: Stealth Rock\n|\n|upkeep\n|turn|2\n|\n|t:|1776352866\n|move|p1a: Dragapult|Reflect|p1a: Dragapult\n|-sidestart|p1: or d tgw pixiv|Reflect\n|move|p2a: Glimmora|Power Gem|p1a: Dragapult\n|-damage|p1a: Dragapult|82/100\n|\n|upkeep\n|turn|3\n|\n|t:|1776352870\n|move|p1a: Dragapult|Curse|p2a: Glimmora\n|-start|p2a: Glimmora|Curse|[of] p1a: Dragapult\n|-damage|p1a: Dragapult|32/100\n|move|p2a: Glimmora|Mortal Spin|p1a: Dragapult\n|-resisted|p1a: Dragapult|1\n|-damage|p1a: Dragapult|30/100\n|-status|p1a: Dragapult|psn\n|\n|-damage|p1a: Dragapult|18/100 psn|[from] psn\n|-damage|p2a: Glimmora|75/100|[from] Curse\n|upkeep\n|turn|4\n|inactive|Battle timer is ON: inactive players will automatically lose when time's up. (requested by BBBKTY)\n|\n|t:|1776352875\n|move|p1a: Dragapult|Curse||[still]\n|-fail|p1a: Dragapult\n|move|p2a: Glimmora|Power Gem|p1a: Dragapult\n|-damage|p1a: Dragapult|0 fnt\n|-start|p2a: Glimmora|Disable|Power Gem|[from] ability: Cursed Body|[of] p1a: Dragapult\n|faint|p1a: Dragapult\n|\n|-damage|p2a: Glimmora|50/100|[from] Curse\n|upkeep\n|\n|t:|1776352877\n|switch|p1a: Espathra|Espathra, L50, M, shiny|100/100\n|-damage|p1a: Espathra|88/100|[from] Stealth Rock\n|turn|5\n|\n|t:|1776352882\n|move|p1a: Espathra|Lumina Crash|p2a: Glimmora\n|-supereffective|p2a: Glimmora|1\n|-damage|p2a: Glimmora|0 fnt\n|faint|p2a: Glimmora\n|\n|-sideend|p1: or d tgw pixiv|move: Light Screen\n|-ability|p1a: Espathra|Speed Boost|boost\n|-boost|p1a: Espathra|spe|1\n|upkeep\n|\n|t:|1776352886\n|switch|p2a: Clefable|Clefable, L50, F, shiny|100/100\n|turn|6\n|\n|t:|1776352899\n|switch|p2a: Espathra|Espathra, L50, F, shiny|100/100\n|move|p1a: Espathra|Calm Mind|p1a: Espathra\n|-boost|p1a: Espathra|spa|1\n|-boost|p1a: Espathra|spd|1\n|\n|-sideend|p1: or d tgw pixiv|Reflect\n|-ability|p1a: Espathra|Speed Boost|boost\n|-boost|p1a: Espathra|spe|1\n|upkeep\n|turn|7\n|\n|t:|1776352909\n|move|p2a: Espathra|Protect|p2a: Espathra\n|-singleturn|p2a: Espathra|Protect\n|move|p1a: Espathra|Lumina Crash|p2a: Espathra\n|-activate|p2a: Espathra|move: Protect\n|\n|-ability|p1a: Espathra|Speed Boost|boost\n|-boost|p1a: Espathra|spe|1\n|-ability|p2a: Espathra|Speed Boost|boost\n|-boost|p2a: Espathra|spe|1\n|upkeep\n|turn|8\n|\n|t:|1776352915\n|move|p1a: Espathra|Lumina Crash|p2a: Espathra\n|-resisted|p2a: Espathra|1\n|-damage|p2a: Espathra|71/100\n|-unboost|p2a: Espathra|spd|2\n|move|p2a: Espathra|Calm Mind|p2a: Espathra\n|-boost|p2a: Espathra|spa|1\n|-boost|p2a: Espathra|spd|1\n|\n|-ability|p1a: Espathra|Speed Boost|boost\n|-boost|p1a: Espathra|spe|1\n|-ability|p2a: Espathra|Speed Boost|boost\n|-boost|p2a: Espathra|spe|1\n|upkeep\n|turn|9\n|\n|t:|1776352920\n|move|p1a: Espathra|Lumina Crash|p2a: Espathra\n|-resisted|p2a: Espathra|1\n|-damage|p2a: Espathra|27/100\n|-unboost|p2a: Espathra|spd|2\n|-enditem|p2a: Espathra|Sitrus Berry|[eat]\n|-heal|p2a: Espathra|52/100|[from] item: Sitrus Berry\n|move|p2a: Espathra|Lumina Crash|p1a: Espathra\n|-resisted|p1a: Espathra|1\n|-damage|p1a: Espathra|67/100\n|-unboost|p1a: Espathra|spd|2\n|\n|-ability|p1a: Espathra|Speed Boost|boost\n|-boost|p1a: Espathra|spe|1\n|-ability|p2a: Espathra|Speed Boost|boost\n|-boost|p2a: Espathra|spe|1\n|upkeep\n|turn|10\n|\n|t:|1776352927\n|move|p1a: Espathra|Lumina Crash|p2a: Espathra\n|-resisted|p2a: Espathra|1\n|-damage|p2a: Espathra|0 fnt\n|faint|p2a: Espathra\n|\n|-ability|p1a: Espathra|Speed Boost|boost\n|-boost|p1a: Espathra|spe|1\n|upkeep\n|\n|t:|1776352931\n|switch|p2a: Clefable|Clefable, L50, F, shiny|100/100\n|turn|11\n|\n|t:|1776352938\n|detailschange|p2a: Clefable|Clefable-Mega, L50, F, shiny\n|-mega|p2a: Clefable|Clefable|Clefablite\n|move|p1a: Espathra|Calm Mind|p1a: Espathra\n|-boost|p1a: Espathra|spa|1\n|-boost|p1a: Espathra|spd|1\n|move|p2a: Clefable|Moonblast|p1a: Espathra\n|-damage|p1a: Espathra|0 fnt\n|faint|p1a: Espathra\n|\n|upkeep\n|\n|t:|1776352946\n|switch|p1a: Clefable|Clefable, L50, M, shiny|100/100\n|-damage|p1a: Clefable|88/100|[from] Stealth Rock\n|turn|12\n|\n|t:|1776352950\n|move|p2a: Clefable|Cosmic Power|p2a: Clefable\n|-boost|p2a: Clefable|def|1\n|-boost|p2a: Clefable|spd|1\n|move|p1a: Clefable|Cosmic Power|p1a: Clefable\n|-boost|p1a: Clefable|def|1\n|-boost|p1a: Clefable|spd|1\n|\n|upkeep\n|turn|13\n|\n|t:|1776352954\n|move|p2a: Clefable|Cosmic Power|p2a: Clefable\n|-boost|p2a: Clefable|def|1\n|-boost|p2a: Clefable|spd|1\n|move|p1a: Clefable|Cosmic Power|p1a: Clefable\n|-boost|p1a: Clefable|def|1\n|-boost|p1a: Clefable|spd|1\n|\n|upkeep\n|turn|14\n|\n|t:|1776352958\n|move|p2a: Clefable|Cosmic Power|p2a: Clefable\n|-boost|p2a: Clefable|def|1\n|-boost|p2a: Clefable|spd|1\n|move|p1a: Clefable|Cosmic Power|p1a: Clefable\n|-boost|p1a: Clefable|def|1\n|-boost|p1a: Clefable|spd|1\n|\n|upkeep\n|turn|15\n|\n|t:|1776352968\n|move|p2a: Clefable|Cosmic Power|p2a: Clefable\n|-boost|p2a: Clefable|def|1\n|-boost|p2a: Clefable|spd|1\n|move|p1a: Clefable|Cosmic Power|p1a: Clefable\n|-boost|p1a: Clefable|def|1\n|-boost|p1a: Clefable|spd|1\n|\n|upkeep\n|turn|16\n|\n|t:|1776352972\n|move|p2a: Clefable|Cosmic Power|p2a: Clefable\n|-boost|p2a: Clefable|def|1\n|-boost|p2a: Clefable|spd|1\n|move|p1a: Clefable|Cosmic Power|p1a: Clefable\n|-boost|p1a: Clefable|def|1\n|-boost|p1a: Clefable|spd|1\n|\n|upkeep\n|turn|17\n|\n|t:|1776352976\n|move|p2a: Clefable|Cosmic Power|p2a: Clefable\n|-boost|p2a: Clefable|def|1\n|-boost|p2a: Clefable|spd|1\n|move|p1a: Clefable|Cosmic Power|p1a: Clefable\n|-boost|p1a: Clefable|def|1\n|-boost|p1a: Clefable|spd|1\n|\n|upkeep\n|turn|18\n|\n|t:|1776352980\n|move|p2a: Clefable|Stored Power|p1a: Clefable\n|-damage|p1a: Clefable|76/100\n|move|p1a: Clefable|Stored Power|p2a: Clefable\n|-damage|p2a: Clefable|58/100\n|\n|upkeep\n|turn|19\n|\n|t:|1776352997\n|move|p2a: Clefable|Moonblast|p1a: Clefable\n|-damage|p1a: Clefable|67/100\n|move|p1a: Clefable|Stored Power|p2a: Clefable\n|-damage|p2a: Clefable|13/100\n|\n|upkeep\n|turn|20\n|\n|t:|1776353003\n|move|p2a: Clefable|Moonlight|p2a: Clefable\n|-heal|p2a: Clefable|63/100\n|move|p1a: Clefable|Stored Power|p2a: Clefable\n|-damage|p2a: Clefable|18/100\n|\n|upkeep\n|turn|21\n|\n|t:|1776353011\n|move|p2a: Clefable|Moonlight|p2a: Clefable\n|-heal|p2a: Clefable|68/100\n|move|p1a: Clefable|Stored Power|p2a: Clefable\n|-damage|p2a: Clefable|23/100\n|\n|upkeep\n|turn|22\n|\n|t:|1776353015\n|move|p2a: Clefable|Moonlight|p2a: Clefable\n|-heal|p2a: Clefable|73/100\n|move|p1a: Clefable|Stored Power|p2a: Clefable\n|-damage|p2a: Clefable|30/100\n|\n|upkeep\n|turn|23\n|\n|t:|1776353018\n|move|p2a: Clefable|Moonlight|p2a: Clefable\n|-heal|p2a: Clefable|80/100\n|move|p1a: Clefable|Stored Power|p2a: Clefable\n|-damage|p2a: Clefable|38/100\n|\n|upkeep\n|turn|24\n|\n|t:|1776353025\n|move|p2a: Clefable|Moonlight|p2a: Clefable\n|-heal|p2a: Clefable|88/100\n|move|p1a: Clefable|Stored Power|p2a: Clefable\n|-damage|p2a: Clefable|43/100\n|\n|upkeep\n|turn|25\n|\n|t:|1776353029\n|move|p2a: Clefable|Moonlight|p2a: Clefable\n|-heal|p2a: Clefable|93/100\n|move|p1a: Clefable|Moonblast|p2a: Clefable\n|-damage|p2a: Clefable|70/100\n|\n|upkeep\n|turn|26\n|\n|t:|1776353039\n|move|p2a: Clefable|Stored Power|p1a: Clefable\n|-damage|p1a: Clefable|52/100\n|move|p1a: Clefable|Stored Power|p2a: Clefable\n|-damage|p2a: Clefable|23/100\n|\n|upkeep\n|turn|27\n|inactive|or d tgw pixiv has 30 seconds left.\n|\n|t:|1776353064\n|move|p2a: Clefable|Moonlight|p2a: Clefable\n|-heal|p2a: Clefable|73/100\n|move|p1a: Clefable|Stored Power|p2a: Clefable\n|-damage|p2a: Clefable|24/100\n|\n|upkeep\n|turn|28\n|\n|t:|1776353074\n|move|p2a: Clefable|Moonlight|p2a: Clefable\n|-heal|p2a: Clefable|74/100\n|move|p1a: Clefable|Stored Power|p2a: Clefable\n|-damage|p2a: Clefable|32/100\n|\n|upkeep\n|turn|29\n|\n|t:|1776353080\n|move|p2a: Clefable|Stored Power|p1a: Clefable\n|-damage|p1a: Clefable|38/100\n|move|p1a: Clefable|Stored Power|p2a: Clefable\n|-damage|p2a: Clefable|0 fnt\n|faint|p2a: Clefable\n|\n|win|or d tgw pixiv\n|raw|or d tgw pixiv's rating: 1246 &rarr; <strong>1261</strong><br />(+15 for winning)\n|raw|BBBKTY's rating: 1104 &rarr; <strong>1089</strong><br />(-15 for losing)\n",
  "uploadtime": 1776353083,
  "views": 11,
  "formatid": "gen9championsbssregma",
  "rating": 1089,
  "private": 0,
  "password": null
}