{
  "id": "gen9championsbssregma-2586131571",
  "format": "[Gen 9 Champions] BSS Reg M-A",
  "players": [
    "Sidou",
    "Mr. Bean Stan"
  ],
  "log": "|j|\u2606Sidou\n|j|\u2606Mr. Bean Stan\n|t:|1776402879\n|gametype|singles\n|player|p1|Sidou|cynthia-gen4|1284\n|player|p2|Mr. Bean Stan|gentleman-gen6|1163\n|gen|9\n|tier|[Gen 9 Champions] BSS Reg M-A\n|rated|\n|rule|Species Clause: Limit one of each Pok\u00e9mon\n|rule|Item Clause: Limit 1 of each item\n|clearpoke\n|poke|p1|Lopunny, L50, F|\n|poke|p1|Garchomp, L50, M|\n|poke|p1|Scizor, L50, M|\n|poke|p1|Milotic, L50, F|\n|poke|p1|Venusaur, L50, M|\n|poke|p1|Charizard, L50, M|\n|poke|p2|Meowscarada, L50, M|\n|poke|p2|Corviknight, L50, M|\n|poke|p2|Kingambit, L50, M|\n|poke|p2|Glimmora, L50, F|\n|poke|p2|Lycanroc-Dusk, L50, F|\n|poke|p2|Chandelure, L50, F|\n|teampreview|3\n|inactive|Battle timer is ON: inactive players will automatically lose when time's up. (requested by Mr. Bean Stan)\n|\n|t:|1776402923\n|teamsize|p1|3\n|teamsize|p2|3\n|start\n|switch|p1a: Garchomp|Garchomp, L50, M|100/100\n|switch|p2a: Chandelure|Chandelure, L50, F|100/100\n|turn|1\n|\n|t:|1776402930\n|detailschange|p2a: Chandelure|Chandelure-Mega, L50, F\n|-mega|p2a: Chandelure|Chandelure|Chandelurite\n|move|p1a: Garchomp|Earthquake|p2a: Chandelure\n|-supereffective|p2a: Chandelure|1\n|-damage|p2a: Chandelure|0 fnt\n|faint|p2a: Chandelure\n|\n|upkeep\n|\n|t:|1776402936\n|switch|p2a: Corviknight|Corviknight, L50, M|100/100\n|-ability|p2a: Corviknight|Pressure\n|turn|2\n|\n|t:|1776402944\n|switch|p1a: Milotic|Milotic, L50, F|100/100\n|move|p2a: Corviknight|Bulk Up|p2a: Corviknight\n|-boost|p2a: Corviknight|atk|1\n|-boost|p2a: Corviknight|def|1\n|\n|upkeep\n|turn|3\n|\n|t:|1776402950\n|move|p1a: Milotic|Scald|p2a: Corviknight\n|-damage|p2a: Corviknight|77/100\n|-status|p2a: Corviknight|brn\n|move|p2a: Corviknight|Bulk Up|p2a: Corviknight\n|-boost|p2a: Corviknight|atk|1\n|-boost|p2a: Corviknight|def|1\n|\n|-heal|p2a: Corviknight|82/100 brn|[from] item: Leftovers\n|-damage|p2a: Corviknight|77/100 brn|[from] brn\n|upkeep\n|turn|4\n|\n|t:|1776402958\n|move|p1a: Milotic|Haze|p1a: Milotic\n|-clearallboost\n|move|p2a: Corviknight|Bulk Up|p2a: Corviknight\n|-boost|p2a: Corviknight|atk|1\n|-boost|p2a: Corviknight|def|1\n|\n|-heal|p2a: Corviknight|82/100 brn|[from] item: Leftovers\n|-damage|p2a: Corviknight|77/100 brn|[from] brn\n|upkeep\n|turn|5\n|\n|t:|1776402966\n|move|p1a: Milotic|Haze|p1a: Milotic\n|-clearallboost\n|move|p2a: Corviknight|Bulk Up|p2a: Corviknight\n|-boost|p2a: Corviknight|atk|1\n|-boost|p2a: Corviknight|def|1\n|\n|-heal|p2a: Corviknight|82/100 brn|[from] item: Leftovers\n|-damage|p2a: Corviknight|77/100 brn|[from] brn\n|upkeep\n|turn|6\n|\n|t:|1776402971\n|move|p1a: Milotic|Haze|p1a: Milotic\n|-clearallboost\n|move|p2a: Corviknight|Bulk Up|p2a: Corviknight\n|-boost|p2a: Corviknight|atk|1\n|-boost|p2a: Corviknight|def|1\n|\n|-heal|p2a: Corviknight|82/100 brn|[from] item: Leftovers\n|-damage|p2a: Corviknight|77/100 brn|[from] brn\n|upkeep\n|turn|7\n|\n|t:|1776402975\n|move|p1a: Milotic|Scald|p2a: Corviknight\n|-damage|p2a: Corviknight|54/100 brn\n|move|p2a: Corviknight|Bulk Up|p2a: Corviknight\n|-boost|p2a: Corviknight|atk|1\n|-boost|p2a: Corviknight|def|1\n|\n|-heal|p2a: Corviknight|60/100 brn|[from] item: Leftovers\n|-damage|p2a: Corviknight|54/100 brn|[from] brn\n|upkeep\n|turn|8\n|\n|t:|1776402980\n|move|p1a: Milotic|Haze|p1a: Milotic\n|-clearallboost\n|move|p2a: Corviknight|Roost|p2a: Corviknight\n|-heal|p2a: Corviknight|100/100 brn\n|-singleturn|p2a: Corviknight|move: Roost\n|\n|-damage|p2a: Corviknight|95/100 brn|[from] brn\n|upkeep\n|turn|9\n|\n|t:|1776402986\n|move|p1a: Milotic|Scald|p2a: Corviknight\n|-damage|p2a: Corviknight|72/100 brn\n|move|p2a: Corviknight|Bulk Up|p2a: Corviknight\n|-boost|p2a: Corviknight|atk|1\n|-boost|p2a: Corviknight|def|1\n|\n|-heal|p2a: Corviknight|78/100 brn|[from] item: Leftovers\n|-damage|p2a: Corviknight|72/100 brn|[from] brn\n|upkeep\n|turn|10\n|\n|t:|1776402992\n|move|p1a: Milotic|Scald|p2a: Corviknight\n|-damage|p2a: Corviknight|49/100 brn\n|move|p2a: Corviknight|Body Press|p1a: Milotic\n|-damage|p1a: Milotic|89/100\n|\n|-heal|p1a: Milotic|95/100|[from] item: Leftovers\n|-heal|p2a: Corviknight|55/100 brn|[from] item: Leftovers\n|-damage|p2a: Corviknight|49/100 brn|[from] brn\n|upkeep\n|turn|11\n|\n|t:|1776402997\n|move|p1a: Milotic|Scald|p2a: Corviknight\n|-damage|p2a: Corviknight|26/100 brn\n|move|p2a: Corviknight|Roost|p2a: Corviknight\n|-heal|p2a: Corviknight|77/100 brn\n|-singleturn|p2a: Corviknight|move: Roost\n|\n|-heal|p1a: Milotic|100/100|[from] item: Leftovers\n|-heal|p2a: Corviknight|82/100 brn|[from] item: Leftovers\n|-damage|p2a: Corviknight|77/100 brn|[from] brn\n|upkeep\n|turn|12\n|\n|t:|1776403001\n|move|p1a: Milotic|Scald|p2a: Corviknight\n|-damage|p2a: Corviknight|56/100 brn\n|move|p2a: Corviknight|Body Press|p1a: Milotic\n|-damage|p1a: Milotic|89/100\n|\n|-heal|p1a: Milotic|95/100|[from] item: Leftovers\n|-heal|p2a: Corviknight|61/100 brn|[from] item: Leftovers\n|-damage|p2a: Corviknight|56/100 brn|[from] brn\n|upkeep\n|turn|13\n|\n|t:|1776403004\n|move|p1a: Milotic|Scald|p2a: Corviknight\n|-damage|p2a: Corviknight|33/100 brn\n|move|p2a: Corviknight|Bulk Up|p2a: Corviknight\n|-boost|p2a: Corviknight|atk|1\n|-boost|p2a: Corviknight|def|1\n|\n|-heal|p1a: Milotic|100/100|[from] item: Leftovers\n|-heal|p2a: Corviknight|39/100 brn|[from] item: Leftovers\n|-damage|p2a: Corviknight|33/100 brn|[from] brn\n|upkeep\n|turn|14\n|\n|t:|1776403007\n|move|p1a: Milotic|Scald|p2a: Corviknight\n|-damage|p2a: Corviknight|12/100 brn\n|move|p2a: Corviknight|Roost|p2a: Corviknight\n|-heal|p2a: Corviknight|62/100 brn\n|-singleturn|p2a: Corviknight|move: Roost\n|\n|-heal|p2a: Corviknight|68/100 brn|[from] item: Leftovers\n|-damage|p2a: Corviknight|62/100 brn|[from] brn\n|upkeep\n|turn|15\n|\n|t:|1776403016\n|move|p1a: Milotic|Haze|p1a: Milotic\n|-clearallboost\n|move|p2a: Corviknight|Body Press|p1a: Milotic\n|-damage|p1a: Milotic|93/100\n|\n|-heal|p1a: Milotic|99/100|[from] item: Leftovers\n|-heal|p2a: Corviknight|68/100 brn|[from] item: Leftovers\n|-damage|p2a: Corviknight|62/100 brn|[from] brn\n|upkeep\n|turn|16\n|\n|t:|1776403025\n|switch|p1a: Garchomp|Garchomp, L50, M|100/100\n|move|p2a: Corviknight|Iron Head|p1a: Garchomp\n|-damage|p1a: Garchomp|88/100\n|-damage|p2a: Corviknight|50/100 brn|[from] ability: Rough Skin|[of] p1a: Garchomp\n|\n|-heal|p2a: Corviknight|56/100 brn|[from] item: Leftovers\n|-damage|p2a: Corviknight|50/100 brn|[from] brn\n|upkeep\n|turn|17\n|\n|t:|1776403029\n|move|p1a: Garchomp|Stone Edge|p2a: Corviknight\n|-damage|p2a: Corviknight|24/100 brn\n|move|p2a: Corviknight|Roost|p2a: Corviknight\n|-heal|p2a: Corviknight|74/100 brn\n|-singleturn|p2a: Corviknight|move: Roost\n|\n|-heal|p2a: Corviknight|80/100 brn|[from] item: Leftovers\n|-damage|p2a: Corviknight|74/100 brn|[from] brn\n|upkeep\n|turn|18\n|\n|t:|1776403033\n|move|p1a: Garchomp|Stone Edge|p2a: Corviknight\n|-damage|p2a: Corviknight|46/100 brn\n|move|p2a: Corviknight|Bulk Up|p2a: Corviknight\n|-boost|p2a: Corviknight|atk|1\n|-boost|p2a: Corviknight|def|1\n|\n|-heal|p2a: Corviknight|52/100 brn|[from] item: Leftovers\n|-damage|p2a: Corviknight|46/100 brn|[from] brn\n|upkeep\n|turn|19\n|\n|t:|1776403042\n|switch|p1a: Milotic|Milotic, L50, F|99/100\n|move|p2a: Corviknight|Roost|p2a: Corviknight\n|-heal|p2a: Corviknight|97/100 brn\n|-singleturn|p2a: Corviknight|move: Roost\n|\n|-heal|p1a: Milotic|100/100|[from] item: Leftovers\n|-heal|p2a: Corviknight|100/100 brn|[from] item: Leftovers\n|-damage|p2a: Corviknight|95/100 brn|[from] brn\n|upkeep\n|turn|20\n|\n|t:|1776403046\n|move|p1a: Milotic|Haze|p1a: Milotic\n|-clearallboost\n|move|p2a: Corviknight|Iron Head|p1a: Milotic\n|-resisted|p1a: Milotic|1\n|-damage|p1a: Milotic|96/100\n|\n|-heal|p1a: Milotic|100/100|[from] item: Leftovers\n|-heal|p2a: Corviknight|100/100 brn|[from] item: Leftovers\n|-damage|p2a: Corviknight|95/100 brn|[from] brn\n|upkeep\n|turn|21\n|\n|t:|1776403051\n|switch|p1a: Garchomp|Garchomp, L50, M|88/100\n|move|p2a: Corviknight|Bulk Up|p2a: Corviknight\n|-boost|p2a: Corviknight|atk|1\n|-boost|p2a: Corviknight|def|1\n|\n|-heal|p2a: Corviknight|100/100 brn|[from] item: Leftovers\n|-damage|p2a: Corviknight|95/100 brn|[from] brn\n|upkeep\n|turn|22\n|\n|t:|1776403059\n|move|p1a: Garchomp|Stone Edge|p2a: Corviknight|[miss]\n|-miss|p1a: Garchomp|p2a: Corviknight\n|move|p2a: Corviknight|Bulk Up|p2a: Corviknight\n|-boost|p2a: Corviknight|atk|1\n|-boost|p2a: Corviknight|def|1\n|\n|-heal|p2a: Corviknight|100/100 brn|[from] item: Leftovers\n|-damage|p2a: Corviknight|95/100 brn|[from] brn\n|upkeep\n|turn|23\n|\n|t:|1776403062\n|switch|p1a: Milotic|Milotic, L50, F|100/100\n|move|p2a: Corviknight|Bulk Up|p2a: Corviknight\n|-boost|p2a: Corviknight|atk|1\n|-boost|p2a: Corviknight|def|1\n|\n|-heal|p2a: Corviknight|100/100 brn|[from] item: Leftovers\n|-damage|p2a: Corviknight|95/100 brn|[from] brn\n|upkeep\n|turn|24\n|\n|t:|1776403065\n|move|p1a: Milotic|Haze|p1a: Milotic\n|-clearallboost\n|move|p2a: Corviknight|Body Press|p1a: Milotic\n|-damage|p1a: Milotic|92/100\n|\n|-heal|p1a: Milotic|98/100|[from] item: Leftovers\n|-heal|p2a: Corviknight|100/100 brn|[from] item: Leftovers\n|-damage|p2a: Corviknight|95/100 brn|[from] brn\n|upkeep\n|turn|25\n|\n|t:|1776403073\n|move|p2a: Corviknight|Iron Head|p1a: Milotic\n|-resisted|p1a: Milotic|1\n|-damage|p1a: Milotic|94/100\n|move|p1a: Milotic|Mirror Coat||[still]\n|-fail|p1a: Milotic\n|\n|-heal|p1a: Milotic|99/100|[from] item: Leftovers\n|-heal|p2a: Corviknight|100/100 brn|[from] item: Leftovers\n|-damage|p2a: Corviknight|95/100 brn|[from] brn\n|upkeep\n|turn|26\n|\n|t:|1776403084\n|switch|p2a: Kingambit|Kingambit, L50, M|100/100\n|-activate|p2a: Kingambit|ability: Supreme Overlord\n|-start|p2a: Kingambit|fallen1|[silent]\n|move|p1a: Milotic|Mirror Coat||[still]\n|-fail|p1a: Milotic\n|\n|-heal|p1a: Milotic|100/100|[from] item: Leftovers\n|upkeep\n|turn|27\n|\n|t:|1776403099\n|move|p2a: Kingambit|Kowtow Cleave|p1a: Milotic\n|-damage|p1a: Milotic|57/100\n|move|p1a: Milotic|Mirror Coat||[still]\n|-fail|p1a: Milotic\n|\n|-heal|p1a: Milotic|63/100|[from] item: Leftovers\n|upkeep\n|turn|28\n|\n|t:|1776403103\n|move|p1a: Milotic|Recover|p1a: Milotic\n|-heal|p1a: Milotic|100/100\n|move|p2a: Kingambit|Swords Dance|p2a: Kingambit\n|-boost|p2a: Kingambit|atk|2\n|\n|upkeep\n|turn|29\n|\n|t:|1776403107\n|move|p1a: Milotic|Haze|p1a: Milotic\n|-clearallboost\n|move|p2a: Kingambit|Kowtow Cleave|p1a: Milotic\n|-damage|p1a: Milotic|62/100\n|\n|-heal|p1a: Milotic|68/100|[from] item: Leftovers\n|upkeep\n|turn|30\n|\n|t:|1776403114\n|move|p1a: Milotic|Recover|p1a: Milotic\n|-heal|p1a: Milotic|100/100\n|move|p2a: Kingambit|Kowtow Cleave|p1a: Milotic\n|-damage|p1a: Milotic|58/100\n|\n|-heal|p1a: Milotic|64/100|[from] item: Leftovers\n|upkeep\n|turn|31\n|\n|t:|1776403120\n|switch|p1a: Garchomp|Garchomp, L50, M|88/100\n|move|p2a: Kingambit|Swords Dance|p2a: Kingambit\n|-boost|p2a: Kingambit|atk|2\n|\n|upkeep\n|turn|32\n|\n|t:|1776403126\n|switch|p1a: Milotic|Milotic, L50, F|64/100\n|-end|p2a: Kingambit|fallen1|[silent]\n|switch|p2a: Corviknight|Corviknight, L50, M|95/100 brn\n|-ability|p2a: Corviknight|Pressure\n|\n|-heal|p1a: Milotic|70/100|[from] item: Leftovers\n|-heal|p2a: Corviknight|100/100 brn|[from] item: Leftovers\n|-damage|p2a: Corviknight|95/100 brn|[from] brn\n|upkeep\n|turn|33\n|\n|t:|1776403132\n|switch|p2a: Kingambit|Kingambit, L50, M|100/100\n|-activate|p2a: Kingambit|ability: Supreme Overlord\n|-start|p2a: Kingambit|fallen1|[silent]\n|move|p1a: Milotic|Recover|p1a: Milotic\n|-heal|p1a: Milotic|100/100\n|\n|upkeep\n|turn|34\n|\n|t:|1776403137\n|switch|p1a: Garchomp|Garchomp, L50, M|88/100\n|move|p2a: Kingambit|Swords Dance|p2a: Kingambit\n|-boost|p2a: Kingambit|atk|2\n|\n|upkeep\n|turn|35\n|\n|t:|1776403140\n|switch|p1a: Milotic|Milotic, L50, F|100/100\n|-end|p2a: Kingambit|fallen1|[silent]\n|switch|p2a: Corviknight|Corviknight, L50, M|95/100 brn\n|-ability|p2a: Corviknight|Pressure\n|\n|-heal|p2a: Corviknight|100/100 brn|[from] item: Leftovers\n|-damage|p2a: Corviknight|95/100 brn|[from] brn\n|upkeep\n|turn|36\n|\n|t:|1776403145\n|switch|p2a: Kingambit|Kingambit, L50, M|100/100\n|-activate|p2a: Kingambit|ability: Supreme Overlord\n|-start|p2a: Kingambit|fallen1|[silent]\n|move|p1a: Milotic|Mirror Coat||[still]\n|-fail|p1a: Milotic\n|\n|upkeep\n|turn|37\n|\n|t:|1776403150\n|move|p2a: Kingambit|Swords Dance|p2a: Kingambit\n|-boost|p2a: Kingambit|atk|2\n|move|p1a: Milotic|Mirror Coat||[still]\n|-fail|p1a: Milotic\n|\n|upkeep\n|turn|38\n|\n|t:|1776403152\n|move|p1a: Milotic|Haze|p1a: Milotic\n|-clearallboost\n|move|p2a: Kingambit|Kowtow Cleave|p1a: Milotic\n|-damage|p1a: Milotic|60/100\n|\n|-heal|p1a: Milotic|66/100|[from] item: Leftovers\n|upkeep\n|turn|39\n|\n|t:|1776403156\n|switch|p1a: Lopunny|Lopunny, L50, F|100/100\n|move|p2a: Kingambit|Swords Dance|p2a: Kingambit\n|-boost|p2a: Kingambit|atk|2\n|\n|upkeep\n|turn|40\n|\n|t:|1776403167\n|detailschange|p1a: Lopunny|Lopunny-Mega, L50, F\n|-mega|p1a: Lopunny|Lopunny|Lopunnite\n|move|p1a: Lopunny|Fake Out|p2a: Kingambit\n|-resisted|p2a: Kingambit|1\n|-damage|p2a: Kingambit|93/100\n|cant|p2a: Kingambit|flinch\n|\n|upkeep\n|turn|41\n|\n|t:|1776403176\n|switch|p1a: Milotic|Milotic, L50, F|66/100\n|move|p2a: Kingambit|Sucker Punch||[still]\n|-fail|p2a: Kingambit\n|\n|-heal|p1a: Milotic|72/100|[from] item: Leftovers\n|upkeep\n|turn|42\n|\n|t:|1776403182\n|move|p1a: Milotic|Haze|p1a: Milotic\n|-clearallboost\n|move|p2a: Kingambit|Kowtow Cleave|p1a: Milotic\n|-damage|p1a: Milotic|29/100\n|\n|-heal|p1a: Milotic|35/100|[from] item: Leftovers\n|upkeep\n|turn|43\n|\n|t:|1776403186\n|move|p1a: Milotic|Recover|p1a: Milotic\n|-heal|p1a: Milotic|85/100\n|move|p2a: Kingambit|Kowtow Cleave|p1a: Milotic\n|-damage|p1a: Milotic|48/100\n|\n|-heal|p1a: Milotic|53/100|[from] item: Leftovers\n|upkeep\n|turn|44\n|\n|t:|1776403195\n|switch|p1a: Garchomp|Garchomp, L50, M|88/100\n|move|p2a: Kingambit|Swords Dance|p2a: Kingambit\n|-boost|p2a: Kingambit|atk|2\n|\n|upkeep\n|turn|45\n|\n|t:|1776403201\n|switch|p1a: Milotic|Milotic, L50, F|53/100\n|-end|p2a: Kingambit|fallen1|[silent]\n|switch|p2a: Corviknight|Corviknight, L50, M|95/100 brn\n|-ability|p2a: Corviknight|Pressure\n|\n|-heal|p1a: Milotic|59/100|[from] item: Leftovers\n|-heal|p2a: Corviknight|100/100 brn|[from] item: Leftovers\n|-damage|p2a: Corviknight|95/100 brn|[from] brn\n|upkeep\n|turn|46\n|\n|t:|1776403203\n|switch|p2a: Kingambit|Kingambit, L50, M|93/100\n|-activate|p2a: Kingambit|ability: Supreme Overlord\n|-start|p2a: Kingambit|fallen1|[silent]\n|move|p1a: Milotic|Recover|p1a: Milotic\n|-heal|p1a: Milotic|100/100\n|\n|upkeep\n|turn|47\n|\n|t:|1776403207\n|switch|p1a: Lopunny|Lopunny-Mega, L50, F|100/100\n|move|p2a: Kingambit|Swords Dance|p2a: Kingambit\n|-boost|p2a: Kingambit|atk|2\n|\n|upkeep\n|turn|48\n|\n|t:|1776403211\n|move|p1a: Lopunny|Fake Out|p2a: Kingambit\n|-resisted|p2a: Kingambit|1\n|-damage|p2a: Kingambit|85/100\n|cant|p2a: Kingambit|flinch\n|\n|upkeep\n|turn|49\n|\n|t:|1776403220\n|switch|p1a: Milotic|Milotic, L50, F|100/100\n|move|p2a: Kingambit|Sucker Punch||[still]\n|-fail|p2a: Kingambit\n|\n|upkeep\n|turn|50\n|\n|t:|1776403225\n|move|p1a: Milotic|Haze|p1a: Milotic\n|-clearallboost\n|move|p2a: Kingambit|Swords Dance|p2a: Kingambit\n|-boost|p2a: Kingambit|atk|2\n|\n|upkeep\n|turn|51\n|\n|t:|1776403228\n|move|p1a: Milotic|Haze|p1a: Milotic\n|-clearallboost\n|move|p2a: Kingambit|Kowtow Cleave|p1a: Milotic\n|-damage|p1a: Milotic|57/100\n|\n|-heal|p1a: Milotic|63/100|[from] item: Leftovers\n|upkeep\n|turn|52\n|\n|t:|1776403232\n|switch|p1a: Garchomp|Garchomp, L50, M|88/100\n|move|p2a: Kingambit|Swords Dance|p2a: Kingambit\n|-boost|p2a: Kingambit|atk|2\n|\n|upkeep\n|turn|53\n|\n|t:|1776403234\n|-end|p2a: Kingambit|fallen1|[silent]\n|switch|p2a: Corviknight|Corviknight, L50, M|95/100 brn\n|-ability|p2a: Corviknight|Pressure\n|move|p1a: Garchomp|Earthquake|p2a: Corviknight\n|-immune|p2a: Corviknight\n|\n|-heal|p2a: Corviknight|100/100 brn|[from] item: Leftovers\n|-damage|p2a: Corviknight|95/100 brn|[from] brn\n|upkeep\n|turn|54\n|\n|t:|1776403238\n|switch|p1a: Lopunny|Lopunny-Mega, L50, F|100/100\n|move|p2a: Corviknight|Bulk Up|p2a: Corviknight\n|-boost|p2a: Corviknight|atk|1\n|-boost|p2a: Corviknight|def|1\n|\n|-heal|p2a: Corviknight|100/100 brn|[from] item: Leftovers\n|-damage|p2a: Corviknight|95/100 brn|[from] brn\n|upkeep\n|turn|55\n|\n|t:|1776403244\n|move|p1a: Lopunny|Fake Out|p2a: Corviknight\n|-resisted|p2a: Corviknight|1\n|-damage|p2a: Corviknight|89/100 brn\n|cant|p2a: Corviknight|flinch\n|\n|-heal|p2a: Corviknight|95/100 brn|[from] item: Leftovers\n|-damage|p2a: Corviknight|89/100 brn|[from] brn\n|upkeep\n|turn|56\n|\n|t:|1776403248\n|move|p1a: Lopunny|Close Combat|p2a: Corviknight\n|-damage|p2a: Corviknight|55/100 brn\n|-unboost|p1a: Lopunny|def|1\n|-unboost|p1a: Lopunny|spd|1\n|move|p2a: Corviknight|Bulk Up|p2a: Corviknight\n|-boost|p2a: Corviknight|atk|1\n|-boost|p2a: Corviknight|def|1\n|\n|-heal|p2a: Corviknight|61/100 brn|[from] item: Leftovers\n|-damage|p2a: Corviknight|55/100 brn|[from] brn\n|upkeep\n|turn|57\n|\n|t:|1776403253\n|switch|p1a: Milotic|Milotic, L50, F|63/100\n|move|p2a: Corviknight|Roost|p2a: Corviknight\n|-heal|p2a: Corviknight|100/100 brn\n|-singleturn|p2a: Corviknight|move: Roost\n|\n|-heal|p1a: Milotic|69/100|[from] item: Leftovers\n|-damage|p2a: Corviknight|95/100 brn|[from] brn\n|upkeep\n|turn|58\n|\n|t:|1776403260\n|switch|p2a: Kingambit|Kingambit, L50, M|85/100\n|-activate|p2a: Kingambit|ability: Supreme Overlord\n|-start|p2a: Kingambit|fallen1|[silent]\n|move|p1a: Milotic|Haze|p1a: Milotic\n|-clearallboost\n|\n|-heal|p1a: Milotic|75/100|[from] item: Leftovers\n|upkeep\n|turn|59\n|\n|t:|1776403266\n|switch|p1a: Lopunny|Lopunny-Mega, L50, F|100/100\n|move|p2a: Kingambit|Swords Dance|p2a: Kingambit\n|-boost|p2a: Kingambit|atk|2\n|\n|upkeep\n|turn|60\n|\n|t:|1776403270\n|move|p1a: Lopunny|Fake Out|p2a: Kingambit\n|-resisted|p2a: Kingambit|1\n|-damage|p2a: Kingambit|76/100\n|cant|p2a: Kingambit|flinch\n|\n|upkeep\n|turn|61\n|\n|t:|1776403273\n|move|p2a: Kingambit|Sucker Punch|p1a: Lopunny\n|-resisted|p1a: Lopunny|1\n|-damage|p1a: Lopunny|46/100\n|move|p1a: Lopunny|Close Combat|p2a: Kingambit\n|-supereffective|p2a: Kingambit|2\n|-enditem|p2a: Kingambit|Chople Berry|[eat]\n|-enditem|p2a: Kingambit|Chople Berry|[weaken]\n|-damage|p2a: Kingambit|0 fnt\n|-unboost|p1a: Lopunny|def|1\n|-unboost|p1a: Lopunny|spd|1\n|faint|p2a: Kingambit\n|-end|p2a: Kingambit|fallen1|[silent]\n|\n|upkeep\n|\n|t:|1776403276\n|switch|p2a: Corviknight|Corviknight, L50, M|95/100 brn\n|-ability|p2a: Corviknight|Pressure\n|turn|62\n|\n|t:|1776403282\n|switch|p1a: Garchomp|Garchomp, L50, M|88/100\n|move|p2a: Corviknight|Bulk Up|p2a: Corviknight\n|-boost|p2a: Corviknight|atk|1\n|-boost|p2a: Corviknight|def|1\n|\n|-heal|p2a: Corviknight|100/100 brn|[from] item: Leftovers\n|-damage|p2a: Corviknight|95/100 brn|[from] brn\n|upkeep\n|turn|63\n|\n|t:|1776403286\n|move|p1a: Garchomp|Outrage|p2a: Corviknight\n|-resisted|p2a: Corviknight|1\n|-damage|p2a: Corviknight|80/100 brn\n|move|p2a: Corviknight|Bulk Up|p2a: Corviknight\n|-boost|p2a: Corviknight|atk|1\n|-boost|p2a: Corviknight|def|1\n|\n|-heal|p2a: Corviknight|86/100 brn|[from] item: Leftovers\n|-damage|p2a: Corviknight|80/100 brn|[from] brn\n|upkeep\n|turn|64\n|\n|t:|1776403289\n|move|p1a: Garchomp|Outrage|p2a: Corviknight|[from] lockedmove\n|-resisted|p2a: Corviknight|1\n|-damage|p2a: Corviknight|70/100 brn\n|-start|p1a: Garchomp|confusion|[fatigue]\n|move|p2a: Corviknight|Bulk Up|p2a: Corviknight\n|-boost|p2a: Corviknight|atk|1\n|-boost|p2a: Corviknight|def|1\n|\n|-heal|p2a: Corviknight|76/100 brn|[from] item: Leftovers\n|-damage|p2a: Corviknight|70/100 brn|[from] brn\n|upkeep\n|turn|65\n|\n|t:|1776403292\n|-activate|p1a: Garchomp|confusion\n|-damage|p1a: Garchomp|74/100|[from] confusion\n|move|p2a: Corviknight|Bulk Up|p2a: Corviknight\n|-boost|p2a: Corviknight|atk|1\n|-boost|p2a: Corviknight|def|1\n|\n|-heal|p2a: Corviknight|76/100 brn|[from] item: Leftovers\n|-damage|p2a: Corviknight|70/100 brn|[from] brn\n|upkeep\n|turn|66\n|\n|t:|1776403297\n|-activate|p1a: Garchomp|confusion\n|move|p1a: Garchomp|Outrage|p2a: Corviknight\n|-resisted|p2a: Corviknight|1\n|-damage|p2a: Corviknight|62/100 brn\n|move|p2a: Corviknight|Bulk Up|p2a: Corviknight\n|-boost|p2a: Corviknight|atk|1\n|-boost|p2a: Corviknight|def|1\n|\n|-heal|p2a: Corviknight|68/100 brn|[from] item: Leftovers\n|-damage|p2a: Corviknight|62/100 brn|[from] brn\n|upkeep\n|turn|67\n|\n|t:|1776403300\n|-activate|p1a: Garchomp|confusion\n|move|p1a: Garchomp|Outrage|p2a: Corviknight|[from] lockedmove\n|-resisted|p2a: Corviknight|1\n|-damage|p2a: Corviknight|55/100 brn\n|move|p2a: Corviknight|Roost|p2a: Corviknight\n|-heal|p2a: Corviknight|100/100 brn\n|-singleturn|p2a: Corviknight|move: Roost\n|\n|-damage|p2a: Corviknight|95/100 brn|[from] brn\n|upkeep\n|turn|68\n|\n|t:|1776403304\n|-end|p1a: Garchomp|confusion\n|move|p1a: Garchomp|Outrage|p2a: Corviknight|[from] lockedmove\n|-resisted|p2a: Corviknight|1\n|-damage|p2a: Corviknight|88/100 brn\n|-start|p1a: Garchomp|confusion|[fatigue]\n|move|p2a: Corviknight|Bulk Up|p2a: Corviknight\n|-boost|p2a: Corviknight|atk|1\n|-boost|p2a: Corviknight|def|1\n|\n|-heal|p2a: Corviknight|94/100 brn|[from] item: Leftovers\n|-damage|p2a: Corviknight|88/100 brn|[from] brn\n|upkeep\n|turn|69\n|\n|t:|1776403311\n|switch|p1a: Lopunny|Lopunny-Mega, L50, F|46/100\n|move|p2a: Corviknight|Iron Head|p1a: Lopunny\n|-damage|p1a: Lopunny|0 fnt\n|faint|p1a: Lopunny\n|\n|-heal|p2a: Corviknight|94/100 brn|[from] item: Leftovers\n|-damage|p2a: Corviknight|88/100 brn|[from] brn\n|upkeep\n|\n|t:|1776403313\n|switch|p1a: Milotic|Milotic, L50, F|75/100\n|turn|70\n|\n|t:|1776403314\n|move|p2a: Corviknight|Body Press|p1a: Milotic\n|-damage|p1a: Milotic|43/100\n|move|p1a: Milotic|Mirror Coat||[still]\n|-fail|p1a: Milotic\n|\n|-heal|p1a: Milotic|49/100|[from] item: Leftovers\n|-heal|p2a: Corviknight|94/100 brn|[from] item: Leftovers\n|-damage|p2a: Corviknight|88/100 brn|[from] brn\n|upkeep\n|turn|71\n|\n|t:|1776403319\n|move|p1a: Milotic|Recover|p1a: Milotic\n|-heal|p1a: Milotic|99/100\n|move|p2a: Corviknight|Body Press|p1a: Milotic\n|-damage|p1a: Milotic|65/100\n|\n|-heal|p1a: Milotic|71/100|[from] item: Leftovers\n|-heal|p2a: Corviknight|94/100 brn|[from] item: Leftovers\n|-damage|p2a: Corviknight|88/100 brn|[from] brn\n|upkeep\n|turn|72\n|c|\u2606Sidou|why boomer are so boring\n|\n|t:|1776403332\n|move|p1a: Milotic|Recover|p1a: Milotic\n|-heal|p1a: Milotic|100/100\n|move|p2a: Corviknight|Iron Head|p1a: Milotic\n|-resisted|p1a: Milotic|1\n|-damage|p1a: Milotic|84/100\n|\n|-heal|p1a: Milotic|90/100|[from] item: Leftovers\n|-heal|p2a: Corviknight|94/100 brn|[from] item: Leftovers\n|-damage|p2a: Corviknight|88/100 brn|[from] brn\n|upkeep\n|turn|73\n|\n|t:|1776403342\n|move|p1a: Milotic|Recover|p1a: Milotic\n|-heal|p1a: Milotic|100/100\n|move|p2a: Corviknight|Iron Head|p1a: Milotic\n|-resisted|p1a: Milotic|1\n|-damage|p1a: Milotic|83/100\n|\n|-heal|p1a: Milotic|89/100|[from] item: Leftovers\n|-heal|p2a: Corviknight|94/100 brn|[from] item: Leftovers\n|-damage|p2a: Corviknight|88/100 brn|[from] brn\n|upkeep\n|turn|74\n|\n|t:|1776403350\n|move|p2a: Corviknight|Iron Head|p1a: Milotic\n|-resisted|p1a: Milotic|1\n|-damage|p1a: Milotic|72/100\n|move|p1a: Milotic|Mirror Coat||[still]\n|-fail|p1a: Milotic\n|\n|-heal|p1a: Milotic|78/100|[from] item: Leftovers\n|-heal|p2a: Corviknight|94/100 brn|[from] item: Leftovers\n|-damage|p2a: Corviknight|88/100 brn|[from] brn\n|upkeep\n|turn|75\n|\n|t:|1776403356\n|move|p2a: Corviknight|Iron Head|p1a: Milotic\n|-resisted|p1a: Milotic|1\n|-damage|p1a: Milotic|60/100\n|move|p1a: Milotic|Mirror Coat||[still]\n|-fail|p1a: Milotic\n|\n|-heal|p1a: Milotic|66/100|[from] item: Leftovers\n|-heal|p2a: Corviknight|94/100 brn|[from] item: Leftovers\n|-damage|p2a: Corviknight|88/100 brn|[from] brn\n|upkeep\n|turn|76\n|\n|t:|1776403361\n|switch|p1a: Garchomp|Garchomp, L50, M|74/100\n|move|p2a: Corviknight|Iron Head|p1a: Garchomp\n|-damage|p1a: Garchomp|25/100\n|-damage|p2a: Corviknight|76/100 brn|[from] ability: Rough Skin|[of] p1a: Garchomp\n|\n|-heal|p2a: Corviknight|82/100 brn|[from] item: Leftovers\n|-damage|p2a: Corviknight|76/100 brn|[from] brn\n|upkeep\n|turn|77\n|\n|t:|1776403367\n|move|p1a: Garchomp|Stone Edge|p2a: Corviknight\n|-damage|p2a: Corviknight|69/100 brn\n|move|p2a: Corviknight|Iron Head|p1a: Garchomp\n|-damage|p1a: Garchomp|0 fnt\n|-damage|p2a: Corviknight|57/100 brn|[from] ability: Rough Skin|[of] p1a: Garchomp\n|faint|p1a: Garchomp\n|\n|-heal|p2a: Corviknight|63/100 brn|[from] item: Leftovers\n|-damage|p2a: Corviknight|57/100 brn|[from] brn\n|upkeep\n|\n|t:|1776403370\n|switch|p1a: Milotic|Milotic, L50, F|66/100\n|turn|78\n|\n|t:|1776403374\n|move|p2a: Corviknight|Iron Head|p1a: Milotic\n|-resisted|p1a: Milotic|1\n|-damage|p1a: Milotic|48/100\n|move|p1a: Milotic|Mirror Coat||[still]\n|-fail|p1a: Milotic\n|\n|-heal|p1a: Milotic|53/100|[from] item: Leftovers\n|-heal|p2a: Corviknight|63/100 brn|[from] item: Leftovers\n|-damage|p2a: Corviknight|57/100 brn|[from] brn\n|upkeep\n|turn|79\n|\n|t:|1776403376\n|move|p2a: Corviknight|Iron Head|p1a: Milotic\n|-resisted|p1a: Milotic|1\n|-damage|p1a: Milotic|35/100\n|move|p1a: Milotic|Mirror Coat||[still]\n|-fail|p1a: Milotic\n|\n|-heal|p1a: Milotic|41/100|[from] item: Leftovers\n|-heal|p2a: Corviknight|63/100 brn|[from] item: Leftovers\n|-damage|p2a: Corviknight|57/100 brn|[from] brn\n|upkeep\n|turn|80\n|\n|t:|1776403379\n|move|p2a: Corviknight|Iron Head|p1a: Milotic\n|-resisted|p1a: Milotic|1\n|-damage|p1a: Milotic|23/100\n|move|p1a: Milotic|Mirror Coat||[still]\n|-fail|p1a: Milotic\n|\n|-heal|p1a: Milotic|29/100|[from] item: Leftovers\n|-heal|p2a: Corviknight|63/100 brn|[from] item: Leftovers\n|-damage|p2a: Corviknight|57/100 brn|[from] brn\n|upkeep\n|turn|81\n|c|\u2606Mr. Bean Stan|ez 67 sigmachudmax mogged\n|\n|t:|1776403383\n|move|p2a: Corviknight|Roost|p2a: Corviknight\n|-heal|p2a: Corviknight|100/100 brn\n|-singleturn|p2a: Corviknight|move: Roost\n|move|p1a: Milotic|Mirror Coat||[still]\n|-fail|p1a: Milotic\n|\n|-heal|p1a: Milotic|35/100|[from] item: Leftovers\n|-damage|p2a: Corviknight|95/100 brn|[from] brn\n|upkeep\n|turn|82\n|c|\u2606Sidou|ewww\n|\n|t:|1776403392\n|-activate|p1a: Milotic|move: Struggle\n|move|p1a: Milotic|Struggle|p2a: Corviknight\n|-damage|p2a: Corviknight|93/100 brn\n|-damage|p1a: Milotic|9/100|[from] recoil\n|move|p2a: Corviknight|Body Press|p1a: Milotic\n|-crit|p1a: Milotic\n|-damage|p1a: Milotic|0 fnt\n|faint|p1a: Milotic\n|\n|win|Mr. Bean Stan\n|raw|Sidou's rating: 1284 &rarr; <strong>1251</strong><br />(-33 for losing)\n|raw|Mr. Bean Stan's rating: 1163 &rarr; <strong>1196</strong><br />(+33 for winning)\n|l|\u2606Sidou\n|player|p1|\n",
  "uploadtime": 1776403399,
  "views": 5,
  "formatid": "gen9championsbssregma",
  "rating": 1196,
  "private": 0,
  "password": null
}