{
  "id": "gen9championsbssregma-2583312331",
  "format": "[Gen 9 Champions] BSS Reg M-A",
  "players": [
    "lublh",
    "coldcandy"
  ],
  "log": "|j|\u2606lublh\n|j|\u2606coldcandy\n|t:|1776165850\n|gametype|singles\n|player|p1|lublh|170|1345\n|player|p2|coldcandy|swimmerf|1304\n|gen|9\n|tier|[Gen 9 Champions] BSS Reg M-A\n|rated|\n|rule|Species Clause: Limit one of each Pok\u00e9mon\n|rule|Item Clause: Limit 1 of each item\n|clearpoke\n|poke|p1|Meganium, L50, F|\n|poke|p1|Dragonite, L50, F|\n|poke|p1|Lopunny, L50, F|\n|poke|p1|Kleavor, L50, F|\n|poke|p1|Aegislash, L50, F|\n|poke|p1|Garchomp, L50, F|\n|poke|p2|Corviknight, L50, F|\n|poke|p2|Gardevoir, L50, F|\n|poke|p2|Garchomp, L50, M|\n|poke|p2|Kingambit, L50, M|\n|poke|p2|Primarina, L50, F|\n|poke|p2|Gengar, L50, M|\n|teampreview|3\n|inactive|Battle timer is ON: inactive players will automatically lose when time's up. (requested by coldcandy)\n|j| p74\n|\n|t:|1776165872\n|teamsize|p1|3\n|teamsize|p2|3\n|start\n|switch|p1a: Garchomp|Garchomp, L50, F|100/100\n|switch|p2a: Gengar|Gengar, L50, M, shiny|100/100\n|turn|1\n|\n|t:|1776165878\n|switch|p2a: Corviknight|Corviknight, L50, F, shiny|100/100\n|move|p1a: Garchomp|Earthquake|p2a: Corviknight\n|-immune|p2a: Corviknight\n|\n|upkeep\n|turn|2\n|\n|t:|1776165891\n|switch|p1a: Meganium|Meganium, L50, F|100/100\n|move|p2a: Corviknight|Iron Head|p1a: Meganium\n|-crit|p1a: Meganium\n|-damage|p1a: Meganium|62/100\n|\n|upkeep\n|turn|3\n|\n|t:|1776165898\n|switch|p2a: Gengar|Gengar, L50, M, shiny|100/100\n|detailschange|p1a: Meganium|Meganium-Mega, L50, F\n|-mega|p1a: Meganium|Meganium|Meganiumite\n|move|p1a: Meganium|Weather Ball|p2a: Gengar\n|-damage|p2a: Gengar|2/100\n|-start|p1a: Meganium|Disable|Weather Ball|[from] ability: Cursed Body|[of] p2a: Gengar\n|\n|upkeep\n|turn|4\n|\n|t:|1776165914\n|switch|p1a: Garchomp|Garchomp, L50, F|100/100\n|detailschange|p2a: Gengar|Gengar-Mega, L50, M, shiny\n|-mega|p2a: Gengar|Gengar|Gengarite\n|move|p2a: Gengar|Sludge Wave|p1a: Garchomp\n|-resisted|p1a: Garchomp|1\n|-damage|p1a: Garchomp|68/100\n|\n|upkeep\n|turn|5\n|\n|t:|1776165928\n|switch|p2a: Corviknight|Corviknight, L50, F, shiny|100/100\n|move|p1a: Garchomp|Flamethrower|p2a: Corviknight\n|-supereffective|p2a: Corviknight|1\n|-damage|p2a: Corviknight|66/100\n|\n|-heal|p2a: Corviknight|72/100|[from] item: Leftovers\n|upkeep\n|turn|6\n|\n|t:|1776165944\n|switch|p1a: Aegislash|Aegislash, L50, F|100/100\n|move|p2a: Corviknight|Iron Head|p1a: Aegislash\n|-resisted|p1a: Aegislash|1\n|-damage|p1a: Aegislash|89/100\n|\n|-heal|p2a: Corviknight|78/100|[from] item: Leftovers\n|-heal|p1a: Aegislash|95/100|[from] item: Leftovers\n|upkeep\n|turn|7\n|\n|t:|1776165953\n|switch|p2a: Kingambit|Kingambit, L50, M|100/100\n|-formechange|p1a: Aegislash|Aegislash-Blade|\n|move|p1a: Aegislash|Shadow Ball|p2a: Kingambit\n|-resisted|p2a: Kingambit|1\n|-damage|p2a: Kingambit|75/100\n|\n|-heal|p1a: Aegislash|100/100|[from] item: Leftovers\n|upkeep\n|turn|8\n|\n|t:|1776165964\n|switch|p1a: Garchomp|Garchomp, L50, F|68/100\n|move|p2a: Kingambit|Kowtow Cleave|p1a: Garchomp\n|-damage|p1a: Garchomp|4/100\n|-damage|p2a: Kingambit|63/100|[from] ability: Rough Skin|[of] p1a: Garchomp\n|\n|upkeep\n|turn|9\n|\n|t:|1776165972\n|move|p2a: Kingambit|Sucker Punch|p1a: Garchomp\n|-damage|p1a: Garchomp|0 fnt\n|-damage|p2a: Kingambit|51/100|[from] ability: Rough Skin|[of] p1a: Garchomp\n|faint|p1a: Garchomp\n|\n|upkeep\n|\n|t:|1776165978\n|switch|p1a: Meganium|Meganium-Mega, L50, F|62/100\n|turn|10\n|\n|t:|1776165986\n|switch|p2a: Corviknight|Corviknight, L50, F, shiny|78/100\n|move|p1a: Meganium|Weather Ball|p2a: Corviknight\n|-supereffective|p2a: Corviknight|1\n|-damage|p2a: Corviknight|0 fnt\n|faint|p2a: Corviknight\n|\n|upkeep\n|\n|t:|1776165994\n|switch|p2a: Gengar|Gengar-Mega, L50, M, shiny|2/100\n|turn|11\n|\n|t:|1776166008\n|move|p2a: Gengar|Sludge Wave|p1a: Meganium\n|-supereffective|p1a: Meganium|2\n|-damage|p1a: Meganium|0 fnt\n|faint|p1a: Meganium\n|\n|upkeep\n|\n|t:|1776166012\n|switch|p1a: Aegislash|Aegislash, L50, F|100/100\n|turn|12\n|\n|t:|1776166023\n|-formechange|p1a: Aegislash|Aegislash-Blade|\n|move|p1a: Aegislash|Shadow Sneak|p2a: Gengar\n|-supereffective|p2a: Gengar|1\n|-damage|p2a: Gengar|0 fnt\n|faint|p2a: Gengar\n|\n|upkeep\n|\n|t:|1776166027\n|switch|p2a: Kingambit|Kingambit, L50, M|51/100\n|turn|13\n|\n|t:|1776166034\n|-formechange|p1a: Aegislash|Aegislash|\n|move|p1a: Aegislash|King's Shield|p1a: Aegislash\n|-singleturn|p1a: Aegislash|Protect\n|move|p2a: Kingambit|Kowtow Cleave|p1a: Aegislash\n|-activate|p1a: Aegislash|move: Protect\n|-unboost|p2a: Kingambit|atk|1\n|-ability|p2a: Kingambit|Defiant|boost\n|-boost|p2a: Kingambit|atk|2\n|\n|upkeep\n|turn|14\n|\n|t:|1776166055\n|-formechange|p1a: Aegislash|Aegislash-Blade|\n|move|p1a: Aegislash|Shadow Ball|p2a: Kingambit\n|-resisted|p2a: Kingambit|1\n|-damage|p2a: Kingambit|26/100\n|move|p2a: Kingambit|Kowtow Cleave|p1a: Aegislash\n|-supereffective|p1a: Aegislash|1\n|-damage|p1a: Aegislash|0 fnt\n|faint|p1a: Aegislash\n|\n|win|coldcandy\n|raw|lublh's rating: 1345 &rarr; <strong>1323</strong><br />(-22 for losing)\n|raw|coldcandy's rating: 1304 &rarr; <strong>1326</strong><br />(+22 for winning)\n|j| Sanderconda\n|l|\u2606lublh\n|player|p1|\n",
  "uploadtime": 1776166064,
  "views": 8,
  "formatid": "gen9championsbssregma",
  "rating": 1323,
  "private": 0,
  "password": null
}