{
  "id": "gen9championsbssregma-2582111015",
  "format": "[Gen 9 Champions] BSS Reg M-A",
  "players": [
    "yukd-\u30eb\u30a2\u30c9",
    "321fds"
  ],
  "log": "|j|\u2606yukd-\u30eb\u30a2\u30c9\n|j|\u2606321fds\n|t:|1776059280\n|gametype|singles\n|player|p1|yukd-\u30eb\u30a2\u30c9|lyra|1039\n|player|p2|321fds|red|1000\n|gen|9\n|tier|[Gen 9 Champions] BSS Reg M-A\n|rated|\n|rule|Species Clause: Limit one of each Pok\u00e9mon\n|rule|Item Clause: Limit 1 of each item\n|clearpoke\n|poke|p1|Audino, L50, F|\n|poke|p1|Kleavor, L50, M|\n|poke|p1|Floette-Eternal, L50, F|\n|poke|p1|Vivillon-River, L50, F|\n|poke|p1|Skeledirge, L50, F|\n|poke|p1|Kingambit, L50, F|\n|poke|p2|Dragonite, L50, F|\n|poke|p2|Pelipper, L50, F|\n|poke|p2|Basculegion, L50, M|\n|poke|p2|Snorlax, L50, M|\n|poke|p2|Camerupt, L50, F|\n|poke|p2|Torkoal, L50, M|\n|teampreview|3\n|\n|t:|1776059300\n|teamsize|p1|3\n|teamsize|p2|3\n|start\n|switch|p1a: Kleavor|Kleavor, L50, M|100/100\n|switch|p2a: Pelipper|Pelipper, L50, F|100/100\n|-weather|RainDance|[from] ability: Drizzle|[of] p2a: Pelipper\n|turn|1\n|\n|t:|1776059310\n|move|p1a: Kleavor|Stone Axe|p2a: Pelipper\n|-supereffective|p2a: Pelipper|1\n|-damage|p2a: Pelipper|0 fnt\n|-sidestart|p2: 321fds|move: Stealth Rock\n|faint|p2a: Pelipper\n|\n|-weather|RainDance|[upkeep]\n|upkeep\n|\n|t:|1776059313\n|switch|p2a: Dragonite|Dragonite, L50, F|100/100\n|-damage|p2a: Dragonite|76/100|[from] Stealth Rock\n|turn|2\n|\n|t:|1776059331\n|detailschange|p2a: Dragonite|Dragonite-Mega, L50, F\n|-mega|p2a: Dragonite|Dragonite|Dragoninite\n|move|p2a: Dragonite|Weather Ball|p1a: Kleavor\n|-supereffective|p1a: Kleavor|1\n|-enditem|p1a: Kleavor|Focus Sash\n|-damage|p1a: Kleavor|1/100\n|move|p1a: Kleavor|Stone Axe|p2a: Dragonite\n|-supereffective|p2a: Dragonite|1\n|-damage|p2a: Dragonite|0 fnt\n|faint|p2a: Dragonite\n|\n|-weather|RainDance|[upkeep]\n|upkeep\n|\n|t:|1776059343\n|switch|p2a: Basculegion|Basculegion, L50, M|100/100\n|-damage|p2a: Basculegion|88/100|[from] Stealth Rock\n|turn|3\n|\n|t:|1776059352\n|move|p2a: Basculegion|Wave Crash|p1a: Kleavor\n|-supereffective|p1a: Kleavor|1\n|-damage|p1a: Kleavor|0 fnt\n|faint|p1a: Kleavor\n|-damage|p2a: Basculegion|88/100|[from] Recoil\n|\n|-weather|RainDance|[upkeep]\n|upkeep\n|\n|t:|1776059360\n|switch|p1a: Audino|Audino, L50, F|100/100\n|turn|4\n|\n|t:|1776059368\n|detailschange|p1a: Audino|Audino-Mega, L50, F\n|-mega|p1a: Audino|Audino|Audinite\n|move|p2a: Basculegion|Wave Crash|p1a: Audino\n|-damage|p1a: Audino|49/100\n|-damage|p2a: Basculegion|70/100|[from] Recoil\n|move|p1a: Audino|Yawn|p2a: Basculegion\n|-start|p2a: Basculegion|move: Yawn|[of] p1a: Audino\n|\n|-weather|RainDance|[upkeep]\n|upkeep\n|turn|5\n|\n|t:|1776059380\n|move|p1a: Audino|Protect|p1a: Audino\n|-singleturn|p1a: Audino|Protect\n|move|p2a: Basculegion|Wave Crash|p1a: Audino\n|-activate|p1a: Audino|move: Protect\n|\n|-weather|none\n|-end|p2a: Basculegion|move: Yawn|[silent]\n|-status|p2a: Basculegion|slp\n|upkeep\n|turn|6\n|\n|t:|1776059389\n|cant|p2a: Basculegion|slp\n|move|p1a: Audino|Wish|p1a: Audino\n|\n|upkeep\n|turn|7\n|\n|t:|1776059400\n|cant|p2a: Basculegion|slp\n|move|p1a: Audino|Chilling Water|p2a: Basculegion\n|-resisted|p2a: Basculegion|1\n|-damage|p2a: Basculegion|63/100 slp\n|-unboost|p2a: Basculegion|atk|1\n|\n|-heal|p1a: Audino|99/100|[from] move: Wish|[wisher] Audino\n|upkeep\n|turn|8\n|\n|t:|1776059411\n|-curestatus|p2a: Basculegion|slp|[msg]\n|move|p2a: Basculegion|Wave Crash|p1a: Audino\n|-damage|p1a: Audino|76/100\n|-damage|p2a: Basculegion|55/100|[from] Recoil\n|move|p1a: Audino|Chilling Water|p2a: Basculegion\n|-resisted|p2a: Basculegion|1\n|-damage|p2a: Basculegion|49/100\n|-unboost|p2a: Basculegion|atk|1\n|\n|upkeep\n|turn|9\n|\n|t:|1776059445\n|move|p2a: Basculegion|Wave Crash|p1a: Audino\n|-damage|p1a: Audino|60/100\n|-damage|p2a: Basculegion|44/100|[from] Recoil\n|move|p1a: Audino|Wish|p1a: Audino\n|\n|upkeep\n|turn|10\n|-message|321fds forfeited.\n|\n|win|yukd-\u30eb\u30a2\u30c9\n|raw|yukd-\u30eb\u30a2\u30c9's rating: 1039 &rarr; <strong>1069</strong><br />(+30 for winning)\n|raw|321fds's rating: 1000 &rarr; <strong>1000</strong><br />(+0 for losing)\n|l|\u2606321fds\n|player|p2|\n",
  "uploadtime": 1776059458,
  "views": 9,
  "formatid": "gen9championsbssregma",
  "rating": 1000,
  "private": 0,
  "password": null
}