{
  "id": "gen9championsbssregma-2582149220",
  "format": "[Gen 9 Champions] BSS Reg M-A",
  "players": [
    "yukd-\u30eb\u30a2\u30c9",
    "WyldersGrief"
  ],
  "log": "|j|\u2606yukd-\u30eb\u30a2\u30c9\n|j|\u203dWyldersGrief\n|t:|1776064336\n|gametype|singles\n|player|p1|yukd-\u30eb\u30a2\u30c9|lyra|1022\n|player|p2|WyldersGrief|265|1005\n|gen|9\n|tier|[Gen 9 Champions] BSS Reg M-A\n|rated|\n|rule|Species Clause: Limit one of each Pok\u00e9mon\n|rule|Item Clause: Limit 1 of each item\n|clearpoke\n|poke|p1|Audino, L50, F|\n|poke|p1|Kleavor, L50, F|\n|poke|p1|Floette-Eternal, L50, F|\n|poke|p1|Vivillon-River, L50, F|\n|poke|p1|Skeledirge, L50, M|\n|poke|p1|Kingambit, L50, F|\n|poke|p2|Lopunny, L50, M|\n|poke|p2|Meowscarada, L50, F|\n|poke|p2|Garchomp, L50, F|\n|poke|p2|Espathra, L50, M|\n|poke|p2|Primarina, L50, M|\n|poke|p2|Rotom-Heat, L50|\n|teampreview|3\n|inactive|Battle timer is ON: inactive players will automatically lose when time's up. (requested by WyldersGrief)\n|\n|t:|1776064358\n|teamsize|p1|3\n|teamsize|p2|3\n|start\n|switch|p1a: Kleavor|Kleavor, L50, F|100/100\n|switch|p2a: Lopunny|Lopunny, L50, M|100/100\n|turn|1\n|\n|t:|1776064371\n|switch|p1a: Skeledirge|Skeledirge, L50, M|100/100\n|detailschange|p2a: Lopunny|Lopunny-Mega, L50, M\n|-mega|p2a: Lopunny|Lopunny|Lopunnite\n|move|p2a: Lopunny|Fake Out|p1a: Skeledirge\n|-damage|p1a: Skeledirge|82/100\n|\n|upkeep\n|turn|2\n|\n|t:|1776064385\n|move|p2a: Lopunny|U-turn|p1a: Skeledirge\n|-resisted|p1a: Skeledirge|2\n|-damage|p1a: Skeledirge|76/100\n|\n|t:|1776064389\n|switch|p2a: Garchomp|Garchomp, L50, F|100/100|[from] U-turn\n|move|p1a: Skeledirge|Yawn|p2a: Garchomp\n|-start|p2a: Garchomp|move: Yawn|[of] p1a: Skeledirge\n|\n|upkeep\n|turn|3\n|\n|t:|1776064402\n|move|p2a: Garchomp|Stone Edge|p1a: Skeledirge|[miss]\n|-miss|p2a: Garchomp|p1a: Skeledirge\n|move|p1a: Skeledirge|Slack Off|p1a: Skeledirge\n|-heal|p1a: Skeledirge|100/100\n|\n|-end|p2a: Garchomp|move: Yawn|[silent]\n|-status|p2a: Garchomp|slp\n|upkeep\n|turn|4\n|\n|t:|1776064412\n|switch|p1a: Kleavor|Kleavor, L50, F|100/100\n|cant|p2a: Garchomp|slp\n|\n|upkeep\n|turn|5\n|\n|t:|1776064420\n|move|p1a: Kleavor|Stone Axe|p2a: Garchomp\n|-resisted|p2a: Garchomp|1\n|-damage|p2a: Garchomp|71/100 slp\n|-sidestart|p2: WyldersGrief|move: Stealth Rock\n|cant|p2a: Garchomp|slp\n|\n|upkeep\n|turn|6\n|\n|t:|1776064428\n|move|p1a: Kleavor|Stone Axe|p2a: Garchomp\n|-resisted|p2a: Garchomp|1\n|-damage|p2a: Garchomp|44/100 slp\n|-curestatus|p2a: Garchomp|slp|[msg]\n|move|p2a: Garchomp|Earthquake|p1a: Kleavor\n|-crit|p1a: Kleavor\n|-damage|p1a: Kleavor|0 fnt\n|faint|p1a: Kleavor\n|\n|upkeep\n|j| pink23\n|\n|t:|1776064438\n|switch|p1a: Audino|Audino, L50, F|100/100\n|turn|7\n|\n|t:|1776064448\n|detailschange|p1a: Audino|Audino-Mega, L50, F\n|-mega|p1a: Audino|Audino|Audinite\n|move|p2a: Garchomp|Earthquake|p1a: Audino\n|-damage|p1a: Audino|66/100\n|move|p1a: Audino|Wish|p1a: Audino\n|\n|upkeep\n|turn|8\n|\n|t:|1776064459\n|move|p2a: Garchomp|Stone Edge|p1a: Audino\n|-damage|p1a: Audino|45/100\n|move|p1a: Audino|Chilling Water|p2a: Garchomp\n|-damage|p2a: Garchomp|32/100\n|-unboost|p2a: Garchomp|atk|1\n|\n|-heal|p1a: Audino|95/100|[from] move: Wish|[wisher] Audino\n|upkeep\n|turn|9\n|\n|t:|1776064470\n|switch|p2a: Meowscarada|Meowscarada, L50, F|100/100\n|-damage|p2a: Meowscarada|89/100|[from] Stealth Rock\n|move|p1a: Audino|Wish|p1a: Audino\n|\n|upkeep\n|turn|10\n|\n|t:|1776064484\n|move|p2a: Meowscarada|Knock Off|p1a: Audino\n|-start|p2a: Meowscarada|typechange|Dark|[from] ability: Protean\n|-resisted|p1a: Audino|1\n|-damage|p1a: Audino|88/100\n|move|p1a: Audino|Yawn|p2a: Meowscarada\n|-start|p2a: Meowscarada|move: Yawn|[of] p1a: Audino\n|\n|-heal|p1a: Audino|100/100|[from] move: Wish|[wisher] Audino\n|upkeep\n|turn|11\n|\n|t:|1776064496\n|move|p2a: Meowscarada|Knock Off|p1a: Audino\n|-resisted|p1a: Audino|1\n|-damage|p1a: Audino|92/100\n|move|p1a: Audino|Chilling Water|p2a: Meowscarada\n|-damage|p2a: Meowscarada|73/100\n|-unboost|p2a: Meowscarada|atk|1\n|\n|-end|p2a: Meowscarada|move: Yawn|[silent]\n|-status|p2a: Meowscarada|slp\n|upkeep\n|turn|12\n|\n|t:|1776064509\n|switch|p2a: Garchomp|Garchomp, L50, F|32/100\n|-damage|p2a: Garchomp|26/100|[from] Stealth Rock\n|switch|p1a: Skeledirge|Skeledirge, L50, M|100/100\n|\n|upkeep\n|turn|13\n|\n|t:|1776064517\n|switch|p1a: Audino|Audino-Mega, L50, F|92/100\n|move|p2a: Garchomp|Earthquake|p1a: Audino\n|-damage|p1a: Audino|55/100\n|\n|upkeep\n|turn|14\n|\n|t:|1776064528\n|move|p2a: Garchomp|Earthquake|p1a: Audino\n|-damage|p1a: Audino|17/100\n|move|p1a: Audino|Wish|p1a: Audino\n|\n|upkeep\n|turn|15\n|\n|t:|1776064535\n|move|p1a: Audino|Protect|p1a: Audino\n|-singleturn|p1a: Audino|Protect\n|move|p2a: Garchomp|Earthquake|p1a: Audino\n|-activate|p1a: Audino|move: Protect\n|\n|-heal|p1a: Audino|67/100|[from] move: Wish|[wisher] Audino\n|upkeep\n|turn|16\n|\n|t:|1776064548\n|move|p2a: Garchomp|Earthquake|p1a: Audino\n|-damage|p1a: Audino|32/100\n|move|p1a: Audino|Chilling Water|p2a: Garchomp\n|-damage|p2a: Garchomp|16/100\n|-unboost|p2a: Garchomp|atk|1\n|\n|upkeep\n|turn|17\n|\n|t:|1776064558\n|move|p2a: Garchomp|Earthquake|p1a: Audino\n|-damage|p1a: Audino|8/100\n|move|p1a: Audino|Wish|p1a: Audino\n|\n|upkeep\n|turn|18\n|\n|t:|1776064564\n|switch|p2a: Meowscarada|Meowscarada, L50, F|73/100 slp\n|-damage|p2a: Meowscarada|61/100 slp|[from] Stealth Rock\n|move|p1a: Audino|Protect||[still]\n|-fail|p1a: Audino\n|\n|-heal|p1a: Audino|58/100|[from] move: Wish|[wisher] Audino\n|upkeep\n|turn|19\n|\n|t:|1776064573\n|cant|p2a: Meowscarada|slp\n|move|p1a: Audino|Wish|p1a: Audino\n|\n|upkeep\n|turn|20\n|\n|t:|1776064579\n|cant|p2a: Meowscarada|slp\n|move|p1a: Audino|Chilling Water|p2a: Meowscarada\n|-resisted|p2a: Meowscarada|1\n|-damage|p2a: Meowscarada|53/100 slp\n|-unboost|p2a: Meowscarada|atk|1\n|\n|-heal|p1a: Audino|100/100|[from] move: Wish|[wisher] Audino\n|upkeep\n|turn|21\n|\n|t:|1776064590\n|-curestatus|p2a: Meowscarada|slp|[msg]\n|move|p2a: Meowscarada|Flower Trick|p1a: Audino\n|-start|p2a: Meowscarada|typechange|Grass|[from] ability: Protean\n|-crit|p1a: Audino\n|-damage|p1a: Audino|76/100\n|move|p1a: Audino|Chilling Water|p2a: Meowscarada\n|-resisted|p2a: Meowscarada|1\n|-damage|p2a: Meowscarada|46/100\n|-unboost|p2a: Meowscarada|atk|1\n|\n|upkeep\n|turn|22\n|\n|t:|1776064610\n|move|p2a: Meowscarada|Flower Trick|p1a: Audino\n|-crit|p1a: Audino\n|-damage|p1a: Audino|52/100\n|move|p1a: Audino|Wish|p1a: Audino\n|\n|upkeep\n|turn|23\n|\n|t:|1776064619\n|move|p2a: Meowscarada|Flower Trick|p1a: Audino\n|-crit|p1a: Audino\n|-damage|p1a: Audino|28/100\n|move|p1a: Audino|Chilling Water|p2a: Meowscarada\n|-resisted|p2a: Meowscarada|1\n|-damage|p2a: Meowscarada|38/100\n|-unboost|p2a: Meowscarada|atk|1\n|\n|-heal|p1a: Audino|78/100|[from] move: Wish|[wisher] Audino\n|upkeep\n|turn|24\n|\n|t:|1776064630\n|switch|p2a: Lopunny|Lopunny-Mega, L50, M|100/100\n|-damage|p2a: Lopunny|95/100|[from] Stealth Rock\n|move|p1a: Audino|Wish|p1a: Audino\n|\n|upkeep\n|turn|25\n|\n|t:|1776064641\n|move|p2a: Lopunny|Fake Out|p1a: Audino\n|-damage|p1a: Audino|67/100\n|cant|p1a: Audino|flinch\n|\n|-heal|p1a: Audino|100/100|[from] move: Wish|[wisher] Audino\n|upkeep\n|turn|26\n|\n|t:|1776064651\n|move|p2a: Lopunny|Close Combat|p1a: Audino\n|-damage|p1a: Audino|69/100\n|-unboost|p2a: Lopunny|def|1\n|-unboost|p2a: Lopunny|spd|1\n|move|p1a: Audino|Wish|p1a: Audino\n|\n|upkeep\n|turn|27\n|\n|t:|1776064671\n|move|p2a: Lopunny|U-turn|p1a: Audino\n|-resisted|p1a: Audino|1\n|-damage|p1a: Audino|63/100\n|\n|t:|1776064674\n|switch|p2a: Meowscarada|Meowscarada, L50, F|38/100|[from] U-turn\n|-damage|p2a: Meowscarada|26/100|[from] Stealth Rock\n|move|p1a: Audino|Chilling Water|p2a: Meowscarada\n|-resisted|p2a: Meowscarada|1\n|-damage|p2a: Meowscarada|18/100\n|-unboost|p2a: Meowscarada|atk|1\n|\n|-heal|p1a: Audino|100/100|[from] move: Wish|[wisher] Audino\n|upkeep\n|turn|28\n|\n|t:|1776064687\n|move|p2a: Meowscarada|Flower Trick|p1a: Audino\n|-start|p2a: Meowscarada|typechange|Grass|[from] ability: Protean\n|-crit|p1a: Audino\n|-damage|p1a: Audino|76/100\n|move|p1a: Audino|Wish|p1a: Audino\n|\n|upkeep\n|turn|29\n|\n|t:|1776064697\n|move|p2a: Meowscarada|Flower Trick|p1a: Audino\n|-crit|p1a: Audino\n|-damage|p1a: Audino|52/100\n|move|p1a: Audino|Yawn|p2a: Meowscarada\n|-start|p2a: Meowscarada|move: Yawn|[of] p1a: Audino\n|\n|-heal|p1a: Audino|100/100|[from] move: Wish|[wisher] Audino\n|upkeep\n|turn|30\n|\n|t:|1776064709\n|move|p2a: Meowscarada|Flower Trick|p1a: Audino\n|-crit|p1a: Audino\n|-damage|p1a: Audino|74/100\n|move|p1a: Audino|Chilling Water|p2a: Meowscarada\n|-resisted|p2a: Meowscarada|1\n|-damage|p2a: Meowscarada|11/100\n|-unboost|p2a: Meowscarada|atk|1\n|\n|-end|p2a: Meowscarada|move: Yawn|[silent]\n|-status|p2a: Meowscarada|slp\n|upkeep\n|turn|31\n|\n|t:|1776064721\n|cant|p2a: Meowscarada|slp\n|move|p1a: Audino|Wish|p1a: Audino\n|\n|upkeep\n|turn|32\n|\n|t:|1776064726\n|cant|p2a: Meowscarada|slp\n|move|p1a: Audino|Chilling Water|p2a: Meowscarada\n|-resisted|p2a: Meowscarada|1\n|-damage|p2a: Meowscarada|3/100 slp\n|-unboost|p2a: Meowscarada|atk|1\n|\n|-heal|p1a: Audino|100/100|[from] move: Wish|[wisher] Audino\n|upkeep\n|turn|33\n|\n|t:|1776064736\n|-curestatus|p2a: Meowscarada|slp|[msg]\n|move|p2a: Meowscarada|Flower Trick|p1a: Audino\n|-crit|p1a: Audino\n|-damage|p1a: Audino|73/100\n|move|p1a: Audino|Chilling Water|p2a: Meowscarada\n|-resisted|p2a: Meowscarada|1\n|-damage|p2a: Meowscarada|0 fnt\n|faint|p2a: Meowscarada\n|\n|upkeep\n|\n|t:|1776064743\n|switch|p2a: Garchomp|Garchomp, L50, F|16/100\n|-damage|p2a: Garchomp|10/100|[from] Stealth Rock\n|turn|34\n|\n|t:|1776064756\n|move|p2a: Garchomp|Earthquake|p1a: Audino\n|-damage|p1a: Audino|35/100\n|move|p1a: Audino|Wish|p1a: Audino\n|\n|upkeep\n|turn|35\n|\n|t:|1776064763\n|move|p1a: Audino|Protect|p1a: Audino\n|-singleturn|p1a: Audino|Protect\n|move|p2a: Garchomp|Earthquake|p1a: Audino\n|-activate|p1a: Audino|move: Protect\n|\n|-heal|p1a: Audino|85/100|[from] move: Wish|[wisher] Audino\n|upkeep\n|turn|36\n|\n|t:|1776064772\n|move|p2a: Garchomp|Earthquake|p1a: Audino\n|-damage|p1a: Audino|47/100\n|move|p1a: Audino|Chilling Water|p2a: Garchomp\n|-damage|p2a: Garchomp|0 fnt\n|faint|p2a: Garchomp\n|\n|upkeep\n|\n|t:|1776064779\n|switch|p2a: Lopunny|Lopunny-Mega, L50, M|95/100\n|-damage|p2a: Lopunny|89/100|[from] Stealth Rock\n|turn|37\n|\n|t:|1776064786\n|switch|p1a: Skeledirge|Skeledirge, L50, M|100/100\n|move|p2a: Lopunny|Fake Out|p1a: Skeledirge\n|-damage|p1a: Skeledirge|82/100\n|\n|upkeep\n|turn|38\n|\n|t:|1776064799\n|move|p2a: Lopunny|Close Combat|p1a: Skeledirge\n|-damage|p1a: Skeledirge|30/100\n|-unboost|p2a: Lopunny|def|1\n|-unboost|p2a: Lopunny|spd|1\n|-enditem|p1a: Skeledirge|Sitrus Berry|[eat]\n|-heal|p1a: Skeledirge|55/100|[from] item: Sitrus Berry\n|move|p1a: Skeledirge|Yawn|p2a: Lopunny\n|-start|p2a: Lopunny|move: Yawn|[of] p1a: Skeledirge\n|\n|upkeep\n|turn|39\n|\n|t:|1776064811\n|move|p2a: Lopunny|Close Combat|p1a: Skeledirge\n|-damage|p1a: Skeledirge|0 fnt\n|-unboost|p2a: Lopunny|def|1\n|-unboost|p2a: Lopunny|spd|1\n|faint|p1a: Skeledirge\n|\n|-end|p2a: Lopunny|move: Yawn|[silent]\n|-status|p2a: Lopunny|slp\n|upkeep\n|\n|t:|1776064819\n|switch|p1a: Audino|Audino-Mega, L50, F|47/100\n|turn|40\n|\n|t:|1776064825\n|cant|p2a: Lopunny|slp\n|move|p1a: Audino|Chilling Water|p2a: Lopunny\n|-damage|p2a: Lopunny|65/100 slp\n|-unboost|p2a: Lopunny|atk|1\n|\n|upkeep\n|turn|41\n|\n|t:|1776064834\n|cant|p2a: Lopunny|slp\n|move|p1a: Audino|Wish|p1a: Audino\n|\n|upkeep\n|turn|42\n|\n|t:|1776064840\n|-curestatus|p2a: Lopunny|slp|[msg]\n|move|p2a: Lopunny|Triple Axel|p1a: Audino\n|-damage|p1a: Audino|44/100\n|-damage|p1a: Audino|39/100\n|-damage|p1a: Audino|31/100\n|-hitcount|p1a: Audino|3\n|move|p1a: Audino|Chilling Water|p2a: Lopunny\n|-damage|p2a: Lopunny|40/100\n|-unboost|p2a: Lopunny|atk|1\n|\n|-heal|p1a: Audino|81/100|[from] move: Wish|[wisher] Audino\n|upkeep\n|turn|43\n|\n|t:|1776064854\n|move|p2a: Lopunny|Triple Axel|p1a: Audino\n|-damage|p1a: Audino|79/100\n|-crit|p1a: Audino\n|-damage|p1a: Audino|67/100\n|-damage|p1a: Audino|61/100\n|-hitcount|p1a: Audino|3\n|move|p1a: Audino|Chilling Water|p2a: Lopunny\n|-damage|p2a: Lopunny|16/100\n|-unboost|p2a: Lopunny|atk|1\n|\n|upkeep\n|turn|44\n|\n|t:|1776064867\n|move|p2a: Lopunny|Triple Axel|p1a: Audino\n|-damage|p1a: Audino|59/100\n|-damage|p1a: Audino|55/100\n|-damage|p1a: Audino|50/100\n|-hitcount|p1a: Audino|3\n|move|p1a: Audino|Chilling Water|p2a: Lopunny\n|-damage|p2a: Lopunny|0 fnt\n|faint|p2a: Lopunny\n|\n|win|yukd-\u30eb\u30a2\u30c9\n|raw|yukd-\u30eb\u30a2\u30c9's rating: 1022 &rarr; <strong>1057</strong><br />(+35 for winning)\n|raw|WyldersGrief's rating: 1005 &rarr; <strong>1000</strong><br />(-5 for losing)\n|l|\u203dWyldersGrief\n|player|p2|\n",
  "uploadtime": 1776064880,
  "views": 7,
  "formatid": "gen9championsbssregma",
  "rating": 1000,
  "private": 0,
  "password": null
}