{
  "id": "gen9championsbssregma-2584292827",
  "format": "[Gen 9 Champions] BSS Reg M-A",
  "players": [
    "jiiiiima",
    "karbain"
  ],
  "log": "|j|\u2606jiiiiima\n|j|\u2606karbain\n|t:|1776247953\n|gametype|singles\n|player|p1|jiiiiima|102|1323\n|player|p2|karbain|2|1437\n|gen|9\n|tier|[Gen 9 Champions] BSS Reg M-A\n|rated|\n|rule|Species Clause: Limit one of each Pok\u00e9mon\n|rule|Item Clause: Limit 1 of each item\n|clearpoke\n|poke|p1|Sylveon, L50, M|\n|poke|p1|Garchomp, L50, F|\n|poke|p1|Kingambit, L50, M|\n|poke|p1|Mimikyu, L50, M|\n|poke|p1|Dragonite, L50, M|\n|poke|p1|Venusaur, L50, F|\n|poke|p2|Charizard, L50, F|\n|poke|p2|Greninja-*, L50, M|\n|poke|p2|Gengar, L50, F|\n|poke|p2|Mimikyu, L50, M|\n|poke|p2|Meowscarada, L50, F|\n|poke|p2|Empoleon, L50, M|\n|teampreview|3\n|\n|t:|1776247998\n|teamsize|p1|3\n|teamsize|p2|3\n|start\n|switch|p1a: Venusaur|Venusaur, L50, F|100/100\n|switch|p2a: Greninja|Greninja, L50, M|100/100\n|turn|1\n|j| p74\n|inactive|Battle timer is ON: inactive players will automatically lose when time's up. (requested by karbain)\n|\n|t:|1776248016\n|switch|p2a: Charizard|Charizard, L50, F|100/100\n|detailschange|p1a: Venusaur|Venusaur-Mega, L50, F\n|-mega|p1a: Venusaur|Venusaur|Venusaurite\n|move|p1a: Venusaur|Sludge Wave|p2a: Charizard\n|-damage|p2a: Charizard|40/100\n|\n|upkeep\n|turn|2\n|inactive|karbain has 30 seconds left.\n|\n|t:|1776248042\n|switch|p1a: Garchomp|Garchomp, L50, F|100/100\n|detailschange|p2a: Charizard|Charizard-Mega-X, L50, F\n|-mega|p2a: Charizard|Charizard|Charizardite X\n|move|p2a: Charizard|Flare Blitz|p1a: Garchomp\n|-resisted|p1a: Garchomp|1\n|-damage|p1a: Garchomp|56/100\n|-status|p1a: Garchomp|brn\n|-damage|p2a: Charizard|28/100|[from] ability: Rough Skin|[of] p1a: Garchomp\n|-damage|p2a: Charizard|11/100|[from] Recoil\n|\n|-damage|p1a: Garchomp|50/100 brn|[from] brn\n|upkeep\n|turn|3\n|\n|t:|1776248056\n|switch|p2a: Meowscarada|Meowscarada, L50, F|100/100\n|move|p1a: Garchomp|Stealth Rock|p2a: Meowscarada\n|-sidestart|p2: karbain|move: Stealth Rock\n|\n|-damage|p1a: Garchomp|44/100 brn|[from] brn\n|upkeep\n|turn|4\n|\n|t:|1776248077\n|move|p2a: Meowscarada|Triple Axel|p1a: Garchomp\n|-start|p2a: Meowscarada|typechange|Ice|[from] ability: Protean\n|-supereffective|p1a: Garchomp|2\n|-damage|p1a: Garchomp|3/100 brn\n|-damage|p2a: Meowscarada|88/100|[from] ability: Rough Skin|[of] p1a: Garchomp\n|-supereffective|p1a: Garchomp|2\n|-damage|p1a: Garchomp|0 fnt\n|-damage|p2a: Meowscarada|76/100|[from] ability: Rough Skin|[of] p1a: Garchomp\n|faint|p1a: Garchomp\n|-hitcount|p1: Garchomp|2\n|\n|upkeep\n|\n|t:|1776248092\n|switch|p1a: Venusaur|Venusaur-Mega, L50, F|100/100\n|turn|5\n|\n|t:|1776248101\n|move|p2a: Meowscarada|Triple Axel|p1a: Venusaur\n|-supereffective|p1a: Venusaur|1\n|-damage|p1a: Venusaur|93/100\n|-hitcount|p1a: Venusaur|1\n|move|p1a: Venusaur|Giga Drain|p2a: Meowscarada\n|-damage|p2a: Meowscarada|27/100\n|-heal|p1a: Venusaur|100/100|[from] drain|[of] p2a: Meowscarada\n|\n|upkeep\n|turn|6\n|\n|t:|1776248113\n|move|p2a: Meowscarada|Triple Axel|p1a: Venusaur|[miss]\n|-miss|p2a: Meowscarada|p1a: Venusaur\n|move|p1a: Venusaur|Giga Drain|p2a: Meowscarada\n|-damage|p2a: Meowscarada|0 fnt\n|faint|p2a: Meowscarada\n|\n|upkeep\n|-message|karbain forfeited.\n|\n|win|jiiiiima\n|raw|jiiiiima's rating: 1323 &rarr; <strong>1349</strong><br />(+26 for winning)\n|raw|karbain's rating: 1437 &rarr; <strong>1411</strong><br />(-26 for losing)\n|l|\u2606karbain\n|player|p2|\n|l|\u2606jiiiiima\n|player|p1|\n",
  "uploadtime": 1776248119,
  "views": 19,
  "formatid": "gen9championsbssregma",
  "rating": 1349,
  "private": 0,
  "password": null
}