{
  "id": "gen9championsbssregma-2585298077",
  "format": "[Gen 9 Champions] BSS Reg M-A",
  "players": [
    "lovrillo",
    "Danny3over"
  ],
  "log": "|j|\u2606lovrillo\n|j|\u2606Danny3over\n|t:|1776335168\n|gametype|singles\n|player|p1|lovrillo|266|1301\n|player|p2|Danny3over|twins-gen4dp|1338\n|gen|9\n|tier|[Gen 9 Champions] BSS Reg M-A\n|rated|\n|rule|Species Clause: Limit one of each Pok\u00e9mon\n|rule|Item Clause: Limit 1 of each item\n|clearpoke\n|poke|p1|Garchomp, L50, F|\n|poke|p1|Umbreon, L50, M|\n|poke|p1|Gengar, L50, F|\n|poke|p1|Glimmora, L50, M|\n|poke|p1|Toxapex, L50, M|\n|poke|p1|Rotom-Heat, L50|\n|poke|p2|Starmie, L50|\n|poke|p2|Hydreigon, L50, M|\n|poke|p2|Corviknight, L50, M|\n|poke|p2|Kingambit, L50, M|\n|poke|p2|Hippowdon, L50, M|\n|poke|p2|Sneasler, L50, M|\n|teampreview|3\n|inactive|Battle timer is ON: inactive players will automatically lose when time's up. (requested by Danny3over)\n|j| SeydouVGC\n|l| SeydouVGC\n|\n|t:|1776335201\n|teamsize|p1|3\n|teamsize|p2|3\n|start\n|switch|p1a: Garchomp|Garchomp, L50, F, shiny|100/100\n|switch|p2a: Starmie|Starmie, L50|100/100\n|turn|1\n|\n|t:|1776335207\n|detailschange|p2a: Starmie|Starmie-Mega, L50\n|-mega|p2a: Starmie|Starmie|Starminite\n|move|p2a: Starmie|Liquidation|p1a: Garchomp\n|-damage|p1a: Garchomp|49/100\n|-unboost|p1a: Garchomp|def|1\n|-damage|p2a: Starmie|88/100|[from] ability: Rough Skin|[of] p1a: Garchomp\n|-enditem|p1a: Garchomp|Sitrus Berry|[eat]\n|-heal|p1a: Garchomp|74/100|[from] item: Sitrus Berry\n|move|p1a: Garchomp|Stealth Rock|p2a: Starmie\n|-sidestart|p2: Danny3over|move: Stealth Rock\n|\n|upkeep\n|turn|2\n|\n|t:|1776335219\n|move|p2a: Starmie|Zen Headbutt|p1a: Garchomp\n|-damage|p1a: Garchomp|4/100\n|-damage|p2a: Starmie|76/100|[from] ability: Rough Skin|[of] p1a: Garchomp\n|move|p1a: Garchomp|Spikes|p2a: Starmie\n|-sidestart|p2: Danny3over|Spikes\n|\n|upkeep\n|turn|3\n|\n|t:|1776335236\n|move|p2a: Starmie|Flip Turn|p1a: Garchomp\n|-damage|p1a: Garchomp|0 fnt\n|-damage|p2a: Starmie|63/100|[from] ability: Rough Skin|[of] p1a: Garchomp\n|faint|p1a: Garchomp\n|\n|t:|1776335241\n|switch|p2a: Hippowdon|Hippowdon, L50, M|100/100|[from] Flip Turn\n|-damage|p2a: Hippowdon|94/100|[from] Stealth Rock\n|-damage|p2a: Hippowdon|82/100|[from] Spikes\n|-weather|Sandstorm|[from] ability: Sand Stream|[of] p2a: Hippowdon\n|\n|-weather|Sandstorm|[upkeep]\n|upkeep\n|\n|t:|1776335243\n|switch|p1a: Umbreon|Umbreon, L50, M, shiny|100/100\n|turn|4\n|\n|t:|1776335247\n|move|p1a: Umbreon|Yawn|p2a: Hippowdon\n|-start|p2a: Hippowdon|move: Yawn|[of] p1a: Umbreon\n|move|p2a: Hippowdon|Yawn|p1a: Umbreon\n|-start|p1a: Umbreon|move: Yawn|[of] p2a: Hippowdon\n|\n|-weather|Sandstorm|[upkeep]\n|-damage|p1a: Umbreon|95/100|[from] Sandstorm\n|-heal|p1a: Umbreon|100/100|[from] item: Leftovers\n|upkeep\n|turn|5\n|\n|t:|1776335253\n|switch|p1a: Toxapex|Toxapex, L50, M, shiny|100/100\n|switch|p2a: Sneasler|Sneasler, L50, M|100/100\n|-damage|p2a: Sneasler|95/100|[from] Stealth Rock\n|-damage|p2a: Sneasler|83/100|[from] Spikes\n|\n|-weather|Sandstorm|[upkeep]\n|-damage|p2a: Sneasler|77/100|[from] Sandstorm\n|-damage|p1a: Toxapex|95/100|[from] Sandstorm\n|upkeep\n|turn|6\n|\n|t:|1776335261\n|move|p2a: Sneasler|U-turn|p1a: Toxapex\n|-resisted|p1a: Toxapex|1\n|-damage|p1a: Toxapex|86/100\n|\n|t:|1776335263\n|switch|p2a: Hippowdon|Hippowdon, L50, M|82/100|[from] U-turn\n|-damage|p2a: Hippowdon|76/100|[from] Stealth Rock\n|-damage|p2a: Hippowdon|64/100|[from] Spikes\n|move|p1a: Toxapex|Liquidation|p2a: Hippowdon\n|-supereffective|p2a: Hippowdon|1\n|-damage|p2a: Hippowdon|39/100\n|-enditem|p2a: Hippowdon|Sitrus Berry|[eat]\n|-heal|p2a: Hippowdon|64/100|[from] item: Sitrus Berry\n|\n|-weather|Sandstorm|[upkeep]\n|-damage|p1a: Toxapex|81/100|[from] Sandstorm\n|upkeep\n|turn|7\n|\n|t:|1776335280\n|move|p2a: Hippowdon|Earthquake|p1a: Toxapex\n|-supereffective|p1a: Toxapex|1\n|-damage|p1a: Toxapex|22/100\n|move|p1a: Toxapex|Toxic|p2a: Hippowdon\n|-status|p2a: Hippowdon|tox\n|\n|-weather|none\n|-damage|p2a: Hippowdon|58/100 tox|[from] psn\n|upkeep\n|turn|8\n|\n|t:|1776335285\n|switch|p1a: Umbreon|Umbreon, L50, M, shiny|100/100\n|move|p2a: Hippowdon|Yawn|p1a: Umbreon\n|-start|p1a: Umbreon|move: Yawn|[of] p2a: Hippowdon\n|\n|-damage|p2a: Hippowdon|46/100 tox|[from] psn\n|upkeep\n|turn|9\n|\n|t:|1776335298\n|switch|p2a: Starmie|Starmie-Mega, L50|63/100\n|-damage|p2a: Starmie|51/100|[from] Stealth Rock\n|-damage|p2a: Starmie|38/100|[from] Spikes\n|move|p1a: Umbreon|Wish|p1a: Umbreon\n|\n|-end|p1a: Umbreon|move: Yawn|[silent]\n|-status|p1a: Umbreon|slp\n|upkeep\n|turn|10\n|j| p74\n|\n|t:|1776335312\n|move|p2a: Starmie|Zen Headbutt|p1a: Umbreon\n|-immune|p1a: Umbreon\n|cant|p1a: Umbreon|slp\n|\n|upkeep\n|turn|11\n|\n|t:|1776335316\n|move|p2a: Starmie|Liquidation|p1a: Umbreon\n|-damage|p1a: Umbreon|52/100 slp\n|cant|p1a: Umbreon|slp\n|\n|-heal|p1a: Umbreon|58/100 slp|[from] item: Leftovers\n|upkeep\n|turn|12\n|\n|t:|1776335331\n|-curestatus|p1a: Umbreon|slp|[msg]\n|move|p1a: Umbreon|Protect|p1a: Umbreon\n|-singleturn|p1a: Umbreon|Protect\n|move|p2a: Starmie|Flip Turn|p1a: Umbreon\n|-activate|p1a: Umbreon|move: Protect\n|\n|-heal|p1a: Umbreon|64/100|[from] item: Leftovers\n|upkeep\n|turn|13\n|\n|t:|1776335348\n|move|p2a: Starmie|Flip Turn|p1a: Umbreon\n|-damage|p1a: Umbreon|36/100\n|\n|t:|1776335351\n|switch|p2a: Sneasler|Sneasler, L50, M|77/100|[from] Flip Turn\n|-damage|p2a: Sneasler|71/100|[from] Stealth Rock\n|-damage|p2a: Sneasler|59/100|[from] Spikes\n|move|p1a: Umbreon|Foul Play|p2a: Sneasler\n|-resisted|p2a: Sneasler|1\n|-damage|p2a: Sneasler|20/100\n|\n|-heal|p1a: Umbreon|42/100|[from] item: Leftovers\n|upkeep\n|turn|14\n|\n|t:|1776335359\n|move|p1a: Umbreon|Protect|p1a: Umbreon\n|-singleturn|p1a: Umbreon|Protect\n|move|p2a: Sneasler|Dire Claw|p1a: Umbreon\n|-activate|p1a: Umbreon|move: Protect\n|\n|-heal|p1a: Umbreon|48/100|[from] item: Leftovers\n|upkeep\n|turn|15\n|\n|t:|1776335375\n|switch|p1a: Toxapex|Toxapex, L50, M, shiny|55/100\n|move|p2a: Sneasler|Close Combat|p1a: Toxapex\n|-resisted|p1a: Toxapex|1\n|-damage|p1a: Toxapex|34/100\n|-unboost|p2a: Sneasler|def|1\n|-unboost|p2a: Sneasler|spd|1\n|-immune|p1a: Toxapex\n|\n|upkeep\n|turn|16\n|\n|t:|1776335382\n|move|p2a: Sneasler|Dire Claw|p1a: Toxapex\n|-resisted|p1a: Toxapex|1\n|-damage|p1a: Toxapex|18/100\n|move|p1a: Toxapex|Recover|p1a: Toxapex\n|-heal|p1a: Toxapex|69/100\n|\n|upkeep\n|turn|17\n|\n|t:|1776335390\n|move|p2a: Sneasler|Dire Claw|p1a: Toxapex\n|-resisted|p1a: Toxapex|1\n|-damage|p1a: Toxapex|53/100\n|move|p1a: Toxapex|Recover|p1a: Toxapex\n|-heal|p1a: Toxapex|100/100\n|\n|upkeep\n|turn|18\n|\n|t:|1776335394\n|move|p2a: Sneasler|Dire Claw|p1a: Toxapex\n|-resisted|p1a: Toxapex|1\n|-damage|p1a: Toxapex|85/100\n|move|p1a: Toxapex|Liquidation|p2a: Sneasler\n|-damage|p2a: Sneasler|0 fnt\n|faint|p2a: Sneasler\n|\n|upkeep\n|\n|t:|1776335399\n|switch|p2a: Starmie|Starmie-Mega, L50|38/100\n|-damage|p2a: Starmie|26/100|[from] Stealth Rock\n|-damage|p2a: Starmie|14/100|[from] Spikes\n|turn|19\n|\n|t:|1776335422\n|move|p2a: Starmie|Liquidation|p1a: Toxapex\n|-resisted|p1a: Toxapex|1\n|-damage|p1a: Toxapex|57/100\n|-unboost|p1a: Toxapex|def|1\n|move|p1a: Toxapex|Toxic|p2a: Starmie\n|-status|p2a: Starmie|tox\n|\n|-damage|p2a: Starmie|8/100 tox|[from] psn\n|upkeep\n|turn|20\n|\n|t:|1776335432\n|move|p2a: Starmie|Liquidation|p1a: Toxapex\n|-resisted|p1a: Toxapex|1\n|-damage|p1a: Toxapex|18/100\n|-unboost|p1a: Toxapex|def|1\n|move|p1a: Toxapex|Recover|p1a: Toxapex\n|-heal|p1a: Toxapex|69/100\n|\n|-damage|p2a: Starmie|0 fnt|[from] psn\n|faint|p2a: Starmie\n|upkeep\n|\n|t:|1776335437\n|switch|p2a: Hippowdon|Hippowdon, L50, M|46/100 tox\n|-damage|p2a: Hippowdon|40/100 tox|[from] Stealth Rock\n|-damage|p2a: Hippowdon|27/100 tox|[from] Spikes\n|-weather|Sandstorm|[from] ability: Sand Stream|[of] p2a: Hippowdon\n|turn|21\n|-message|Danny3over forfeited.\n|\n|win|lovrillo\n|raw|lovrillo's rating: 1294 &rarr; <strong>1322</strong><br />(+28 for winning)\n|raw|Danny3over's rating: 1338 &rarr; <strong>1315</strong><br />(-23 for losing)\n|l|\u2606Danny3over\n|player|p2|\n|l|\u2606lovrillo\n|player|p1|\n",
  "uploadtime": 1776336352,
  "views": 8,
  "formatid": "gen9championsbssregma",
  "rating": 1315,
  "private": 0,
  "password": null
}