{
  "id": "gen9championsbssregma-2589399561",
  "format": "[Gen 9 Champions] BSS Reg M-A",
  "players": [
    "ShinyHaunter05",
    "djxux"
  ],
  "log": "|j|\u2606ShinyHaunter05\n|j|\u2606djxux\n|t:|1776719836\n|gametype|singles\n|player|p1|ShinyHaunter05|102|1049\n|player|p2|djxux|1|1049\n|gen|9\n|tier|[Gen 9 Champions] BSS Reg M-A\n|rated|\n|rule|Species Clause: Limit one of each Pok\u00e9mon\n|rule|Item Clause: Limit 1 of each item\n|clearpoke\n|poke|p1|Corviknight, L50, F|\n|poke|p1|Hydreigon, L50, M|\n|poke|p1|Altaria, L50, F, shiny|\n|poke|p1|Gengar, L50, M, shiny|\n|poke|p1|Empoleon, L50, M, shiny|\n|poke|p1|Froslass, L50, F|\n|poke|p2|Hippowdon, L50, F|\n|poke|p2|Spiritomb, L50, F|\n|poke|p2|Kleavor, L50, F|\n|poke|p2|Pidgeot, L50, F|\n|poke|p2|Excadrill, L50, F|\n|poke|p2|Mimikyu, L50, M|\n|teampreview|3\n|inactive|Battle timer is ON: inactive players will automatically lose when time's up. (requested by ShinyHaunter05)\n|\n|t:|1776719877\n|teamsize|p1|3\n|teamsize|p2|3\n|start\n|switch|p1a: Empoleon|Empoleon, L50, M, shiny|100/100\n|switch|p2a: Spiritomb|Spiritomb, L50, F|100/100\n|turn|1\n|\n|t:|1776719882\n|move|p1a: Empoleon|Yawn|p2a: Spiritomb\n|-start|p2a: Spiritomb|move: Yawn|[of] p1a: Empoleon\n|move|p2a: Spiritomb|Will-O-Wisp|p1a: Empoleon|[miss]\n|-miss|p2a: Spiritomb|p1a: Empoleon\n|\n|upkeep\n|turn|2\n|\n|t:|1776719888\n|switch|p2a: Hippowdon|Hippowdon, L50, F|100/100\n|-weather|Sandstorm|[from] ability: Sand Stream|[of] p2a: Hippowdon\n|move|p1a: Empoleon|Stealth Rock|p2a: Hippowdon\n|-sidestart|p2: djxux|move: Stealth Rock\n|\n|-weather|Sandstorm|[upkeep]\n|upkeep\n|turn|3\n|\n|t:|1776719894\n|move|p1a: Empoleon|Yawn|p2a: Hippowdon\n|-start|p2a: Hippowdon|move: Yawn|[of] p1a: Empoleon\n|move|p2a: Hippowdon|Roar|p1a: Empoleon\n|drag|p1a: Hydreigon|Hydreigon, L50, M|100/100\n|\n|-weather|Sandstorm|[upkeep]\n|-damage|p1a: Hydreigon|95/100|[from] Sandstorm\n|upkeep\n|turn|4\n|\n|t:|1776719905\n|switch|p2a: Spiritomb|Spiritomb, L50, F|100/100\n|-damage|p2a: Spiritomb|88/100|[from] Stealth Rock\n|move|p1a: Hydreigon|Draco Meteor|p2a: Spiritomb\n|-damage|p2a: Spiritomb|27/100\n|-unboost|p1a: Hydreigon|spa|2\n|\n|-weather|Sandstorm|[upkeep]\n|-damage|p1a: Hydreigon|89/100|[from] Sandstorm\n|-damage|p2a: Spiritomb|22/100|[from] Sandstorm\n|upkeep\n|turn|5\n|\n|t:|1776719912\n|switch|p1a: Empoleon|Empoleon, L50, M, shiny|100/100\n|move|p2a: Spiritomb|Pain Split|p1a: Empoleon\n|-sethp|p1a: Empoleon|59/100|[from] move: Pain Split|[silent]\n|-sethp|p2a: Spiritomb|72/100|[from] move: Pain Split\n|\n|-weather|Sandstorm|[upkeep]\n|-damage|p2a: Spiritomb|66/100|[from] Sandstorm\n|upkeep\n|turn|6\n|\n|t:|1776719919\n|move|p1a: Empoleon|Flash Cannon|p2a: Spiritomb\n|-damage|p2a: Spiritomb|41/100\n|move|p2a: Spiritomb|Will-O-Wisp|p1a: Empoleon|[miss]\n|-miss|p2a: Spiritomb|p1a: Empoleon\n|\n|-weather|none\n|upkeep\n|turn|7\n|\n|t:|1776719930\n|move|p1a: Empoleon|Flash Cannon|p2a: Spiritomb\n|-damage|p2a: Spiritomb|15/100\n|move|p2a: Spiritomb|Curse|p1a: Empoleon\n|-start|p1a: Empoleon|Curse|[of] p2a: Spiritomb\n|-damage|p2a: Spiritomb|0 fnt\n|faint|p2a: Spiritomb\n|\n|-damage|p1a: Empoleon|35/100|[from] Curse\n|upkeep\n|-enditem|p1a: Empoleon|Sitrus Berry|[eat]\n|-heal|p1a: Empoleon|59/100|[from] item: Sitrus Berry\n|\n|t:|1776719936\n|switch|p2a: Hippowdon|Hippowdon, L50, F|100/100\n|-damage|p2a: Hippowdon|94/100|[from] Stealth Rock\n|-weather|Sandstorm|[from] ability: Sand Stream|[of] p2a: Hippowdon\n|turn|8\n|\n|t:|1776719942\n|move|p1a: Empoleon|Chilling Water|p2a: Hippowdon\n|-supereffective|p2a: Hippowdon|1\n|-damage|p2a: Hippowdon|52/100\n|-unboost|p2a: Hippowdon|atk|1\n|move|p2a: Hippowdon|Body Press|p1a: Empoleon\n|-supereffective|p1a: Empoleon|1\n|-damage|p1a: Empoleon|14/100\n|\n|-weather|Sandstorm|[upkeep]\n|-heal|p2a: Hippowdon|58/100|[from] item: Leftovers\n|-damage|p1a: Empoleon|0 fnt|[from] Curse\n|faint|p1a: Empoleon\n|upkeep\n|\n|t:|1776719947\n|switch|p1a: Hydreigon|Hydreigon, L50, M|89/100\n|turn|9\n|\n|t:|1776719957\n|move|p1a: Hydreigon|Draco Meteor|p2a: Hippowdon\n|-damage|p2a: Hippowdon|0 fnt\n|-unboost|p1a: Hydreigon|spa|2\n|faint|p2a: Hippowdon\n|\n|-weather|Sandstorm|[upkeep]\n|-damage|p1a: Hydreigon|83/100|[from] Sandstorm\n|upkeep\n|\n|t:|1776719960\n|switch|p2a: Excadrill|Excadrill, L50, F|100/100\n|-damage|p2a: Excadrill|98/100|[from] Stealth Rock\n|turn|10\n|\n|t:|1776719965\n|switch|p1a: Corviknight|Corviknight, L50, F|100/100\n|-ability|p1a: Corviknight|Pressure\n|move|p2a: Excadrill|Iron Head|p1a: Corviknight\n|-resisted|p1a: Corviknight|1\n|-damage|p1a: Corviknight|83/100\n|\n|-weather|Sandstorm|[upkeep]\n|-heal|p1a: Corviknight|89/100|[from] item: Leftovers\n|upkeep\n|turn|11\n|\n|t:|1776719973\n|move|p2a: Excadrill|Iron Head|p1a: Corviknight\n|-resisted|p1a: Corviknight|1\n|-damage|p1a: Corviknight|70/100\n|move|p1a: Corviknight|Iron Defense|p1a: Corviknight\n|-boost|p1a: Corviknight|def|2\n|\n|-weather|Sandstorm|[upkeep]\n|-heal|p1a: Corviknight|76/100|[from] item: Leftovers\n|upkeep\n|turn|12\n|\n|t:|1776719981\n|move|p2a: Excadrill|Iron Head|p1a: Corviknight\n|-resisted|p1a: Corviknight|1\n|-damage|p1a: Corviknight|67/100\n|move|p1a: Corviknight|Body Press|p2a: Excadrill\n|-supereffective|p2a: Excadrill|1\n|-damage|p2a: Excadrill|0 fnt\n|faint|p2a: Excadrill\n|\n|win|ShinyHaunter05\n|raw|ShinyHaunter05's rating: 1049 &rarr; <strong>1082</strong><br />(+33 for winning)\n|raw|djxux's rating: 1049 &rarr; <strong>1032</strong><br />(-17 for losing)\n|l|\u2606djxux\n|player|p2|\n",
  "uploadtime": 1776719989,
  "views": 2,
  "formatid": "gen9championsbssregma",
  "rating": 1032,
  "private": 0,
  "password": null
}