{
  "id": "gen9championsbssregma-2586897898",
  "format": "[Gen 9 Champions] BSS Reg M-A",
  "players": [
    "hijanu",
    "OJ32"
  ],
  "log": "|j|\u2606hijanu\n|j|\u2606OJ32\n|t:|1776469709\n|gametype|singles\n|player|p1|hijanu|hilbert-wonderlauncher|1022\n|player|p2|OJ32|102|1050\n|gen|9\n|tier|[Gen 9 Champions] BSS Reg M-A\n|rated|\n|rule|Species Clause: Limit one of each Pok\u00e9mon\n|rule|Item Clause: Limit 1 of each item\n|clearpoke\n|poke|p1|Corviknight, L50, F|\n|poke|p1|Furfrou, L50, M|\n|poke|p1|Ceruledge, L50, M|\n|poke|p1|Hawlucha, L50, F|\n|poke|p1|Rotom-Wash, L50|\n|poke|p1|Torterra, L50, F|\n|poke|p2|Ceruledge, L50, M|\n|poke|p2|Glimmora, L50, F|\n|poke|p2|Meganium, L50, F|\n|poke|p2|Sneasler, L50, M|\n|poke|p2|Talonflame, L50, M|\n|poke|p2|Primarina, L50, M|\n|teampreview|3\n|inactive|Battle timer is ON: inactive players will automatically lose when time's up. (requested by OJ32)\n|inactive|OJ32 has 60 seconds left.\n|\n|t:|1776469743\n|teamsize|p1|3\n|teamsize|p2|3\n|start\n|switch|p1a: Rotom|Rotom-Wash, L50|100/100\n|switch|p2a: Ceruledge|Ceruledge, L50, M|100/100\n|turn|1\n|\n|t:|1776469750\n|switch|p2a: Meganium|Meganium, L50, F|100/100\n|move|p1a: Rotom|Hydro Pump|p2a: Meganium\n|-resisted|p2a: Meganium|1\n|-damage|p2a: Meganium|75/100\n|\n|upkeep\n|turn|2\n|\n|t:|1776469760\n|switch|p1a: Hawlucha|Hawlucha, L50, F|100/100\n|detailschange|p2a: Meganium|Meganium-Mega, L50, F\n|-mega|p2a: Meganium|Meganium|Meganiumite\n|move|p2a: Meganium|Solar Beam||[still]\n|-prepare|p2a: Meganium|Solar Beam\n|-activate|p2a: Meganium|ability: Mega Sol\n|-anim|p2a: Meganium|Solar Beam|p1a: Hawlucha\n|-resisted|p1a: Hawlucha|1\n|-damage|p1a: Hawlucha|35/100\n|\n|upkeep\n|turn|3\n|\n|t:|1776469782\n|detailschange|p1a: Hawlucha|Hawlucha-Mega, L50, F\n|-mega|p1a: Hawlucha|Hawlucha|Hawluchanite\n|move|p1a: Hawlucha|Brave Bird|p2a: Meganium\n|-supereffective|p2a: Meganium|1\n|-crit|p2a: Meganium\n|-damage|p2a: Meganium|0 fnt\n|faint|p2a: Meganium\n|-damage|p1a: Hawlucha|5/100|[from] Recoil\n|\n|upkeep\n|\n|t:|1776469786\n|switch|p2a: Ceruledge|Ceruledge, L50, M|100/100\n|turn|4\n|\n|t:|1776469794\n|move|p1a: Hawlucha|Brave Bird|p2a: Ceruledge\n|-enditem|p2a: Ceruledge|Focus Sash\n|-damage|p2a: Ceruledge|1/100\n|-ability|p2a: Ceruledge|Weak Armor|boost\n|-unboost|p2a: Ceruledge|def|1\n|-boost|p2a: Ceruledge|spe|2\n|-damage|p1a: Hawlucha|0 fnt|[from] Recoil\n|faint|p1a: Hawlucha\n|move|p2a: Ceruledge|Swords Dance|p2a: Ceruledge\n|-boost|p2a: Ceruledge|atk|2\n|\n|upkeep\n|\n|t:|1776469807\n|switch|p1a: Furfrou|Furfrou, L50, M|100/100\n|turn|5\n|\n|t:|1776469812\n|move|p1a: Furfrou|Sucker Punch|p2a: Ceruledge\n|-supereffective|p2a: Ceruledge|1\n|-damage|p2a: Ceruledge|0 fnt\n|faint|p2a: Ceruledge\n|\n|upkeep\n|\n|t:|1776469813\n|switch|p2a: Sneasler|Sneasler, L50, M|100/100\n|turn|6\n|\n|t:|1776469823\n|move|p2a: Sneasler|Swords Dance|p2a: Sneasler\n|-boost|p2a: Sneasler|atk|2\n|move|p1a: Furfrou|Cotton Guard|p1a: Furfrou\n|-boost|p1a: Furfrou|def|3\n|\n|upkeep\n|turn|7\n|\n|t:|1776469836\n|move|p2a: Sneasler|Swords Dance|p2a: Sneasler\n|-boost|p2a: Sneasler|atk|2\n|move|p1a: Furfrou|Cotton Guard|p1a: Furfrou\n|-boost|p1a: Furfrou|def|3\n|\n|upkeep\n|turn|8\n|\n|t:|1776469843\n|move|p2a: Sneasler|Close Combat|p1a: Furfrou\n|-supereffective|p1a: Furfrou|1\n|-damage|p1a: Furfrou|25/100\n|-unboost|p2a: Sneasler|def|1\n|-unboost|p2a: Sneasler|spd|1\n|-enditem|p2a: Sneasler|White Herb\n|-clearnegativeboost|p2a: Sneasler|[silent]\n|move|p1a: Furfrou|Thunder Wave|p2a: Sneasler\n|-status|p2a: Sneasler|par\n|\n|-heal|p1a: Furfrou|31/100|[from] item: Leftovers\n|upkeep\n|turn|9\n|\n|t:|1776469856\n|move|p1a: Furfrou|Sucker Punch|p2a: Sneasler\n|-resisted|p2a: Sneasler|1\n|-damage|p2a: Sneasler|83/100 par\n|move|p2a: Sneasler|Close Combat|p1a: Furfrou\n|-supereffective|p1a: Furfrou|1\n|-damage|p1a: Furfrou|0 fnt\n|-unboost|p2a: Sneasler|def|1\n|-unboost|p2a: Sneasler|spd|1\n|faint|p1a: Furfrou\n|\n|upkeep\n|\n|t:|1776469866\n|switch|p1a: Rotom|Rotom-Wash, L50|100/100\n|turn|10\n|\n|t:|1776469873\n|move|p2a: Sneasler|Close Combat|p1a: Rotom\n|-damage|p1a: Rotom|0 fnt\n|-unboost|p2a: Sneasler|def|1\n|-unboost|p2a: Sneasler|spd|1\n|faint|p1a: Rotom\n|\n|win|OJ32\n|raw|hijanu's rating: 1022 &rarr; <strong>1010</strong><br />(-12 for losing)\n|raw|OJ32's rating: 1050 &rarr; <strong>1080</strong><br />(+30 for winning)\n",
  "uploadtime": 1776469873,
  "views": 5,
  "formatid": "gen9championsbssregma",
  "rating": 1010,
  "private": 0,
  "password": null
}