{
  "id": "gen9championsbssregma-2580826026",
  "format": "[Gen 9 Champions] BSS Reg M-A",
  "players": [
    "Red Sinnoh",
    "wuhyun"
  ],
  "log": "|j|\u2606Red Sinnoh\n|j|\u2606wuhyun\n|t:|1775935603\n|gametype|singles\n|player|p1|Red Sinnoh|veteran|1201\n|player|p2|wuhyun|caitlin-masters|1083\n|gen|9\n|tier|[Gen 9 Champions] BSS Reg M-A\n|rated|\n|rule|Species Clause: Limit one of each Pok\u00e9mon\n|rule|Item Clause: Limit 1 of each item\n|clearpoke\n|poke|p1|Aerodactyl, L50, M|\n|poke|p1|Simipour, L50, F|\n|poke|p1|Simisear, L50, M|\n|poke|p1|Simisage, L50, F|\n|poke|p1|Hippowdon, L50, F|\n|poke|p1|Rotom-Fan, L50|\n|poke|p2|Hatterene, L50, F|\n|poke|p2|Farigiraf, L50, M|\n|poke|p2|Blastoise, L50, F|\n|poke|p2|Alakazam, L50, F|\n|poke|p2|Volcarona, L50, M|\n|poke|p2|Sneasler, L50, M|\n|teampreview|3\n|inactive|Battle timer is ON: inactive players will automatically lose when time's up. (requested by wuhyun)\n|inactive|wuhyun has 60 seconds left.\n|\n|t:|1775935636\n|teamsize|p1|3\n|teamsize|p2|3\n|start\n|switch|p1a: Hippowdon|Hippowdon, L50, F, shiny|100/100\n|switch|p2a: Hatterene|Hatterene, L50, F|100/100\n|-weather|Sandstorm|[from] ability: Sand Stream|[of] p1a: Hippowdon\n|turn|1\n|\n|t:|1775935649\n|move|p1a: Hippowdon|Yawn|p2a: Hatterene\n|move|p2a: Hatterene|Yawn|p1a: Hippowdon|[from] ability: Magic Bounce\n|-start|p1a: Hippowdon|move: Yawn|[of] p2a: Hatterene\n|move|p2a: Hatterene|Psychic Terrain|p2a: Hatterene\n|-fieldstart|move: Psychic Terrain\n|\n|-weather|Sandstorm|[upkeep]\n|-damage|p2a: Hatterene|94/100|[from] Sandstorm\n|upkeep\n|turn|2\n|\n|t:|1775935654\n|switch|p1a: Aerodactyl|Aerodactyl, L50, M, shiny|100/100\n|move|p2a: Hatterene|Calm Mind|p2a: Hatterene\n|-boost|p2a: Hatterene|spa|1\n|-boost|p2a: Hatterene|spd|1\n|\n|-weather|Sandstorm|[upkeep]\n|-damage|p2a: Hatterene|88/100|[from] Sandstorm\n|upkeep\n|turn|3\n|\n|t:|1775935659\n|detailschange|p1a: Aerodactyl|Aerodactyl-Mega, L50, M, shiny\n|-mega|p1a: Aerodactyl|Aerodactyl|Aerodactylite\n|move|p1a: Aerodactyl|Stone Edge|p2a: Hatterene\n|-damage|p2a: Hatterene|46/100\n|move|p2a: Hatterene|Baton Pass|p2a: Hatterene\n|\n|t:|1775935663\n|switch|p2a: Alakazam|Alakazam, L50, F|100/100|[from] Baton Pass\n|\n|-weather|Sandstorm|[upkeep]\n|upkeep\n|turn|4\n|\n|t:|1775935669\n|detailschange|p2a: Alakazam|Alakazam-Mega, L50, F\n|-mega|p2a: Alakazam|Alakazam|Alakazite\n|-ability|p2a: Alakazam|Tough Claws|Trace|[from] ability: Trace|[of] p1a: Aerodactyl\n|move|p2a: Alakazam|Expanding Force|p1a: Aerodactyl\n|-damage|p1a: Aerodactyl|0 fnt\n|faint|p1a: Aerodactyl\n|\n|-weather|Sandstorm|[upkeep]\n|-damage|p2a: Alakazam|94/100|[from] Sandstorm\n|upkeep\n|\n|t:|1775935675\n|switch|p1a: Hippowdon|Hippowdon, L50, F, shiny|100/100\n|turn|5\n|\n|t:|1775935679\n|move|p2a: Alakazam|Expanding Force|p1a: Hippowdon\n|-damage|p1a: Hippowdon|0 fnt\n|faint|p1a: Hippowdon\n|\n|-weather|none\n|-fieldend|move: Psychic Terrain\n|upkeep\n|\n|t:|1775935682\n|switch|p1a: Simipour|Simipour, L50, F, shiny|100/100\n|turn|6\n|\n|t:|1775935686\n|move|p2a: Alakazam|Energy Ball|p1a: Simipour\n|-supereffective|p1a: Simipour|1\n|-damage|p1a: Simipour|0 fnt\n|faint|p1a: Simipour\n|\n|win|wuhyun\n|raw|Red Sinnoh's rating: 1201 &rarr; <strong>1168</strong><br />(-33 for losing)\n|raw|wuhyun's rating: 1083 &rarr; <strong>1120</strong><br />(+37 for winning)\n",
  "uploadtime": 1775935689,
  "views": 19,
  "formatid": "gen9championsbssregma",
  "rating": 1120,
  "private": 0,
  "password": null
}