{
  "id": "gen9championsbssregma-2582204456",
  "format": "[Gen 9 Champions] BSS Reg M-A",
  "players": [
    "weakertt",
    "karbain"
  ],
  "log": "|j|\u2606weakertt\n|j|\u2606karbain\n|t:|1776070989\n|gametype|singles\n|player|p1|weakertt|170|1234\n|player|p2|karbain|170|1424\n|gen|9\n|tier|[Gen 9 Champions] BSS Reg M-A\n|rated|\n|rule|Species Clause: Limit one of each Pok\u00e9mon\n|rule|Item Clause: Limit 1 of each item\n|clearpoke\n|poke|p1|Garchomp, L50, M|\n|poke|p1|Azumarill, L50, F|\n|poke|p1|Venusaur, L50, M|\n|poke|p1|Skeledirge, L50, F|\n|poke|p1|Kingambit, L50, M|\n|poke|p1|Dragonite, L50, F|\n|poke|p2|Basculegion, L50, M|\n|poke|p2|Delphox, L50, F|\n|poke|p2|Lopunny, L50, F|\n|poke|p2|Corviknight, L50, F|\n|poke|p2|Bellibolt, L50, M|\n|poke|p2|Garchomp, L50, M|\n|teampreview|3\n|j| p74\n|inactive|Battle timer is ON: inactive players will automatically lose when time's up. (requested by karbain)\n|\n|t:|1776071039\n|teamsize|p1|3\n|teamsize|p2|3\n|start\n|switch|p1a: Azumarill|Azumarill, L50, F|100/100\n|switch|p2a: Delphox|Delphox, L50, F|100/100\n|turn|1\n|\n|t:|1776071047\n|detailschange|p2a: Delphox|Delphox-Mega, L50, F\n|-mega|p2a: Delphox|Delphox|Delphoxite\n|move|p2a: Delphox|Substitute|p2a: Delphox\n|-start|p2a: Delphox|Substitute\n|-damage|p2a: Delphox|76/100\n|move|p1a: Azumarill|Belly Drum|p1a: Azumarill\n|-damage|p1a: Azumarill|50/100\n|-setboost|p1a: Azumarill|atk|6|[from] move: Belly Drum\n|-enditem|p1a: Azumarill|Sitrus Berry|[eat]\n|-heal|p1a: Azumarill|75/100|[from] item: Sitrus Berry\n|\n|upkeep\n|turn|2\n|\n|t:|1776071056\n|move|p1a: Azumarill|Aqua Jet|p2a: Delphox\n|-supereffective|p2a: Delphox|1\n|-end|p2a: Delphox|Substitute\n|move|p2a: Delphox|Encore|p1a: Azumarill\n|-start|p1a: Azumarill|Encore\n|\n|upkeep\n|turn|3\n|\n|t:|1776071062\n|switch|p2a: Corviknight|Corviknight, L50, F|100/100\n|-ability|p2a: Corviknight|Pressure\n|move|p1a: Azumarill|Aqua Jet|p2a: Corviknight\n|-damage|p2a: Corviknight|40/100\n|\n|-heal|p2a: Corviknight|46/100|[from] item: Leftovers\n|upkeep\n|turn|4\n|\n|t:|1776071075\n|move|p1a: Azumarill|Aqua Jet|p2a: Corviknight\n|-damage|p2a: Corviknight|0 fnt\n|faint|p2a: Corviknight\n|\n|upkeep\n|\n|t:|1776071079\n|switch|p2a: Garchomp|Garchomp, L50, M|100/100\n|turn|5\n|\n|t:|1776071082\n|move|p1a: Azumarill|Aqua Jet|p2a: Garchomp\n|-damage|p2a: Garchomp|5/100\n|-damage|p1a: Azumarill|63/100|[from] ability: Rough Skin|[of] p2a: Garchomp\n|move|p2a: Garchomp|Earthquake|p1a: Azumarill\n|-damage|p1a: Azumarill|9/100\n|\n|-end|p1a: Azumarill|Encore\n|upkeep\n|turn|6\n|\n|t:|1776071090\n|move|p1a: Azumarill|Aqua Jet|p2a: Garchomp\n|-damage|p2a: Garchomp|0 fnt\n|-damage|p1a: Azumarill|0 fnt|[from] ability: Rough Skin|[of] p2a: Garchomp\n|faint|p2a: Garchomp\n|faint|p1a: Azumarill\n|\n|upkeep\n|\n|t:|1776071097\n|switch|p2a: Delphox|Delphox-Mega, L50, F|76/100\n|switch|p1a: Skeledirge|Skeledirge, L50, F|100/100\n|turn|7\n|\n|t:|1776071106\n|move|p2a: Delphox|Psyshock|p1a: Skeledirge\n|-damage|p1a: Skeledirge|72/100\n|move|p1a: Skeledirge|Shadow Ball|p2a: Delphox\n|-supereffective|p2a: Delphox|1\n|-damage|p2a: Delphox|16/100\n|\n|-heal|p1a: Skeledirge|78/100|[from] item: Leftovers\n|upkeep\n|turn|8\n|-message|karbain forfeited.\n|\n|win|weakertt\n|raw|weakertt's rating: 1234 &rarr; <strong>1271</strong><br />(+37 for winning)\n|raw|karbain's rating: 1424 &rarr; <strong>1394</strong><br />(-30 for losing)\n|l|\u2606karbain\n|player|p2|\n",
  "uploadtime": 1776071122,
  "views": 8,
  "formatid": "gen9championsbssregma",
  "rating": 1271,
  "private": 0,
  "password": null
}