{
  "id": "gen9championsbssregma-2584261759",
  "format": "[Gen 9 Champions] BSS Reg M-A",
  "players": [
    "fletchyfletchy",
    "aredayoiku"
  ],
  "log": "|j|\u2606fletchyfletchy\n|j|\u2606aredayoiku\n|t:|1776244524\n|gametype|singles\n|player|p1|fletchyfletchy|liko|1174\n|player|p2|aredayoiku|266|1135\n|gen|9\n|tier|[Gen 9 Champions] BSS Reg M-A\n|rated|\n|rule|Species Clause: Limit one of each Pok\u00e9mon\n|rule|Item Clause: Limit 1 of each item\n|clearpoke\n|poke|p1|Lopunny, L50, F|\n|poke|p1|Basculegion, L50, M|\n|poke|p1|Meowscarada, L50, M|\n|poke|p1|Aegislash, L50, F|\n|poke|p1|Charizard, L50, M|\n|poke|p1|Ninetales-Alola, L50, M|\n|poke|p2|Floette-Eternal, L50, F|\n|poke|p2|Delphox, L50, M|\n|poke|p2|Archaludon, L50, F|\n|poke|p2|Kingambit, L50, F|\n|poke|p2|Hippowdon, L50, F|\n|poke|p2|Dragapult, L50, F|\n|teampreview|3\n|\n|t:|1776244560\n|teamsize|p1|3\n|teamsize|p2|3\n|start\n|switch|p1a: Aegislash|Aegislash, L50, F|100/100\n|switch|p2a: Floette|Floette-Eternal, L50, F|100/100\n|turn|1\n|\n|t:|1776244571\n|switch|p2a: Hippowdon|Hippowdon, L50, F|100/100\n|-weather|Sandstorm|[from] ability: Sand Stream|[of] p2a: Hippowdon\n|-formechange|p1a: Aegislash|Aegislash-Blade|\n|move|p1a: Aegislash|Iron Head|p2a: Hippowdon\n|-damage|p2a: Hippowdon|67/100\n|\n|-weather|Sandstorm|[upkeep]\n|upkeep\n|turn|2\n|\n|t:|1776244581\n|switch|p1a: Lopunny|Lopunny, L50, F|100/100\n|move|p2a: Hippowdon|Yawn|p1a: Lopunny\n|-start|p1a: Lopunny|move: Yawn|[of] p2a: Hippowdon\n|\n|-weather|Sandstorm|[upkeep]\n|-damage|p1a: Lopunny|95/100|[from] Sandstorm\n|upkeep\n|turn|3\n|\n|t:|1776244590\n|switch|p1a: Aegislash|Aegislash, L50, F|100/100\n|move|p2a: Hippowdon|Stealth Rock|p1a: Aegislash\n|-sidestart|p1: fletchyfletchy|move: Stealth Rock\n|\n|-weather|Sandstorm|[upkeep]\n|upkeep\n|turn|4\n|\n|t:|1776244604\n|-formechange|p1a: Aegislash|Aegislash-Blade|\n|move|p1a: Aegislash|Iron Head|p2a: Hippowdon\n|-damage|p2a: Hippowdon|34/100\n|-enditem|p2a: Hippowdon|Sitrus Berry|[eat]\n|-heal|p2a: Hippowdon|59/100|[from] item: Sitrus Berry\n|move|p2a: Hippowdon|Yawn|p1a: Aegislash\n|-start|p1a: Aegislash|move: Yawn|[of] p2a: Hippowdon\n|\n|-weather|Sandstorm|[upkeep]\n|upkeep\n|turn|5\n|\n|t:|1776244616\n|switch|p1a: Lopunny|Lopunny, L50, F|95/100\n|-damage|p1a: Lopunny|83/100|[from] Stealth Rock\n|move|p2a: Hippowdon|Yawn|p1a: Lopunny\n|-start|p1a: Lopunny|move: Yawn|[of] p2a: Hippowdon\n|\n|-weather|none\n|upkeep\n|turn|6\n|\n|t:|1776244625\n|detailschange|p1a: Lopunny|Lopunny-Mega, L50, F\n|-mega|p1a: Lopunny|Lopunny|Lopunnite\n|move|p1a: Lopunny|Triple Axel|p2a: Hippowdon\n|-supereffective|p2a: Hippowdon|1\n|-damage|p2a: Hippowdon|48/100\n|-supereffective|p2a: Hippowdon|1\n|-damage|p2a: Hippowdon|27/100\n|-supereffective|p2a: Hippowdon|1\n|-damage|p2a: Hippowdon|0 fnt\n|faint|p2a: Hippowdon\n|-hitcount|p2: Hippowdon|3\n|\n|-end|p1a: Lopunny|move: Yawn|[silent]\n|-status|p1a: Lopunny|slp\n|upkeep\n|\n|t:|1776244627\n|switch|p2a: Floette|Floette-Eternal, L50, F|100/100\n|turn|7\n|\n|t:|1776244637\n|switch|p1a: Aegislash|Aegislash, L50, F|100/100\n|-damage|p1a: Aegislash|95/100|[from] Stealth Rock\n|switch|p2a: Dragapult|Dragapult, L50, F|100/100\n|\n|-heal|p1a: Aegislash|100/100|[from] item: Leftovers\n|upkeep\n|turn|8\n|\n|t:|1776244640\n|move|p2a: Dragapult|Shadow Ball|p1a: Aegislash\n|-supereffective|p1a: Aegislash|1\n|-damage|p1a: Aegislash|42/100\n|move|p1a: Aegislash|Swords Dance|p1a: Aegislash\n|-boost|p1a: Aegislash|atk|2\n|\n|-heal|p1a: Aegislash|48/100|[from] item: Leftovers\n|upkeep\n|turn|9\n|\n|t:|1776244645\n|-formechange|p1a: Aegislash|Aegislash-Blade|\n|move|p1a: Aegislash|Shadow Sneak|p2a: Dragapult\n|-supereffective|p2a: Dragapult|1\n|-enditem|p2a: Dragapult|Focus Sash\n|-damage|p2a: Dragapult|1/100\n|move|p2a: Dragapult|Shadow Ball|p1a: Aegislash\n|-supereffective|p1a: Aegislash|1\n|-damage|p1a: Aegislash|0 fnt\n|faint|p1a: Aegislash\n|\n|upkeep\n|\n|t:|1776244658\n|switch|p1a: Basculegion|Basculegion, L50, M|100/100\n|-damage|p1a: Basculegion|88/100|[from] Stealth Rock\n|turn|10\n|\n|t:|1776244665\n|move|p1a: Basculegion|Flip Turn|p2a: Dragapult\n|-resisted|p2a: Dragapult|1\n|-damage|p2a: Dragapult|0 fnt\n|faint|p2a: Dragapult\n|\n|t:|1776244668\n|switch|p1a: Lopunny|Lopunny-Mega, L50, F|83/100 slp|[from] Flip Turn\n|-damage|p1a: Lopunny|77/100 slp|[from] Stealth Rock\n|\n|upkeep\n|\n|t:|1776244669\n|switch|p2a: Floette|Floette-Eternal, L50, F|100/100\n|turn|11\n|\n|t:|1776244677\n|detailschange|p2a: Floette|Floette-Mega, L50, F\n|-mega|p2a: Floette|Floette|Floettite\n|-ability|p2a: Floette|Fairy Aura\n|cant|p1a: Lopunny|slp\n|move|p2a: Floette|Substitute|p2a: Floette\n|-start|p2a: Floette|Substitute\n|-damage|p2a: Floette|76/100\n|\n|upkeep\n|turn|12\n|\n|t:|1776244682\n|cant|p1a: Lopunny|slp\n|move|p2a: Floette|Draining Kiss|p1a: Lopunny\n|-supereffective|p1a: Lopunny|1\n|-damage|p1a: Lopunny|0 fnt\n|-heal|p2a: Floette|100/100|[from] drain|[of] p1a: Lopunny\n|faint|p1a: Lopunny\n|\n|upkeep\n|\n|t:|1776244684\n|switch|p1a: Basculegion|Basculegion, L50, M|88/100\n|-damage|p1a: Basculegion|76/100|[from] Stealth Rock\n|turn|13\n|\n|t:|1776244686\n|move|p1a: Basculegion|Last Respects|p2a: Floette\n|-end|p2a: Floette|Substitute\n|move|p2a: Floette|Draining Kiss|p1a: Basculegion\n|-damage|p1a: Basculegion|35/100\n|\n|upkeep\n|turn|14\n|\n|t:|1776244692\n|move|p1a: Basculegion|Last Respects|p2a: Floette\n|-crit|p2a: Floette\n|-damage|p2a: Floette|0 fnt\n|faint|p2a: Floette\n|\n|win|fletchyfletchy\n|raw|fletchyfletchy's rating: 1174 &rarr; <strong>1196</strong><br />(+22 for winning)\n|raw|aredayoiku's rating: 1135 &rarr; <strong>1113</strong><br />(-22 for losing)\n",
  "uploadtime": 1776244692,
  "views": 7,
  "formatid": "gen9championsbssregma",
  "rating": 1113,
  "private": 0,
  "password": null
}