{
  "id": "gen9championsbssregma-2580964483",
  "format": "[Gen 9 Champions] BSS Reg M-A",
  "players": [
    "sheepie_sheep",
    "DerpySuX"
  ],
  "log": "|j|\u2606sheepie_sheep\n|j|\u2606DerpySuX\n|inactive|Battle timer is ON: inactive players will automatically lose when time's up.\n|t:|1775947240\n|gametype|singles\n|player|p1|sheepie_sheep|jasmine-masters2|\n|player|p2|DerpySuX|#derpysux|\n|gen|9\n|tier|[Gen 9 Champions] BSS Reg M-A\n|rated|Tournament battle\n|rule|Species Clause: Limit one of each Pok\u00e9mon\n|rule|Item Clause: Limit 1 of each item\n|clearpoke\n|poke|p1|Starmie, L50|\n|poke|p1|Dragapult, L50, F|\n|poke|p1|Corviknight, L50, M|\n|poke|p1|Meganium, L50, M|\n|poke|p1|Volcarona, L50, F|\n|poke|p1|Slowking-Galar, L50, M|\n|poke|p2|Charizard, L50, M|\n|poke|p2|Hippowdon, L50, M|\n|poke|p2|Primarina, L50, F|\n|poke|p2|Meowscarada, L50, F|\n|poke|p2|Sneasler, L50, F|\n|poke|p2|Starmie, L50|\n|teampreview|3\n|inactive|DerpySuX also wants the timer to be on.\n|j|%The Squash\n|j| Thingmaster\n|c|\u2606DerpySuX|hf\n|c|\u2606sheepie_sheep|u2\n|\n|t:|1775947261\n|teamsize|p1|3\n|teamsize|p2|3\n|start\n|switch|p1a: Starmie|Starmie, L50|100/100\n|switch|p2a: Meowscarada|Meowscarada, L50, F|100/100\n|turn|1\n|\n|t:|1775947267\n|switch|p1a: Corviknight|Corviknight, L50, M|100/100\n|-ability|p1a: Corviknight|Pressure\n|move|p2a: Meowscarada|U-turn|p1a: Corviknight\n|-start|p2a: Meowscarada|typechange|Bug|[from] ability: Protean\n|-resisted|p1a: Corviknight|2\n|-damage|p1a: Corviknight|95/100\n|\n|t:|1775947269\n|switch|p2a: Charizard|Charizard, L50, M|100/100|[from] U-turn\n|\n|-heal|p1a: Corviknight|100/100|[from] item: Leftovers\n|upkeep\n|turn|2\n|\n|t:|1775947275\n|switch|p1a: Slowking|Slowking-Galar, L50, M|100/100\n|detailschange|p2a: Charizard|Charizard-Mega-Y, L50, M\n|-mega|p2a: Charizard|Charizard|Charizardite Y\n|-weather|SunnyDay|[from] ability: Drought|[of] p2a: Charizard\n|move|p2a: Charizard|Flame Charge|p1a: Slowking\n|-damage|p1a: Slowking|74/100\n|-boost|p2a: Charizard|spe|1\n|\n|-weather|SunnyDay|[upkeep]\n|upkeep\n|turn|3\n|\n|t:|1775947282\n|move|p2a: Charizard|Flamethrower|p1a: Slowking\n|-damage|p1a: Slowking|26/100\n|move|p1a: Slowking|Thunder Wave|p2a: Charizard\n|-status|p2a: Charizard|par\n|\n|-weather|SunnyDay|[upkeep]\n|upkeep\n|turn|4\n|\n|t:|1775947288\n|cant|p2a: Charizard|par\n|move|p1a: Slowking|Sludge Bomb|p2a: Charizard\n|-damage|p2a: Charizard|67/100 par\n|\n|-weather|SunnyDay|[upkeep]\n|upkeep\n|turn|5\n|\n|t:|1775947292\n|cant|p2a: Charizard|par\n|-prepare|p1a: Slowking|Chilly Reception|[premajor]\n|move|p1a: Slowking|Chilly Reception|p1a: Slowking\n|-weather|Snowscape\n|\n|t:|1775947295\n|switch|p1a: Starmie|Starmie, L50|100/100|[from] Chilly Reception\n|\n|-weather|Snowscape|[upkeep]\n|upkeep\n|turn|6\n|\n|t:|1775947299\n|switch|p2a: Sneasler|Sneasler, L50, F|100/100\n|detailschange|p1a: Starmie|Starmie-Mega, L50\n|-mega|p1a: Starmie|Starmie|Starminite\n|move|p1a: Starmie|Flip Turn|p2a: Sneasler\n|-damage|p2a: Sneasler|3/100\n|c|\u2606sheepie_sheep|good turns\n|\n|t:|1775947303\n|switch|p1a: Corviknight|Corviknight, L50, M|100/100|[from] Flip Turn\n|-ability|p1a: Corviknight|Pressure\n|\n|-weather|Snowscape|[upkeep]\n|upkeep\n|turn|7\n|\n|t:|1775947306\n|move|p2a: Sneasler|Close Combat|p1a: Corviknight\n|-damage|p1a: Corviknight|56/100\n|-unboost|p2a: Sneasler|def|1\n|-unboost|p2a: Sneasler|spd|1\n|move|p1a: Corviknight|U-turn|p2a: Sneasler\n|-resisted|p2a: Sneasler|2\n|-damage|p2a: Sneasler|0 fnt\n|faint|p2a: Sneasler\n|\n|t:|1775947310\n|switch|p1a: Starmie|Starmie-Mega, L50|100/100|[from] U-turn\n|\n|-weather|Snowscape|[upkeep]\n|upkeep\n|\n|t:|1775947312\n|switch|p2a: Meowscarada|Meowscarada, L50, F|100/100\n|turn|8\n|\n|t:|1775947315\n|switch|p1a: Corviknight|Corviknight, L50, M|56/100\n|-ability|p1a: Corviknight|Pressure\n|move|p2a: Meowscarada|Knock Off|p1a: Corviknight\n|-start|p2a: Meowscarada|typechange|Dark|[from] ability: Protean\n|-damage|p1a: Corviknight|23/100\n|-enditem|p1a: Corviknight|Leftovers|[from] move: Knock Off|[of] p2a: Meowscarada\n|\n|-weather|Snowscape|[upkeep]\n|upkeep\n|turn|9\n|\n|t:|1775947321\n|move|p2a: Meowscarada|Knock Off|p1a: Corviknight\n|-crit|p1a: Corviknight\n|-damage|p1a: Corviknight|0 fnt\n|faint|p1a: Corviknight\n|\n|-weather|none\n|upkeep\n|\n|t:|1775947325\n|switch|p1a: Slowking|Slowking-Galar, L50, M|59/100\n|turn|10\n|\n|t:|1775947327\n|move|p2a: Meowscarada|Knock Off|p1a: Slowking\n|-supereffective|p1a: Slowking|1\n|-crit|p1a: Slowking\n|-enditem|p1a: Slowking|Colbur Berry|[eat]\n|-enditem|p1a: Slowking|Colbur Berry|[weaken]\n|-damage|p1a: Slowking|0 fnt\n|faint|p1a: Slowking\n|\n|upkeep\n|c|\u2606sheepie_sheep|._.\n|c|\u2606sheepie_sheep|both of them matter LOL\n|c|\u2606DerpySuX|deserved for the double para\n|c|\u2606DerpySuX|:3\n|c|\u2606sheepie_sheep|ehhhh\n|c|\u2606sheepie_sheep|gg\n|inactive|sheepie_sheep has 30 seconds left.\n|c|\u2606sheepie_sheep|this format so ahh\n|c|\u2606DerpySuX|that\u2019s 1/8 2x\n|-message|sheepie_sheep forfeited.\n|\n|win|DerpySuX\n|n|\u2606sheepie_sheep|sheepiesheep\n|n|\u2606DerpySuX|derpysux\n|n| The Squash|thesquash\n|n| Thingmaster|thingmaster\n|c|\u2606DerpySuX|gg\n|l| Thingmaster\n|l|\u2606sheepie_sheep\n|player|p1|\n|l| The Squash\n",
  "uploadtime": 1775947355,
  "views": 65,
  "formatid": "gen9championsbssregma",
  "rating": null,
  "private": 0,
  "password": null
}