{
  "id": "gen9championsbssregma-2585491345",
  "format": "[Gen 9 Champions] BSS Reg M-A",
  "players": [
    "BBBKTY",
    "Clown IRL"
  ],
  "log": "|j|\u2606BBBKTY\n|j|\u2606Clown IRL\n|t:|1776351113\n|gametype|singles\n|player|p1|BBBKTY|265|1220\n|player|p2|Clown IRL|harlequin|1280\n|gen|9\n|tier|[Gen 9 Champions] BSS Reg M-A\n|rated|\n|rule|Species Clause: Limit one of each Pok\u00e9mon\n|rule|Item Clause: Limit 1 of each item\n|clearpoke\n|poke|p1|Dragapult, L50, M|\n|poke|p1|Alakazam, L50, F|\n|poke|p1|Azumarill, L50, F|\n|poke|p1|Clefable, L50, M|\n|poke|p1|Espathra, L50, M|\n|poke|p1|Glimmora, L50, M|\n|poke|p2|Starmie, L50|\n|poke|p2|Pelipper, L50, F|\n|poke|p2|Kleavor, L50, F|\n|poke|p2|Hydreigon, L50, F|\n|poke|p2|Toxapex, L50, M|\n|poke|p2|Aggron, L50, F|\n|teampreview|3\n|inactive|Battle timer is ON: inactive players will automatically lose when time's up. (requested by BBBKTY)\n|\n|t:|1776351129\n|teamsize|p1|3\n|teamsize|p2|3\n|start\n|switch|p1a: Glimmora|Glimmora, L50, M|100/100\n|switch|p2a: Kleavor|Kleavor, L50, F|100/100\n|turn|1\n|\n|t:|1776351135\n|move|p1a: Glimmora|Stealth Rock|p2a: Kleavor\n|-sidestart|p2: Clown IRL|move: Stealth Rock\n|move|p2a: Kleavor|Stone Axe|p1a: Glimmora\n|-damage|p1a: Glimmora|44/100\n|-activate|p1a: Glimmora|ability: Toxic Debris\n|-sidestart|p2: Clown IRL|move: Toxic Spikes\n|-sidestart|p1: BBBKTY|move: Stealth Rock\n|\n|upkeep\n|turn|2\n|\n|t:|1776351140\n|move|p1a: Glimmora|Earth Power|p2a: Kleavor\n|-damage|p2a: Kleavor|68/100\n|move|p2a: Kleavor|X-Scissor|p1a: Glimmora\n|-resisted|p1a: Glimmora|1\n|-damage|p1a: Glimmora|12/100\n|-activate|p1a: Glimmora|ability: Toxic Debris\n|-sidestart|p2: Clown IRL|move: Toxic Spikes\n|\n|upkeep\n|turn|3\n|\n|t:|1776351144\n|move|p1a: Glimmora|Mortal Spin|p2a: Kleavor\n|-resisted|p2a: Kleavor|1\n|-damage|p2a: Kleavor|64/100\n|-status|p2a: Kleavor|psn\n|-sideend|p1: BBBKTY|Stealth Rock|[from] move: Mortal Spin|[of] p1a: Glimmora\n|move|p2a: Kleavor|X-Scissor|p1a: Glimmora\n|-resisted|p1a: Glimmora|1\n|-damage|p1a: Glimmora|0 fnt\n|faint|p1a: Glimmora\n|\n|-damage|p2a: Kleavor|52/100 psn|[from] psn\n|upkeep\n|\n|t:|1776351149\n|switch|p1a: Espathra|Espathra, L50, M, shiny|100/100\n|turn|4\n|\n|t:|1776351151\n|move|p1a: Espathra|Protect|p1a: Espathra\n|-singleturn|p1a: Espathra|Protect\n|move|p2a: Kleavor|Stone Axe|p1a: Espathra\n|-activate|p1a: Espathra|move: Protect\n|\n|-damage|p2a: Kleavor|39/100 psn|[from] psn\n|-ability|p1a: Espathra|Speed Boost|boost\n|-boost|p1a: Espathra|spe|1\n|upkeep\n|turn|5\n|\n|t:|1776351159\n|move|p1a: Espathra|Calm Mind|p1a: Espathra\n|-boost|p1a: Espathra|spa|1\n|-boost|p1a: Espathra|spd|1\n|move|p2a: Kleavor|X-Scissor|p1a: Espathra\n|-supereffective|p1a: Espathra|1\n|-damage|p1a: Espathra|0 fnt\n|faint|p1a: Espathra\n|\n|-damage|p2a: Kleavor|27/100 psn|[from] psn\n|upkeep\n|\n|t:|1776351162\n|switch|p1a: Clefable|Clefable, L50, M, shiny|100/100\n|turn|6\n|\n|t:|1776351166\n|detailschange|p1a: Clefable|Clefable-Mega, L50, M, shiny\n|-mega|p1a: Clefable|Clefable|Clefablite\n|move|p2a: Kleavor|U-turn|p1a: Clefable\n|-resisted|p1a: Clefable|2\n|-damage|p1a: Clefable|92/100\n|\n|t:|1776351169\n|switch|p2a: Aggron|Aggron, L50, F|100/100|[from] U-turn\n|-damage|p2a: Aggron|94/100|[from] Stealth Rock\n|move|p1a: Clefable|Cosmic Power|p1a: Clefable\n|-boost|p1a: Clefable|def|1\n|-boost|p1a: Clefable|spd|1\n|\n|upkeep\n|turn|7\n|\n|t:|1776351174\n|detailschange|p2a: Aggron|Aggron-Mega, L50, F\n|-mega|p2a: Aggron|Aggron|Aggronite\n|move|p1a: Clefable|Cosmic Power|p1a: Clefable\n|-boost|p1a: Clefable|def|1\n|-boost|p1a: Clefable|spd|1\n|move|p2a: Aggron|Heavy Slam|p1a: Clefable\n|-supereffective|p1a: Clefable|1\n|-damage|p1a: Clefable|40/100\n|\n|upkeep\n|turn|8\n|\n|t:|1776351184\n|move|p1a: Clefable|Moonlight|p1a: Clefable\n|-heal|p1a: Clefable|90/100\n|move|p2a: Aggron|Heavy Slam|p1a: Clefable\n|-supereffective|p1a: Clefable|1\n|-damage|p1a: Clefable|38/100\n|\n|upkeep\n|turn|9\n|\n|t:|1776351191\n|move|p1a: Clefable|Moonlight|p1a: Clefable\n|-heal|p1a: Clefable|88/100\n|move|p2a: Aggron|Heavy Slam|p1a: Clefable\n|-supereffective|p1a: Clefable|1\n|-damage|p1a: Clefable|42/100\n|\n|upkeep\n|turn|10\n|\n|t:|1776351197\n|move|p1a: Clefable|Cosmic Power|p1a: Clefable\n|-boost|p1a: Clefable|def|1\n|-boost|p1a: Clefable|spd|1\n|move|p2a: Aggron|Heavy Slam|p1a: Clefable\n|-supereffective|p1a: Clefable|1\n|-damage|p1a: Clefable|3/100\n|\n|upkeep\n|turn|11\n|inactive|Clown IRL has 30 seconds left.\n|inactive|Clown IRL has 20 seconds left.\n|\n|t:|1776351234\n|move|p1a: Clefable|Moonlight|p1a: Clefable\n|-heal|p1a: Clefable|53/100\n|move|p2a: Aggron|Heavy Slam|p1a: Clefable\n|-supereffective|p1a: Clefable|1\n|-damage|p1a: Clefable|13/100\n|\n|upkeep\n|turn|12\n|l|\u2606BBBKTY\n|inactive|BBBKTY disconnected and has a minute to reconnect!\n|player|p1|\n|j|\u2606BBBKTY\n|inactive|BBBKTY reconnected and has 35 seconds left.\n|player|p1|BBBKTY|265|\n|inactive|BBBKTY has 30 seconds left.\n|c|\u2606Clown IRL|\"Oh no my stall has been stalled out!!!\"\n|\n|t:|1776351265\n|move|p1a: Clefable|Moonlight|p1a: Clefable\n|-heal|p1a: Clefable|63/100\n|move|p2a: Aggron|Heavy Slam|p1a: Clefable\n|-supereffective|p1a: Clefable|1\n|-damage|p1a: Clefable|21/100\n|\n|upkeep\n|turn|13\n|\n|t:|1776351271\n|move|p1a: Clefable|Moonlight|p1a: Clefable\n|-heal|p1a: Clefable|71/100\n|move|p2a: Aggron|Heavy Slam|p1a: Clefable\n|-supereffective|p1a: Clefable|1\n|-damage|p1a: Clefable|33/100\n|\n|upkeep\n|turn|14\n|\n|t:|1776351278\n|move|p1a: Clefable|Cosmic Power|p1a: Clefable\n|-boost|p1a: Clefable|def|1\n|-boost|p1a: Clefable|spd|1\n|move|p2a: Aggron|Heavy Slam|p1a: Clefable\n|-supereffective|p1a: Clefable|1\n|-damage|p1a: Clefable|0 fnt\n|faint|p1a: Clefable\n|\n|win|Clown IRL\n|raw|BBBKTY's rating: 1220 &rarr; <strong>1199</strong><br />(-21 for losing)\n|raw|Clown IRL's rating: 1280 &rarr; <strong>1301</strong><br />(+21 for winning)\n|c|\u2606Clown IRL|GG\n",
  "uploadtime": 1776351285,
  "views": 11,
  "formatid": "gen9championsbssregma",
  "rating": 1199,
  "private": 0,
  "password": null
}