{
  "id": "gen9championsbssregma-2584255042",
  "format": "[Gen 9 Champions] BSS Reg M-A",
  "players": [
    "ashkecher",
    "joguri"
  ],
  "log": "|j|\u2606ashkecher\n|j|\u2606joguri\n|t:|1776243763\n|gametype|singles\n|player|p1|ashkecher|oleana|1081\n|player|p2|joguri|lass-gen4dp|1186\n|gen|9\n|tier|[Gen 9 Champions] BSS Reg M-A\n|rated|\n|rule|Species Clause: Limit one of each Pok\u00e9mon\n|rule|Item Clause: Limit 1 of each item\n|clearpoke\n|poke|p1|Orthworm, L50, M|\n|poke|p1|Primarina, L50, F|\n|poke|p1|Starmie, L50|\n|poke|p1|Lucario, L50, M|\n|poke|p1|Dragapult, L50, F|\n|poke|p1|Arcanine-Hisui, L50, F|\n|poke|p2|Pelipper, L50, F|\n|poke|p2|Basculegion, L50, M|\n|poke|p2|Archaludon, L50, M|\n|poke|p2|Meganium, L50, M|\n|poke|p2|Garchomp, L50, M|\n|poke|p2|Lucario, L50, F|\n|teampreview|3\n|inactive|Battle timer is ON: inactive players will automatically lose when time's up. (requested by ashkecher)\n|\n|t:|1776243816\n|teamsize|p1|3\n|teamsize|p2|3\n|start\n|switch|p1a: Arcanine|Arcanine-Hisui, L50, F|100/100\n|switch|p2a: Pelipper|Pelipper, L50, F|100/100\n|-weather|RainDance|[from] ability: Drizzle|[of] p2a: Pelipper\n|turn|1\n|\n|t:|1776243823\n|move|p1a: Arcanine|Wild Charge|p2a: Pelipper\n|-supereffective|p2a: Pelipper|2\n|-enditem|p2a: Pelipper|Focus Sash\n|-damage|p2a: Pelipper|1/100\n|move|p2a: Pelipper|Surf|p1a: Arcanine\n|-supereffective|p1a: Arcanine|2\n|-enditem|p1a: Arcanine|Focus Sash\n|-damage|p1a: Arcanine|1/100\n|\n|-weather|RainDance|[upkeep]\n|upkeep\n|turn|2\n|\n|t:|1776243832\n|move|p1a: Arcanine|Wild Charge|p2a: Pelipper\n|-supereffective|p2a: Pelipper|2\n|-damage|p2a: Pelipper|0 fnt\n|faint|p2a: Pelipper\n|\n|-weather|RainDance|[upkeep]\n|upkeep\n|\n|t:|1776243843\n|switch|p2a: Briduras|Archaludon, L50, M|100/100\n|turn|3\n|\n|t:|1776243856\n|move|p1a: Arcanine|Flare Blitz|p2a: Briduras\n|-damage|p2a: Briduras|76/100\n|-ability|p2a: Briduras|Stamina|boost\n|-boost|p2a: Briduras|def|1\n|move|p2a: Briduras|Electro Shot||[still]\n|-prepare|p2a: Briduras|Electro Shot\n|-boost|p2a: Briduras|spa|1\n|-anim|p2a: Briduras|Electro Shot|p1a: Arcanine\n|-damage|p1a: Arcanine|0 fnt\n|faint|p1a: Arcanine\n|\n|-weather|RainDance|[upkeep]\n|upkeep\n|j| p74\n|\n|t:|1776243873\n|switch|p1a: Orthworm|Orthworm, L50, M|100/100\n|turn|4\n|\n|t:|1776243881\n|move|p2a: Briduras|Aura Sphere|p1a: Orthworm\n|-supereffective|p1a: Orthworm|1\n|-damage|p1a: Orthworm|0 fnt\n|faint|p1a: Orthworm\n|\n|-weather|RainDance|[upkeep]\n|upkeep\n|\n|t:|1776243886\n|switch|p1a: Lucario|Lucario, L50, M|100/100\n|turn|5\n|\n|t:|1776243892\n|detailschange|p1a: Lucario|Lucario-Mega, L50, M\n|-mega|p1a: Lucario|Lucario|Lucarionite\n|move|p1a: Lucario|Close Combat|p2a: Briduras\n|-supereffective|p2a: Briduras|1\n|-damage|p2a: Briduras|0 fnt\n|-unboost|p1a: Lucario|def|1\n|-unboost|p1a: Lucario|spd|1\n|faint|p2a: Briduras\n|\n|-weather|none\n|upkeep\n|\n|t:|1776243900\n|switch|p2a: Meganium|Meganium, L50, M|100/100\n|turn|6\n|\n|t:|1776243909\n|detailschange|p2a: Meganium|Meganium-Mega, L50, M\n|-mega|p2a: Meganium|Meganium|Meganiumite\n|move|p1a: Lucario|Meteor Mash|p2a: Meganium\n|-supereffective|p2a: Meganium|1\n|-damage|p2a: Meganium|6/100\n|-boost|p1a: Lucario|atk|1\n|move|p2a: Meganium|Weather Ball|p1a: Lucario\n|-supereffective|p1a: Lucario|1\n|-damage|p1a: Lucario|0 fnt\n|faint|p1a: Lucario\n|\n|win|joguri\n|raw|ashkecher's rating: 1081 &rarr; <strong>1065</strong><br />(-16 for losing)\n|raw|joguri's rating: 1186 &rarr; <strong>1204</strong><br />(+18 for winning)\n|l|\u2606joguri\n|player|p2|\n",
  "uploadtime": 1776243929,
  "views": 10,
  "formatid": "gen9championsbssregma",
  "rating": 1065,
  "private": 0,
  "password": null
}