{
  "id": "gen9championsbssregma-2584682951",
  "format": "[Gen 9 Champions] BSS Reg M-A",
  "players": [
    "EkCantDrawLol",
    "Randrz"
  ],
  "log": "|j|\u203dEkCantDrawLol\n|j|\u2606Randrz\n|t:|1776276539\n|gametype|singles\n|player|p1|EkCantDrawLol|skierf|1179\n|player|p2|Randrz|170|1089\n|gen|9\n|tier|[Gen 9 Champions] BSS Reg M-A\n|rated|\n|rule|Species Clause: Limit one of each Pok\u00e9mon\n|rule|Item Clause: Limit 1 of each item\n|clearpoke\n|poke|p1|Garchomp, L50, F|\n|poke|p1|Rotom-Frost, L50|\n|poke|p1|Gengar, L50, M|\n|poke|p1|Lucario, L50, M|\n|poke|p1|Charizard, L50, M|\n|poke|p1|Primarina, L50, F|\n|poke|p2|Glimmora, L50, M|\n|poke|p2|Lopunny, L50, F|\n|poke|p2|Armarouge, L50, F|\n|poke|p2|Rotom-Wash, L50|\n|poke|p2|Rampardos, L50, F|\n|poke|p2|Dragonite, L50, F|\n|teampreview|3\n|inactive|Battle timer is ON: inactive players will automatically lose when time's up. (requested by EkCantDrawLol)\n|\n|t:|1776276585\n|teamsize|p1|3\n|teamsize|p2|3\n|start\n|switch|p1a: Primarina|Primarina, L50, F|100/100\n|switch|p2a: Lopunny|Lopunny, L50, F|100/100\n|turn|1\n|\n|t:|1776276599\n|detailschange|p2a: Lopunny|Lopunny-Mega, L50, F\n|-mega|p2a: Lopunny|Lopunny|Lopunnite\n|move|p2a: Lopunny|Fake Out|p1a: Primarina\n|-damage|p1a: Primarina|73/100\n|cant|p1a: Primarina|flinch\n|\n|upkeep\n|turn|2\n|l|\u203dEkCantDrawLol\n|inactive|EkCantDrawLol disconnected and has a minute to reconnect!\n|player|p1|\n|j|\u203dEkCantDrawLol\n|inactive|EkCantDrawLol reconnected and has 50 seconds left.\n|player|p1|EkCantDrawLol|skierf|\n|n|\u203dEkCantDrawLol|ekcantdrawlol\n|\n|t:|1776276613\n|move|p2a: Lopunny|U-turn|p1a: Primarina\n|-resisted|p1a: Primarina|1\n|-damage|p1a: Primarina|58/100\n|inactive|Randrz has 30 seconds left.\n|\n|t:|1776276641\n|switch|p2a: Rotom|Rotom-Wash, L50|100/100|[from] U-turn\n|move|p1a: Primarina|Moonblast|p2a: Rotom\n|-damage|p2a: Rotom|32/100\n|\n|upkeep\n|turn|3\n|\n|t:|1776276649\n|switch|p1a: Garchomp|Garchomp, L50, F|100/100\n|move|p2a: Rotom|Volt Switch|p1a: Garchomp\n|-immune|p1a: Garchomp\n|\n|upkeep\n|turn|4\n|\n|t:|1776276657\n|switch|p2a: Lopunny|Lopunny-Mega, L50, F|100/100\n|move|p1a: Garchomp|Dragon Claw|p2a: Lopunny\n|-crit|p2a: Lopunny\n|-damage|p2a: Lopunny|21/100\n|\n|upkeep\n|turn|5\n|inactive|EkCantDrawLol has 30 seconds left.\n|\n|t:|1776276685\n|move|p2a: Lopunny|Triple Axel|p1a: Garchomp\n|-supereffective|p1a: Garchomp|2\n|-damage|p1a: Garchomp|68/100\n|-damage|p2a: Lopunny|9/100|[from] ability: Rough Skin|[of] p1a: Garchomp\n|-supereffective|p1a: Garchomp|2\n|-damage|p1a: Garchomp|9/100\n|-damage|p2a: Lopunny|0 fnt|[from] ability: Rough Skin|[of] p1a: Garchomp\n|faint|p2a: Lopunny\n|-hitcount|p1a: Garchomp|2\n|move|p1a: Garchomp|Dragon Claw|p2: Lopunny|[notarget]\n|-fail|p1a: Garchomp\n|\n|upkeep\n|\n|t:|1776276693\n|switch|p2a: Rotom|Rotom-Wash, L50|32/100\n|turn|6\n|inactive|EkCantDrawLol has 30 seconds left.\n|inactive|EkCantDrawLol has 20 seconds left.\n|inactive|EkCantDrawLol has 15 seconds left.\n|inactive|EkCantDrawLol has 10 seconds left.\n|inactive|EkCantDrawLol has 5 seconds left.\n|\n|t:|1776276748\n|move|p2a: Rotom|Hydro Pump|p1a: Garchomp\n|-damage|p1a: Garchomp|0 fnt\n|faint|p1a: Garchomp\n|\n|upkeep\n|\n|t:|1776276763\n|switch|p1a: Gengar|Gengar, L50, M|100/100\n|turn|7\n|\n|t:|1776276767\n|detailschange|p1a: Gengar|Gengar-Mega, L50, M\n|-mega|p1a: Gengar|Gengar|Gengarite\n|move|p2a: Rotom|Hydro Pump|p1a: Gengar\n|-damage|p1a: Gengar|38/100\n|move|p1a: Gengar|Substitute|p1a: Gengar\n|-start|p1a: Gengar|Substitute\n|-damage|p1a: Gengar|14/100\n|\n|upkeep\n|turn|8\n|\n|t:|1776276775\n|move|p2a: Rotom|Hydro Pump|p1a: Gengar\n|-end|p1a: Gengar|Substitute\n|move|p1a: Gengar|Hex|p2a: Rotom\n|-damage|p2a: Rotom|0 fnt\n|faint|p2a: Rotom\n|\n|upkeep\n|\n|t:|1776276781\n|switch|p2a: Dragonite|Dragonite, L50, F|100/100\n|turn|9\n|\n|t:|1776276787\n|move|p1a: Gengar|Sludge Wave|p2a: Dragonite\n|-damage|p2a: Dragonite|70/100\n|move|p2a: Dragonite|Dragon Dance|p2a: Dragonite\n|-boost|p2a: Dragonite|atk|1\n|-boost|p2a: Dragonite|spe|1\n|\n|-heal|p2a: Dragonite|75/100|[from] item: Leftovers\n|upkeep\n|turn|10\n|\n|t:|1776276803\n|move|p2a: Dragonite|Earthquake|p1a: Gengar\n|-supereffective|p1a: Gengar|1\n|-damage|p1a: Gengar|0 fnt\n|faint|p1a: Gengar\n|\n|-heal|p2a: Dragonite|81/100|[from] item: Leftovers\n|upkeep\n|\n|t:|1776276805\n|switch|p1a: Primarina|Primarina, L50, F|58/100\n|turn|11\n|-activate|p1a: Primarina|item: Quick Claw\n|\n|t:|1776276814\n|move|p1a: Primarina|Moonblast|p2a: Dragonite\n|-supereffective|p2a: Dragonite|1\n|-damage|p2a: Dragonite|0 fnt\n|faint|p2a: Dragonite\n|\n|win|EkCantDrawLol\n|raw|EkCantDrawLol's rating: 1179 &rarr; <strong>1198</strong><br />(+19 for winning)\n|raw|Randrz's rating: 1089 &rarr; <strong>1072</strong><br />(-17 for losing)\n|l|\u2606Randrz\n|player|p2|\n",
  "uploadtime": 1776276826,
  "views": 2,
  "formatid": "gen9championsbssregma",
  "rating": 1072,
  "private": 0,
  "password": null
}