{
  "id": "gen9championsbssregma-2584178624",
  "format": "[Gen 9 Champions] BSS Reg M-A",
  "players": [
    "baisheng",
    "tklll"
  ],
  "log": "|j|\u2606baisheng\n|j|\u2606tklll\n|t:|1776234799\n|gametype|singles\n|player|p1|baisheng|169|1416\n|player|p2|tklll|dragontamer|1336\n|gen|9\n|tier|[Gen 9 Champions] BSS Reg M-A\n|rated|\n|rule|Species Clause: Limit one of each Pok\u00e9mon\n|rule|Item Clause: Limit 1 of each item\n|clearpoke\n|poke|p1|Archaludon, L50, M|\n|poke|p1|Starmie, L50|\n|poke|p1|Garchomp, L50, M|\n|poke|p1|Floette-Eternal, L50, F|\n|poke|p1|Corviknight, L50, F|\n|poke|p1|Meowscarada, L50, M|\n|poke|p2|Lopunny, L50, M|\n|poke|p2|Meganium, L50, F|\n|poke|p2|Delphox, L50, M|\n|poke|p2|Ninetales-Alola, L50, M|\n|poke|p2|Archaludon, L50, F|\n|poke|p2|Espathra, L50, F|\n|teampreview|3\n|\n|t:|1776234837\n|teamsize|p1|3\n|teamsize|p2|3\n|start\n|switch|p1a: Archaludon|Archaludon, L50, M|100/100\n|switch|p2a: Espathra|Espathra, L50, F|100/100\n|turn|1\n|\n|t:|1776234852\n|move|p2a: Espathra|Lumina Crash|p1a: Archaludon\n|-resisted|p1a: Archaludon|1\n|-damage|p1a: Archaludon|83/100\n|-unboost|p1a: Archaludon|spd|2\n|-ability|p1a: Archaludon|Stamina|boost\n|-boost|p1a: Archaludon|def|1\n|move|p1a: Archaludon|Stealth Rock|p2a: Espathra\n|-sidestart|p2: tklll|move: Stealth Rock\n|\n|-ability|p2a: Espathra|Speed Boost|boost\n|-boost|p2a: Espathra|spe|1\n|upkeep\n|turn|2\n|j| Esslinger\n|\n|t:|1776234861\n|move|p2a: Espathra|Lumina Crash|p1a: Archaludon\n|-resisted|p1a: Archaludon|1\n|-damage|p1a: Archaludon|48/100\n|-unboost|p1a: Archaludon|spd|2\n|-ability|p1a: Archaludon|Stamina|boost\n|-boost|p1a: Archaludon|def|1\n|-enditem|p1a: Archaludon|Sitrus Berry|[eat]\n|-heal|p1a: Archaludon|73/100|[from] item: Sitrus Berry\n|move|p1a: Archaludon|Dragon Tail|p2a: Espathra\n|-damage|p2a: Espathra|67/100\n|drag|p2a: Meganium|Meganium, L50, F|100/100\n|-damage|p2a: Meganium|88/100|[from] Stealth Rock\n|\n|upkeep\n|turn|3\n|\n|t:|1776234888\n|detailschange|p2a: Meganium|Meganium-Mega, L50, F\n|-mega|p2a: Meganium|Meganium|Meganiumite\n|move|p2a: Meganium|Solar Beam||[still]\n|-prepare|p2a: Meganium|Solar Beam\n|-activate|p2a: Meganium|ability: Mega Sol\n|-anim|p2a: Meganium|Solar Beam|p1a: Archaludon\n|-resisted|p1a: Archaludon|2\n|-damage|p1a: Archaludon|23/100\n|-ability|p1a: Archaludon|Stamina|boost\n|-boost|p1a: Archaludon|def|1\n|move|p1a: Archaludon|Iron Head|p2a: Meganium\n|-supereffective|p2a: Meganium|1\n|-damage|p2a: Meganium|35/100\n|\n|upkeep\n|turn|4\n|\n|t:|1776234901\n|move|p2a: Meganium|Solar Beam||[still]\n|-prepare|p2a: Meganium|Solar Beam\n|-activate|p2a: Meganium|ability: Mega Sol\n|-anim|p2a: Meganium|Solar Beam|p1a: Archaludon\n|-resisted|p1a: Archaludon|2\n|-damage|p1a: Archaludon|0 fnt\n|faint|p1a: Archaludon\n|\n|upkeep\n|\n|t:|1776234904\n|switch|p1a: Starmie|Starmie, L50|100/100\n|turn|5\n|\n|t:|1776234918\n|switch|p2a: Archaludon|Archaludon, L50, F|100/100\n|-damage|p2a: Archaludon|94/100|[from] Stealth Rock\n|detailschange|p1a: Starmie|Starmie-Mega, L50\n|-mega|p1a: Starmie|Starmie|Starminite\n|move|p1a: Starmie|Ice Spinner|p2a: Archaludon\n|-damage|p2a: Archaludon|57/100\n|-ability|p2a: Archaludon|Stamina|boost\n|-boost|p2a: Archaludon|def|1\n|\n|-heal|p2a: Archaludon|64/100|[from] item: Leftovers\n|upkeep\n|turn|6\n|\n|t:|1776234935\n|move|p1a: Starmie|Ice Spinner|p2a: Archaludon\n|-damage|p2a: Archaludon|37/100\n|-ability|p2a: Archaludon|Stamina|boost\n|-boost|p2a: Archaludon|def|1\n|move|p2a: Archaludon|Electro Shot||[still]\n|-prepare|p2a: Archaludon|Electro Shot\n|-boost|p2a: Archaludon|spa|1\n|\n|-heal|p2a: Archaludon|43/100|[from] item: Leftovers\n|upkeep\n|turn|7\n|\n|t:|1776234945\n|switch|p1a: Garchomp|Garchomp, L50, M|100/100\n|move|p2a: Archaludon|Electro Shot|p1a: Garchomp|[from] lockedmove\n|-immune|p1a: Garchomp\n|\n|-heal|p2a: Archaludon|49/100|[from] item: Leftovers\n|upkeep\n|turn|8\n|\n|t:|1776234957\n|move|p1a: Garchomp|Earthquake|p2a: Archaludon\n|-supereffective|p2a: Archaludon|1\n|-damage|p2a: Archaludon|2/100\n|-ability|p2a: Archaludon|Stamina|boost\n|-boost|p2a: Archaludon|def|1\n|move|p2a: Archaludon|Flash Cannon|p1a: Garchomp\n|-damage|p1a: Garchomp|27/100\n|\n|-heal|p2a: Archaludon|8/100|[from] item: Leftovers\n|upkeep\n|turn|9\n|\n|t:|1776234974\n|move|p1a: Garchomp|Earthquake|p2a: Archaludon\n|-supereffective|p2a: Archaludon|1\n|-crit|p2a: Archaludon\n|-damage|p2a: Archaludon|0 fnt\n|faint|p2a: Archaludon\n|\n|upkeep\n|\n|t:|1776234979\n|switch|p2a: Espathra|Espathra, L50, F|67/100\n|-damage|p2a: Espathra|54/100|[from] Stealth Rock\n|turn|10\n|\n|t:|1776234982\n|move|p2a: Espathra|Protect|p2a: Espathra\n|-singleturn|p2a: Espathra|Protect\n|move|p1a: Garchomp|Earthquake|p2a: Espathra\n|-activate|p2a: Espathra|move: Protect\n|\n|-ability|p2a: Espathra|Speed Boost|boost\n|-boost|p2a: Espathra|spe|1\n|upkeep\n|turn|11\n|\n|t:|1776234989\n|move|p2a: Espathra|Lumina Crash|p1a: Garchomp\n|-damage|p1a: Garchomp|0 fnt\n|faint|p1a: Garchomp\n|\n|-ability|p2a: Espathra|Speed Boost|boost\n|-boost|p2a: Espathra|spe|1\n|upkeep\n|\n|t:|1776234992\n|switch|p1a: Starmie|Starmie-Mega, L50|100/100\n|turn|12\n|\n|t:|1776234997\n|move|p2a: Espathra|Lumina Crash|p1a: Starmie\n|-resisted|p1a: Starmie|1\n|-damage|p1a: Starmie|75/100\n|-unboost|p1a: Starmie|spd|2\n|move|p1a: Starmie|Liquidation|p2a: Espathra\n|-damage|p2a: Espathra|0 fnt\n|faint|p2a: Espathra\n|\n|upkeep\n|\n|t:|1776235005\n|switch|p2a: Meganium|Meganium-Mega, L50, F|35/100\n|-damage|p2a: Meganium|23/100|[from] Stealth Rock\n|turn|13\n|\n|t:|1776235009\n|move|p1a: Starmie|Ice Spinner|p2a: Meganium\n|-supereffective|p2a: Meganium|1\n|-damage|p2a: Meganium|0 fnt\n|faint|p2a: Meganium\n|\n|win|baisheng\n|raw|baisheng's rating: 1416 &rarr; <strong>1431</strong><br />(+15 for winning)\n|raw|tklll's rating: 1336 &rarr; <strong>1321</strong><br />(-15 for losing)\n|l|\u2606baisheng\n|player|p1|\n",
  "uploadtime": 1776235016,
  "views": 13,
  "formatid": "gen9championsbssregma",
  "rating": 1321,
  "private": 0,
  "password": null
}