{
  "id": "gen9championsbssregma-2588317850",
  "format": "[Gen 9 Champions] BSS Reg M-A",
  "players": [
    "qweralt",
    "adfsdfsdfsdaf"
  ],
  "log": "|j|\u2606qweralt\n|j|\u2606adfsdfsdfsdaf\n|t:|1776623635\n|gametype|singles\n|player|p1|qweralt|boarder|1241\n|player|p2|adfsdfsdfsdaf|2|1348\n|gen|9\n|tier|[Gen 9 Champions] BSS Reg M-A\n|rated|\n|rule|Species Clause: Limit one of each Pok\u00e9mon\n|rule|Item Clause: Limit 1 of each item\n|clearpoke\n|poke|p1|Delphox, L50, M|\n|poke|p1|Hatterene, L50, F|\n|poke|p1|Weavile, L50, M|\n|poke|p1|Volcarona, L50, M|\n|poke|p1|Garchomp, L50, M|\n|poke|p1|Rotom-Wash, L50|\n|poke|p2|Venusaur, L50, F|\n|poke|p2|Clefable, L50, F|\n|poke|p2|Hippowdon, L50, F|\n|poke|p2|Dragonite, L50, M|\n|poke|p2|Aegislash, L50, F|\n|poke|p2|Infernape, L50, F|\n|teampreview|3\n|j| Oasis of Storms\n|\n|t:|1776623679\n|teamsize|p1|3\n|teamsize|p2|3\n|start\n|switch|p1a: Garchomp|Garchomp, L50, M|100/100\n|switch|p2a: Hippowdon|Hippowdon, L50, F|100/100\n|-weather|Sandstorm|[from] ability: Sand Stream|[of] p2a: Hippowdon\n|turn|1\n|inactive|Battle timer is ON: inactive players will automatically lose when time's up. (requested by adfsdfsdfsdaf)\n|\n|t:|1776623708\n|move|p1a: Garchomp|Earthquake|p2a: Hippowdon\n|-damage|p2a: Hippowdon|61/100\n|move|p2a: Hippowdon|Yawn|p1a: Garchomp\n|-start|p1a: Garchomp|move: Yawn|[of] p2a: Hippowdon\n|\n|-weather|Sandstorm|[upkeep]\n|upkeep\n|turn|2\n|\n|t:|1776623717\n|switch|p1a: Weavile|Weavile, L50, M|100/100\n|-ability|p1a: Weavile|Pressure\n|move|p2a: Hippowdon|Slack Off|p2a: Hippowdon\n|-heal|p2a: Hippowdon|100/100\n|\n|-weather|Sandstorm|[upkeep]\n|-damage|p1a: Weavile|94/100|[from] Sandstorm\n|upkeep\n|turn|3\n|\n|t:|1776623729\n|move|p1a: Weavile|Triple Axel|p2a: Hippowdon\n|-supereffective|p2a: Hippowdon|1\n|-damage|p2a: Hippowdon|83/100\n|-supereffective|p2a: Hippowdon|1\n|-damage|p2a: Hippowdon|46/100\n|-supereffective|p2a: Hippowdon|1\n|-crit|p2a: Hippowdon\n|-damage|p2a: Hippowdon|0 fnt\n|faint|p2a: Hippowdon\n|-hitcount|p2: Hippowdon|3\n|\n|-weather|Sandstorm|[upkeep]\n|-damage|p1a: Weavile|88/100|[from] Sandstorm\n|upkeep\n|\n|t:|1776623733\n|switch|p2a: Venusaur|Venusaur, L50, F|100/100\n|turn|4\n|inactive|qweralt has 30 seconds left.\n|inactive|qweralt has 20 seconds left.\n|inactive|qweralt has 15 seconds left.\n|\n|t:|1776623776\n|switch|p1a: Garchomp|Garchomp, L50, M|100/100\n|detailschange|p2a: Venusaur|Venusaur-Mega, L50, F\n|-mega|p2a: Venusaur|Venusaur|Venusaurite\n|move|p2a: Venusaur|Giga Drain|p1a: Garchomp\n|-damage|p1a: Garchomp|67/100\n|\n|-weather|Sandstorm|[upkeep]\n|-damage|p2a: Venusaur|95/100|[from] Sandstorm\n|upkeep\n|turn|5\n|inactive|adfsdfsdfsdaf has 30 seconds left.\n|\n|t:|1776623807\n|move|p1a: Garchomp|Outrage|p2a: Venusaur\n|-damage|p2a: Venusaur|46/100\n|move|p2a: Venusaur|Giga Drain|p1a: Garchomp\n|-damage|p1a: Garchomp|34/100\n|-heal|p2a: Venusaur|63/100|[from] drain|[of] p1a: Garchomp\n|\n|-weather|none\n|upkeep\n|turn|6\n|\n|t:|1776623831\n|move|p1a: Garchomp|Outrage|p2a: Venusaur|[from] lockedmove\n|-damage|p2a: Venusaur|14/100\n|move|p2a: Venusaur|Synthesis|p2a: Venusaur\n|-heal|p2a: Venusaur|64/100\n|\n|upkeep\n|turn|7\n|\n|t:|1776623836\n|move|p1a: Garchomp|Outrage|p2a: Venusaur|[from] lockedmove\n|-crit|p2a: Venusaur\n|-damage|p2a: Venusaur|0 fnt\n|faint|p2a: Venusaur\n|-start|p1a: Garchomp|confusion|[fatigue]\n|\n|upkeep\n|\n|t:|1776623839\n|switch|p2a: Aegislash|Aegislash, L50, F|100/100\n|turn|8\n|\n|t:|1776623851\n|switch|p1a: Weavile|Weavile, L50, M|88/100\n|-ability|p1a: Weavile|Pressure\n|-formechange|p2a: Aegislash|Aegislash-Blade|\n|move|p2a: Aegislash|Shadow Ball|p1a: Weavile\n|-resisted|p1a: Weavile|1\n|-damage|p1a: Weavile|53/100\n|\n|upkeep\n|turn|9\n|\n|t:|1776623860\n|move|p1a: Weavile|Knock Off|p2a: Aegislash\n|-supereffective|p2a: Aegislash|1\n|-enditem|p2a: Aegislash|Focus Sash\n|-damage|p2a: Aegislash|1/100\n|move|p2a: Aegislash|Flash Cannon|p1a: Weavile\n|-supereffective|p1a: Weavile|1\n|-damage|p1a: Weavile|0 fnt\n|faint|p1a: Weavile\n|\n|upkeep\n|-message|adfsdfsdfsdaf forfeited.\n|\n|win|qweralt\n|raw|qweralt's rating: 1241 &rarr; <strong>1275</strong><br />(+34 for winning)\n|raw|adfsdfsdfsdaf's rating: 1374 &rarr; <strong>1347</strong><br />(-27 for losing)\n|l|\u2606adfsdfsdfsdaf\n|player|p2|\n",
  "uploadtime": 1776623866,
  "views": 2,
  "formatid": "gen9championsbssregma",
  "rating": 1275,
  "private": 0,
  "password": null
}