{
  "id": "gen9championsbssregma-2583110888",
  "format": "[Gen 9 Champions] BSS Reg M-A",
  "players": [
    "Monica Blanche",
    "Leafs Tank Nation"
  ],
  "log": "|j|\u2606Monica Blanche\n|j|\u2606Leafs Tank Nation\n|t:|1776143254\n|gametype|singles\n|player|p1|Monica Blanche|lady|1146\n|player|p2|Leafs Tank Nation|petrel|1119\n|gen|9\n|tier|[Gen 9 Champions] BSS Reg M-A\n|rated|\n|rule|Species Clause: Limit one of each Pok\u00e9mon\n|rule|Item Clause: Limit 1 of each item\n|clearpoke\n|poke|p1|Skarmory, L50, M|\n|poke|p1|Flareon, L50, M|\n|poke|p1|Mamoswine, L50, F|\n|poke|p1|Heliolisk, L50, M|\n|poke|p1|Palafin, L50, F|\n|poke|p1|Slowking-Galar, L50, M|\n|poke|p2|Delphox, L50, F|\n|poke|p2|Ditto, L50|\n|poke|p2|Blastoise, L50, M|\n|poke|p2|Scizor, L50, M|\n|poke|p2|Rotom-Wash, L50|\n|poke|p2|Aegislash, L50, M|\n|teampreview|3\n|j| crcohn\n|\n|t:|1776143278\n|teamsize|p1|3\n|teamsize|p2|3\n|start\n|switch|p1a: Palafin|Palafin, L50, F|100/100\n|switch|p2a: Delphox|Delphox, L50, F|100/100\n|turn|1\n|l| crcohn\n|\n|t:|1776143290\n|switch|p2a: Rotom|Rotom-Wash, L50|100/100\n|move|p1a: Palafin|Wave Crash|p2a: Rotom\n|-resisted|p2a: Rotom|1\n|-damage|p2a: Rotom|83/100\n|-damage|p1a: Palafin|96/100|[from] Recoil\n|\n|-heal|p1a: Palafin|100/100|[from] item: Leftovers\n|upkeep\n|turn|2\n|\n|t:|1776143299\n|detailschange|p1a: Palafin|Palafin-Hero, L50, F\n|switch|p1a: Heliolisk|Heliolisk, L50, M|100/100\n|move|p2a: Rotom|Volt Switch|p1a: Heliolisk\n|-resisted|p1a: Heliolisk|1\n|-damage|p1a: Heliolisk|83/100\n|\n|t:|1776143305\n|switch|p2a: Delphox|Delphox, L50, F|100/100|[from] Volt Switch\n|\n|upkeep\n|turn|3\n|\n|t:|1776143311\n|detailschange|p2a: Delphox|Delphox-Mega, L50, F\n|-mega|p2a: Delphox|Delphox|Delphoxite\n|move|p1a: Heliolisk|Volt Switch|p2a: Delphox\n|-damage|p2a: Delphox|63/100\n|\n|t:|1776143314\n|switch|p1a: Palafin|Palafin-Hero, L50, F|100/100|[from] Volt Switch\n|-activate|p1a: Palafin|ability: Zero to Hero\n|move|p2a: Delphox|Fire Blast|p1a: Palafin|[miss]\n|-miss|p2a: Delphox|p1a: Palafin\n|\n|upkeep\n|turn|4\n|\n|t:|1776143322\n|switch|p2a: Rotom|Rotom-Wash, L50|83/100\n|move|p1a: Palafin|Jet Punch|p2a: Rotom\n|-resisted|p2a: Rotom|1\n|-damage|p2a: Rotom|66/100\n|\n|upkeep\n|turn|5\n|\n|t:|1776143328\n|switch|p1a: Heliolisk|Heliolisk, L50, M|83/100\n|move|p2a: Rotom|Rest|p2a: Rotom\n|-status|p2a: Rotom|slp|[from] move: Rest\n|-heal|p2a: Rotom|100/100 slp|[silent]\n|-enditem|p2a: Rotom|Chesto Berry|[eat]\n|-curestatus|p2a: Rotom|slp|[msg]\n|\n|upkeep\n|turn|6\n|\n|t:|1776143338\n|switch|p2a: Aegislash|Aegislash, L50, M|100/100\n|move|p1a: Heliolisk|Thunder|p2a: Aegislash|[miss]\n|-miss|p1a: Heliolisk|p2a: Aegislash\n|\n|upkeep\n|turn|7\n|j| p74\n|\n|t:|1776143345\n|move|p1a: Heliolisk|Thunder|p2a: Aegislash\n|-damage|p2a: Aegislash|53/100\n|-status|p2a: Aegislash|par\n|-formechange|p2a: Aegislash|Aegislash-Blade|\n|move|p2a: Aegislash|Close Combat|p1a: Heliolisk\n|-supereffective|p1a: Heliolisk|1\n|-damage|p1a: Heliolisk|0 fnt\n|-unboost|p2a: Aegislash|def|1\n|-unboost|p2a: Aegislash|spd|1\n|faint|p1a: Heliolisk\n|\n|-heal|p2a: Aegislash|59/100 par|[from] item: Leftovers\n|upkeep\n|\n|t:|1776143350\n|switch|p1a: Slowking|Slowking-Galar, L50, M|100/100\n|turn|8\n|\n|t:|1776143358\n|-formechange|p2a: Aegislash|Aegislash|\n|move|p2a: Aegislash|King's Shield|p2a: Aegislash\n|-singleturn|p2a: Aegislash|Protect\n|move|p1a: Slowking|Future Sight|p2a: Aegislash\n|-start|p1a: Slowking|move: Future Sight\n|\n|-heal|p2a: Aegislash|65/100 par|[from] item: Leftovers\n|upkeep\n|turn|9\n|\n|t:|1776143365\n|move|p1a: Slowking|Flamethrower|p2a: Aegislash\n|-supereffective|p2a: Aegislash|1\n|-damage|p2a: Aegislash|0 fnt\n|faint|p2a: Aegislash\n|\n|upkeep\n|\n|t:|1776143371\n|switch|p2a: Delphox|Delphox-Mega, L50, F|63/100\n|turn|10\n|\n|t:|1776143376\n|move|p2a: Delphox|Psyshock|p1a: Slowking\n|-damage|p1a: Slowking|58/100\n|move|p1a: Slowking|Sludge Bomb|p2a: Delphox\n|-damage|p2a: Delphox|18/100\n|\n|-end|p2a: Delphox|move: Future Sight\n|-resisted|p2a: Delphox|1\n|-damage|p2a: Delphox|0 fnt\n|faint|p2a: Delphox\n|upkeep\n|-message|Leafs Tank Nation forfeited.\n|\n|win|Monica Blanche\n|raw|Monica Blanche's rating: 1146 &rarr; <strong>1169</strong><br />(+23 for winning)\n|raw|Leafs Tank Nation's rating: 1119 &rarr; <strong>1096</strong><br />(-23 for losing)\n|l|\u2606Leafs Tank Nation\n|player|p2|\n|l|\u2606Monica Blanche\n|player|p1|\n",
  "uploadtime": 1776143429,
  "views": 2,
  "formatid": "gen9championsbssregma",
  "rating": 1096,
  "private": 0,
  "password": null
}