{
  "id": "gen9championsbssregma-2586010430",
  "format": "[Gen 9 Champions] BSS Reg M-A",
  "players": [
    "alswnsjsid",
    "paulywalnuts"
  ],
  "log": "|j|\u2606alswnsjsid\n|j|\u2606paulywalnuts\n|t:|1776389982\n|gametype|singles\n|player|p1|alswnsjsid|caitlin|1241\n|player|p2|paulywalnuts|hero-conquest|1271\n|gen|9\n|tier|[Gen 9 Champions] BSS Reg M-A\n|rated|\n|rule|Species Clause: Limit one of each Pok\u00e9mon\n|rule|Item Clause: Limit 1 of each item\n|clearpoke\n|poke|p1|Kangaskhan, L50, F|\n|poke|p1|Hippowdon, L50, M|\n|poke|p1|Primarina, L50, F|\n|poke|p1|Archaludon, L50, M|\n|poke|p1|Volcarona, L50, F|\n|poke|p1|Basculegion, L50, M|\n|poke|p2|Gengar, L50, M|\n|poke|p2|Gallade, L50, M|\n|poke|p2|Forretress, L50, M|\n|poke|p2|Slowking, L50, M|\n|poke|p2|Talonflame, L50, F|\n|poke|p2|Primarina, L50, F|\n|teampreview|3\n|\n|t:|1776390011\n|teamsize|p1|3\n|teamsize|p2|3\n|start\n|switch|p1a: Volcarona|Volcarona, L50, F, shiny|100/100\n|switch|p2a: Gallade|Gallade, L50, M|100/100\n|turn|1\n|\n|t:|1776390028\n|move|p2a: Gallade|Psycho Cut|p1a: Volcarona\n|-damage|p1a: Volcarona|32/100\n|move|p1a: Volcarona|Quiver Dance|p1a: Volcarona\n|-boost|p1a: Volcarona|spa|1\n|-boost|p1a: Volcarona|spd|1\n|-boost|p1a: Volcarona|spe|1\n|\n|upkeep\n|turn|2\n|\n|t:|1776390051\n|move|p2a: Gallade|Psycho Cut|p1a: Volcarona\n|-damage|p1a: Volcarona|0 fnt\n|faint|p1a: Volcarona\n|\n|upkeep\n|\n|t:|1776390058\n|switch|p1a: Primarina|Primarina, L50, F, shiny|100/100\n|turn|3\n|\n|t:|1776390065\n|switch|p2a: Forretress|Forretress, L50, M|100/100\n|move|p1a: Primarina|Moonblast|p2a: Forretress\n|-resisted|p2a: Forretress|1\n|-damage|p2a: Forretress|75/100\n|\n|upkeep\n|turn|4\n|\n|t:|1776390072\n|move|p1a: Primarina|Sparkling Aria|p2a: Forretress\n|-damage|p2a: Forretress|29/100\n|move|p2a: Forretress|Stealth Rock|p1a: Primarina\n|-sidestart|p1: alswnsjsid|move: Stealth Rock\n|\n|upkeep\n|turn|5\n|\n|t:|1776390077\n|move|p1a: Primarina|Sparkling Aria|p2a: Forretress\n|-damage|p2a: Forretress|0 fnt\n|faint|p2a: Forretress\n|\n|upkeep\n|\n|t:|1776390079\n|switch|p2a: Gengar|Gengar, L50, M|100/100\n|turn|6\n|\n|t:|1776390084\n|detailschange|p2a: Gengar|Gengar-Mega, L50, M\n|-mega|p2a: Gengar|Gengar|Gengarite\n|move|p2a: Gengar|Sludge Wave|p1a: Primarina\n|-supereffective|p1a: Primarina|1\n|-enditem|p1a: Primarina|Focus Sash\n|-damage|p1a: Primarina|1/100\n|move|p1a: Primarina|Sparkling Aria|p2a: Gengar\n|-damage|p2a: Gengar|0 fnt\n|faint|p2a: Gengar\n|\n|upkeep\n|\n|t:|1776390091\n|switch|p2a: Gallade|Gallade, L50, M|100/100\n|turn|7\n|\n|t:|1776390114\n|move|p1a: Primarina|Aqua Jet|p2a: Gallade\n|-damage|p2a: Gallade|73/100\n|move|p2a: Gallade|Sacred Sword|p1a: Primarina\n|-resisted|p1a: Primarina|1\n|-damage|p1a: Primarina|0 fnt\n|faint|p1a: Primarina\n|\n|upkeep\n|\n|t:|1776390120\n|switch|p1a: Basculegion|Basculegion, L50, M, shiny|100/100\n|-damage|p1a: Basculegion|88/100|[from] Stealth Rock\n|turn|8\n|-message|paulywalnuts forfeited.\n|\n|win|alswnsjsid\n|raw|alswnsjsid's rating: 1241 &rarr; <strong>1268</strong><br />(+27 for winning)\n|raw|paulywalnuts's rating: 1271 &rarr; <strong>1244</strong><br />(-27 for losing)\n|l|\u2606paulywalnuts\n|player|p2|\n|l|\u2606alswnsjsid\n|player|p1|\n",
  "uploadtime": 1776390133,
  "views": 20,
  "formatid": "gen9championsbssregma",
  "rating": 1244,
  "private": 0,
  "password": null
}