{
  "id": "gen9championsbssregma-2588747518",
  "format": "[Gen 9 Champions] BSS Reg M-A",
  "players": [
    "Cold Steel III",
    "Lunartul"
  ],
  "log": "|j|\u2606Cold Steel III\n|j|\u2606Lunartul\n|t:|1776665481\n|gametype|singles\n|player|p1|Cold Steel III|ash|\n|player|p2|Lunartul|youngster-gen4dp|\n|gen|9\n|tier|[Gen 9 Champions] BSS Reg M-A\n|rule|Species Clause: Limit one of each Pok\u00e9mon\n|rule|Item Clause: Limit 1 of each item\n|clearpoke\n|poke|p1|Venusaur, L50, M|\n|poke|p1|Corviknight, L50, F|\n|poke|p1|Starmie, L50|\n|poke|p1|Hydreigon, L50, M|\n|poke|p1|Toxapex, L50, M|\n|poke|p1|Rotom-Wash, L50|\n|poke|p2|Charizard, L50, M|\n|poke|p2|Hippowdon, L50, F|\n|poke|p2|Primarina, L50, F|\n|poke|p2|Meowscarada, L50, F|\n|poke|p2|Sneasler, L50, F|\n|poke|p2|Starmie, L50|\n|teampreview|3\n|inactive|Battle timer is ON: inactive players will automatically lose when time's up. (requested by Cold Steel III)\n|c|\u2606Cold Steel III|We can chat here\n|inactive|Cold Steel III has 60 seconds left.\n|inactive|Cold Steel III has 30 seconds left.\n|\n|t:|1776665551\n|teamsize|p1|3\n|teamsize|p2|3\n|start\n|switch|p1a: Toxapex|Toxapex, L50, M|100/100\n|switch|p2a: Hippowdon|Hippowdon, L50, F|100/100\n|-weather|Sandstorm|[from] ability: Sand Stream|[of] p2a: Hippowdon\n|turn|1\n|\n|t:|1776665562\n|move|p2a: Hippowdon|Stealth Rock|p1a: Toxapex\n|-sidestart|p1: Cold Steel III|move: Stealth Rock\n|move|p1a: Toxapex|Toxic|p2a: Hippowdon\n|-status|p2a: Hippowdon|tox\n|\n|-weather|Sandstorm|[upkeep]\n|-damage|p1a: Toxapex|95/100|[from] Sandstorm\n|-damage|p2a: Hippowdon|94/100 tox|[from] psn\n|upkeep\n|turn|2\n|\n|t:|1776665575\n|move|p2a: Hippowdon|Yawn|p1a: Toxapex\n|-start|p1a: Toxapex|move: Yawn|[of] p2a: Hippowdon\n|move|p1a: Toxapex|Payback|p2a: Hippowdon\n|-crit|p2a: Hippowdon\n|-damage|p2a: Hippowdon|81/100 tox\n|\n|-weather|Sandstorm|[upkeep]\n|-damage|p1a: Toxapex|89/100|[from] Sandstorm\n|-heal|p2a: Hippowdon|87/100 tox|[from] item: Leftovers\n|-damage|p2a: Hippowdon|75/100 tox|[from] psn\n|upkeep\n|turn|3\n|\n|t:|1776665592\n|switch|p2a: Sneasler|Sneasler, L50, F|100/100\n|switch|p1a: Hydreigon|Hydreigon, L50, M|100/100\n|-damage|p1a: Hydreigon|89/100|[from] Stealth Rock\n|\n|-weather|Sandstorm|[upkeep]\n|-damage|p1a: Hydreigon|83/100|[from] Sandstorm\n|-damage|p2a: Sneasler|95/100|[from] Sandstorm\n|upkeep\n|turn|4\n|\n|t:|1776665611\n|move|p1a: Hydreigon|U-turn|p2a: Sneasler\n|-resisted|p2a: Sneasler|2\n|-damage|p2a: Sneasler|89/100\n|\n|t:|1776665613\n|switch|p1a: Toxapex|Toxapex, L50, M|100/100|[from] U-turn\n|-damage|p1a: Toxapex|88/100|[from] Stealth Rock\n|move|p2a: Sneasler|Swords Dance|p2a: Sneasler\n|-boost|p2a: Sneasler|atk|2\n|\n|-weather|Sandstorm|[upkeep]\n|-damage|p2a: Sneasler|83/100|[from] Sandstorm\n|-damage|p1a: Toxapex|83/100|[from] Sandstorm\n|upkeep\n|turn|5\n|\n|t:|1776665627\n|move|p2a: Sneasler|Close Combat|p1a: Toxapex\n|-resisted|p1a: Toxapex|1\n|-damage|p1a: Toxapex|24/100\n|-unboost|p2a: Sneasler|def|1\n|-unboost|p2a: Sneasler|spd|1\n|move|p1a: Toxapex|Haze|p1a: Toxapex\n|-clearallboost\n|\n|-weather|none\n|upkeep\n|turn|6\n|\n|t:|1776665637\n|switch|p1a: Venusaur|Venusaur, L50, M|100/100\n|-damage|p1a: Venusaur|88/100|[from] Stealth Rock\n|move|p2a: Sneasler|Close Combat|p1a: Venusaur\n|-resisted|p1a: Venusaur|1\n|-damage|p1a: Venusaur|50/100\n|-unboost|p2a: Sneasler|def|1\n|-unboost|p2a: Sneasler|spd|1\n|\n|upkeep\n|turn|7\n|\n|t:|1776665657\n|move|p2a: Sneasler|Close Combat|p1a: Venusaur\n|-resisted|p1a: Venusaur|1\n|-crit|p1a: Venusaur\n|-damage|p1a: Venusaur|0 fnt\n|-unboost|p2a: Sneasler|def|1\n|-unboost|p2a: Sneasler|spd|1\n|faint|p1a: Venusaur\n|\n|upkeep\n|c|\u2606Cold Steel III|Damn that crit lol\n|\n|t:|1776665669\n|switch|p1a: Hydreigon|Hydreigon, L50, M|83/100\n|-damage|p1a: Hydreigon|71/100|[from] Stealth Rock\n|turn|8\n|\n|t:|1776665675\n|move|p1a: Hydreigon|Draco Meteor|p2a: Sneasler\n|-damage|p2a: Sneasler|0 fnt\n|-unboost|p1a: Hydreigon|spa|2\n|faint|p2a: Sneasler\n|\n|upkeep\n|\n|t:|1776665681\n|switch|p2a: Charizard|Charizard, L50, M|100/100\n|turn|9\n|\n|t:|1776665690\n|switch|p1a: Toxapex|Toxapex, L50, M|57/100\n|-damage|p1a: Toxapex|45/100|[from] Stealth Rock\n|detailschange|p2a: Charizard|Charizard-Mega-Y, L50, M\n|-mega|p2a: Charizard|Charizard|Charizardite Y\n|-weather|SunnyDay|[from] ability: Drought|[of] p2a: Charizard\n|move|p2a: Charizard|Flamethrower|p1a: Toxapex|[miss]\n|-miss|p2a: Charizard|p1a: Toxapex\n|\n|-weather|SunnyDay|[upkeep]\n|upkeep\n|turn|10\n|\n|t:|1776665703\n|move|p2a: Charizard|Air Slash|p1a: Toxapex\n|-damage|p1a: Toxapex|16/100\n|cant|p1a: Toxapex|flinch\n|\n|-weather|SunnyDay|[upkeep]\n|upkeep\n|turn|11\n|\n|t:|1776665709\n|switch|p1a: Hydreigon|Hydreigon, L50, M|71/100\n|-damage|p1a: Hydreigon|59/100|[from] Stealth Rock\n|move|p2a: Charizard|Air Slash|p1a: Hydreigon|[miss]\n|-miss|p2a: Charizard|p1a: Hydreigon\n|\n|-weather|SunnyDay|[upkeep]\n|upkeep\n|turn|12\n|\n|t:|1776665719\n|switch|p2a: Hippowdon|Hippowdon, L50, F|75/100 tox\n|-weather|Sandstorm|[from] ability: Sand Stream|[of] p2a: Hippowdon\n|move|p1a: Hydreigon|U-turn|p2a: Hippowdon\n|-damage|p2a: Hippowdon|66/100 tox\n|\n|t:|1776665721\n|switch|p1a: Toxapex|Toxapex, L50, M|50/100|[from] U-turn\n|-damage|p1a: Toxapex|37/100|[from] Stealth Rock\n|\n|-weather|Sandstorm|[upkeep]\n|-damage|p1a: Toxapex|32/100|[from] Sandstorm\n|-heal|p2a: Hippowdon|72/100 tox|[from] item: Leftovers\n|-damage|p2a: Hippowdon|66/100 tox|[from] psn\n|upkeep\n|turn|13\n|\n|t:|1776665738\n|switch|p1a: Hydreigon|Hydreigon, L50, M|59/100\n|-damage|p1a: Hydreigon|47/100|[from] Stealth Rock\n|move|p2a: Hippowdon|Earthquake|p1a: Hydreigon\n|-immune|p1a: Hydreigon|[from] ability: Levitate\n|\n|-weather|Sandstorm|[upkeep]\n|-damage|p1a: Hydreigon|41/100|[from] Sandstorm\n|-heal|p2a: Hippowdon|72/100 tox|[from] item: Leftovers\n|-damage|p2a: Hippowdon|60/100 tox|[from] psn\n|upkeep\n|turn|14\n|\n|t:|1776665752\n|switch|p2a: Charizard|Charizard-Mega-Y, L50, M|100/100\n|-weather|SunnyDay|[from] ability: Drought|[of] p2a: Charizard\n|move|p1a: Hydreigon|Dark Pulse|p2a: Charizard\n|-damage|p2a: Charizard|56/100\n|\n|-weather|SunnyDay|[upkeep]\n|upkeep\n|turn|15\n|\n|t:|1776665766\n|move|p1a: Hydreigon|Dark Pulse|p2a: Charizard\n|-damage|p2a: Charizard|17/100\n|move|p2a: Charizard|Flamethrower|p1a: Hydreigon\n|-resisted|p1a: Hydreigon|1\n|-damage|p1a: Hydreigon|0 fnt\n|faint|p1a: Hydreigon\n|\n|-weather|SunnyDay|[upkeep]\n|upkeep\n|\n|t:|1776665771\n|switch|p1a: Toxapex|Toxapex, L50, M|65/100\n|-damage|p1a: Toxapex|53/100|[from] Stealth Rock\n|turn|16\n|\n|t:|1776665778\n|move|p2a: Charizard|Flamethrower|p1a: Toxapex\n|-resisted|p1a: Toxapex|1\n|-damage|p1a: Toxapex|26/100\n|move|p1a: Toxapex|Recover|p1a: Toxapex\n|-heal|p1a: Toxapex|76/100\n|\n|-weather|SunnyDay|[upkeep]\n|upkeep\n|turn|17\n|\n|t:|1776665792\n|move|p2a: Charizard|Flame Charge|p1a: Toxapex\n|-resisted|p1a: Toxapex|1\n|-damage|p1a: Toxapex|66/100\n|-boost|p2a: Charizard|spe|1\n|move|p1a: Toxapex|Payback|p2a: Charizard\n|-damage|p2a: Charizard|0 fnt\n|faint|p2a: Charizard\n|\n|-weather|SunnyDay|[upkeep]\n|upkeep\n|\n|t:|1776665802\n|switch|p2a: Hippowdon|Hippowdon, L50, F|60/100 tox\n|-weather|Sandstorm|[from] ability: Sand Stream|[of] p2a: Hippowdon\n|turn|18\n|\n|t:|1776665813\n|move|p2a: Hippowdon|Earthquake|p1a: Toxapex|[miss]\n|-miss|p2a: Hippowdon|p1a: Toxapex\n|move|p1a: Toxapex|Recover|p1a: Toxapex\n|-heal|p1a: Toxapex|100/100\n|\n|-weather|Sandstorm|[upkeep]\n|-damage|p1a: Toxapex|95/100|[from] Sandstorm\n|-heal|p2a: Hippowdon|66/100 tox|[from] item: Leftovers\n|-damage|p2a: Hippowdon|60/100 tox|[from] psn\n|upkeep\n|turn|19\n|\n|t:|1776665830\n|move|p2a: Hippowdon|Earthquake|p1a: Toxapex\n|-supereffective|p1a: Toxapex|1\n|-damage|p1a: Toxapex|34/100\n|move|p1a: Toxapex|Recover|p1a: Toxapex\n|-heal|p1a: Toxapex|84/100\n|\n|-weather|Sandstorm|[upkeep]\n|-damage|p1a: Toxapex|78/100|[from] Sandstorm\n|-heal|p2a: Hippowdon|66/100 tox|[from] item: Leftovers\n|-damage|p2a: Hippowdon|54/100 tox|[from] psn\n|upkeep\n|turn|20\n|\n|t:|1776665842\n|move|p2a: Hippowdon|Earthquake|p1a: Toxapex\n|-supereffective|p1a: Toxapex|1\n|-damage|p1a: Toxapex|21/100\n|move|p1a: Toxapex|Recover|p1a: Toxapex\n|-heal|p1a: Toxapex|71/100\n|\n|-weather|Sandstorm|[upkeep]\n|-damage|p1a: Toxapex|65/100|[from] Sandstorm\n|-heal|p2a: Hippowdon|60/100 tox|[from] item: Leftovers\n|-damage|p2a: Hippowdon|42/100 tox|[from] psn\n|upkeep\n|turn|21\n|\n|t:|1776665853\n|move|p2a: Hippowdon|Earthquake|p1a: Toxapex\n|-supereffective|p1a: Toxapex|1\n|-damage|p1a: Toxapex|7/100\n|move|p1a: Toxapex|Recover|p1a: Toxapex\n|-heal|p1a: Toxapex|57/100\n|\n|-weather|Sandstorm|[upkeep]\n|-damage|p1a: Toxapex|51/100|[from] Sandstorm\n|-heal|p2a: Hippowdon|48/100 tox|[from] item: Leftovers\n|-damage|p2a: Hippowdon|24/100 tox|[from] psn\n|upkeep\n|turn|22\n|c|\u2606Cold Steel III|Wow\n|\n|t:|1776665864\n|move|p2a: Hippowdon|Earthquake|p1a: Toxapex\n|-supereffective|p1a: Toxapex|1\n|-damage|p1a: Toxapex|0 fnt\n|faint|p1a: Toxapex\n|\n|win|Lunartul\n|c|\u2606Cold Steel III|gg\n|l|\u2606Lunartul\n|player|p2|\n|l|\u2606Cold Steel III\n|player|p1|\n|j|\u2606Cold Steel III\n|player|p1|Cold Steel III|ash|\n|l|\u2606Cold Steel III\n|player|p1|\n|j|\u2606Cold Steel III\n|player|p1|Cold Steel III|ash|\n",
  "uploadtime": 1776665972,
  "views": 3,
  "formatid": "gen9championsbssregma",
  "rating": null,
  "private": 0,
  "password": null
}