{
  "id": "gen9championsbssregma-2589507642",
  "format": "[Gen 9 Champions] BSS Reg M-A",
  "players": [
    "jeseth",
    "Jaket34"
  ],
  "log": "|j|\u2606jeseth\n|j|\u2606Jaket34\n|t:|1776729282\n|gametype|singles\n|player|p1|jeseth|102|1040\n|player|p2|Jaket34|265|1000\n|gen|9\n|tier|[Gen 9 Champions] BSS Reg M-A\n|rated|\n|rule|Species Clause: Limit one of each Pok\u00e9mon\n|rule|Item Clause: Limit 1 of each item\n|clearpoke\n|poke|p1|Simipour, L50, M|\n|poke|p1|Meganium, L50, F|\n|poke|p1|Toxapex, L50, F|\n|poke|p1|Simisage, L50, M|\n|poke|p1|Audino, L50, M|\n|poke|p1|Glimmora, L50, F|\n|poke|p2|Scizor, L50, F, shiny|\n|poke|p2|Rotom-Wash, L50, shiny|\n|poke|p2|Arcanine-Hisui, L50, F, shiny|\n|poke|p2|Garchomp, L50, M|\n|poke|p2|Mimikyu, L50, F, shiny|\n|poke|p2|Basculegion, L50, M, shiny|\n|teampreview|3\n|inactive|Battle timer is ON: inactive players will automatically lose when time's up. (requested by Jaket34)\n|\n|t:|1776729311\n|teamsize|p1|3\n|teamsize|p2|3\n|start\n|switch|p1a: Toxapex|Toxapex, L50, F|100/100\n|switch|p2a: Rotom|Rotom-Wash, L50, shiny|100/100\n|turn|1\n|\n|t:|1776729318\n|move|p2a: Rotom|Volt Switch|p1a: Toxapex\n|-supereffective|p1a: Toxapex|1\n|-crit|p1a: Toxapex\n|-damage|p1a: Toxapex|46/100\n|\n|t:|1776729324\n|switch|p2a: Scizor|Scizor, L50, F, shiny|100/100|[from] Volt Switch\n|move|p1a: Toxapex|Toxic|p2a: Scizor\n|-immune|p2a: Scizor\n|\n|-heal|p1a: Toxapex|51/100|[from] item: Leftovers\n|upkeep\n|turn|2\n|\n|t:|1776729332\n|move|p1a: Toxapex|Baneful Bunker|p1a: Toxapex\n|-singleturn|p1a: Toxapex|move: Protect\n|move|p2a: Scizor|U-turn|p1a: Toxapex\n|-activate|p1a: Toxapex|move: Protect\n|\n|-heal|p1a: Toxapex|57/100|[from] item: Leftovers\n|upkeep\n|turn|3\n|\n|t:|1776729342\n|move|p2a: Scizor|U-turn|p1a: Toxapex\n|-resisted|p1a: Toxapex|1\n|-damage|p1a: Toxapex|43/100\n|\n|t:|1776729345\n|switch|p2a: Rotom|Rotom-Wash, L50, shiny|100/100|[from] U-turn\n|move|p1a: Toxapex|Recover|p1a: Toxapex\n|-heal|p1a: Toxapex|93/100\n|\n|-heal|p1a: Toxapex|99/100|[from] item: Leftovers\n|upkeep\n|turn|4\n|\n|t:|1776729353\n|move|p2a: Rotom|Volt Switch|p1a: Toxapex\n|-supereffective|p1a: Toxapex|1\n|-damage|p1a: Toxapex|60/100\n|\n|t:|1776729356\n|switch|p2a: Scizor|Scizor, L50, F, shiny|100/100|[from] Volt Switch\n|move|p1a: Toxapex|Toxic|p2a: Scizor\n|-immune|p2a: Scizor\n|\n|-heal|p1a: Toxapex|66/100|[from] item: Leftovers\n|upkeep\n|turn|5\n|\n|t:|1776729362\n|move|p1a: Toxapex|Baneful Bunker|p1a: Toxapex\n|-singleturn|p1a: Toxapex|move: Protect\n|move|p2a: Scizor|Knock Off|p1a: Toxapex\n|-activate|p1a: Toxapex|move: Protect\n|\n|-heal|p1a: Toxapex|72/100|[from] item: Leftovers\n|upkeep\n|turn|6\n|\n|t:|1776729372\n|move|p2a: Scizor|Knock Off|p1a: Toxapex\n|-damage|p1a: Toxapex|46/100\n|-enditem|p1a: Toxapex|Leftovers|[from] move: Knock Off|[of] p2a: Scizor\n|move|p1a: Toxapex|Rain Dance|p1a: Toxapex\n|-weather|RainDance\n|\n|-weather|RainDance|[upkeep]\n|upkeep\n|turn|7\n|\n|t:|1776729378\n|move|p2a: Scizor|U-turn|p1a: Toxapex\n|-resisted|p1a: Toxapex|1\n|-damage|p1a: Toxapex|30/100\n|\n|t:|1776729381\n|switch|p2a: Rotom|Rotom-Wash, L50, shiny|100/100|[from] U-turn\n|move|p1a: Toxapex|Toxic|p2a: Rotom\n|-status|p2a: Rotom|tox\n|\n|-weather|RainDance|[upkeep]\n|-damage|p2a: Rotom|95/100 tox|[from] psn\n|upkeep\n|turn|8\n|\n|t:|1776729385\n|move|p1a: Toxapex|Baneful Bunker|p1a: Toxapex\n|-singleturn|p1a: Toxapex|move: Protect\n|move|p2a: Rotom|Volt Switch|p1a: Toxapex\n|-activate|p1a: Toxapex|move: Protect\n|\n|-weather|RainDance|[upkeep]\n|-heal|p2a: Rotom|100/100 tox|[from] item: Leftovers\n|-damage|p2a: Rotom|89/100 tox|[from] psn\n|upkeep\n|turn|9\n|\n|t:|1776729395\n|switch|p1a: Meganium|Meganium, L50, F|100/100\n|move|p2a: Rotom|Volt Switch|p1a: Meganium\n|-resisted|p1a: Meganium|1\n|-crit|p1a: Meganium\n|-damage|p1a: Meganium|83/100\n|\n|t:|1776729398\n|switch|p2a: Arcanine|Arcanine-Hisui, L50, F, shiny|100/100|[from] Volt Switch\n|\n|-weather|RainDance|[upkeep]\n|upkeep\n|turn|10\n|\n|t:|1776729411\n|switch|p2a: Scizor|Scizor, L50, F, shiny|100/100\n|detailschange|p1a: Meganium|Meganium-Mega, L50, F\n|-mega|p1a: Meganium|Meganium|Meganiumite\n|move|p1a: Meganium|Earth Power|p2a: Scizor\n|-damage|p2a: Scizor|47/100\n|\n|-weather|none\n|upkeep\n|turn|11\n|\n|t:|1776729424\n|detailschange|p2a: Scizor|Scizor-Mega, L50, F, shiny\n|-mega|p2a: Scizor|Scizor|Scizorite\n|move|p2a: Scizor|Bullet Punch|p1a: Meganium\n|-supereffective|p1a: Meganium|1\n|-damage|p1a: Meganium|18/100\n|move|p1a: Meganium|Weather Ball|p2a: Scizor\n|-supereffective|p2a: Scizor|2\n|-damage|p2a: Scizor|0 fnt\n|faint|p2a: Scizor\n|\n|upkeep\n|\n|t:|1776729434\n|switch|p2a: Arcanine|Arcanine-Hisui, L50, F, shiny|100/100\n|turn|12\n|\n|t:|1776729441\n|move|p2a: Arcanine|Head Smash|p1a: Meganium\n|-damage|p1a: Meganium|0 fnt\n|faint|p1a: Meganium\n|\n|upkeep\n|\n|t:|1776729446\n|switch|p1a: Toxapex|Toxapex, L50, F|64/100\n|turn|13\n|\n|t:|1776729451\n|move|p1a: Toxapex|Baneful Bunker|p1a: Toxapex\n|-singleturn|p1a: Toxapex|move: Protect\n|move|p2a: Arcanine|Head Smash|p1a: Toxapex\n|-activate|p1a: Toxapex|move: Protect\n|-status|p2a: Arcanine|psn\n|\n|-damage|p2a: Arcanine|88/100 psn|[from] psn\n|upkeep\n|turn|14\n|-message|Jaket34 forfeited.\n|\n|win|jeseth\n|raw|jeseth's rating: 1040 &rarr; <strong>1070</strong><br />(+30 for winning)\n|raw|Jaket34's rating: 1000 &rarr; <strong>1000</strong><br />(+0 for losing)\n|l|\u2606Jaket34\n|player|p2|\n",
  "uploadtime": 1776729474,
  "views": 5,
  "formatid": "gen9championsbssregma",
  "rating": 1000,
  "private": 0,
  "password": null
}