{
  "id": "gen9championsbssregma-2588120469",
  "format": "[Gen 9 Champions] BSS Reg M-A",
  "players": [
    "Schwilles",
    "adfsdfsdfsdaf"
  ],
  "log": "|j|\u2606Schwilles\n|j|\u2606adfsdfsdfsdaf\n|t:|1776606478\n|gametype|singles\n|player|p1|Schwilles|169|1075\n|player|p2|adfsdfsdfsdaf|2|1186\n|gen|9\n|tier|[Gen 9 Champions] BSS Reg M-A\n|rated|\n|rule|Species Clause: Limit one of each Pok\u00e9mon\n|rule|Item Clause: Limit 1 of each item\n|clearpoke\n|poke|p1|Camerupt, L50, M|\n|poke|p1|Reuniclus, L50, M|\n|poke|p1|Torkoal, L50, M|\n|poke|p1|Weavile, L50, F|\n|poke|p1|Rampardos, L50, F|\n|poke|p1|Volcarona, L50, M|\n|poke|p2|Venusaur, L50, F|\n|poke|p2|Clefable, L50, M|\n|poke|p2|Hippowdon, L50, F|\n|poke|p2|Dragonite, L50, M|\n|poke|p2|Aegislash, L50, F|\n|poke|p2|Infernape, L50, M|\n|teampreview|3\n|inactive|Battle timer is ON: inactive players will automatically lose when time's up. (requested by adfsdfsdfsdaf)\n|inactive|Schwilles has 60 seconds left.\n|\n|t:|1776606532\n|teamsize|p1|3\n|teamsize|p2|3\n|start\n|switch|p1a: Reuniclus|Reuniclus, L50, M|100/100\n|switch|p2a: Hippowdon|Hippowdon, L50, F|100/100\n|-weather|Sandstorm|[from] ability: Sand Stream|[of] p2a: Hippowdon\n|turn|1\n|\n|t:|1776606538\n|move|p2a: Hippowdon|Yawn|p1a: Reuniclus\n|-start|p1a: Reuniclus|move: Yawn|[of] p2a: Hippowdon\n|move|p1a: Reuniclus|Trick Room|p1a: Reuniclus\n|-fieldstart|move: Trick Room|[of] p1a: Reuniclus\n|\n|-weather|Sandstorm|[upkeep]\n|-damage|p1a: Reuniclus|95/100|[from] Sandstorm\n|upkeep\n|turn|2\n|\n|t:|1776606542\n|switch|p1a: Camerupt|Camerupt, L50, M|100/100\n|move|p2a: Hippowdon|Stealth Rock|p1a: Camerupt\n|-sidestart|p1: Schwilles|move: Stealth Rock\n|\n|-weather|Sandstorm|[upkeep]\n|upkeep\n|turn|3\n|\n|t:|1776606546\n|detailschange|p1a: Camerupt|Camerupt-Mega, L50, M\n|-mega|p1a: Camerupt|Camerupt|Cameruptite\n|move|p1a: Camerupt|Eruption|p2a: Hippowdon\n|-damage|p2a: Hippowdon|28/100\n|move|p2a: Hippowdon|Yawn|p1a: Camerupt\n|-start|p1a: Camerupt|move: Yawn|[of] p2a: Hippowdon\n|\n|-weather|Sandstorm|[upkeep]\n|upkeep\n|turn|4\n|\n|t:|1776606557\n|move|p1a: Camerupt|Earth Power|p2a: Hippowdon\n|-damage|p2a: Hippowdon|0 fnt\n|faint|p2a: Hippowdon\n|\n|-weather|Sandstorm|[upkeep]\n|-end|p1a: Camerupt|move: Yawn|[silent]\n|-status|p1a: Camerupt|slp\n|upkeep\n|\n|t:|1776606562\n|switch|p2a: Venusaur|Venusaur, L50, F|100/100\n|turn|5\n|\n|t:|1776606566\n|detailschange|p2a: Venusaur|Venusaur-Mega, L50, F\n|-mega|p2a: Venusaur|Venusaur|Venusaurite\n|cant|p1a: Camerupt|slp\n|move|p2a: Venusaur|Earth Power|p1a: Camerupt\n|-supereffective|p1a: Camerupt|1\n|-damage|p1a: Camerupt|53/100 slp\n|\n|-weather|none\n|-fieldend|move: Trick Room\n|upkeep\n|turn|6\n|\n|t:|1776606572\n|move|p2a: Venusaur|Earth Power|p1a: Camerupt\n|-supereffective|p1a: Camerupt|1\n|-damage|p1a: Camerupt|2/100 slp\n|cant|p1a: Camerupt|slp\n|\n|upkeep\n|turn|7\n|\n|t:|1776606575\n|move|p2a: Venusaur|Giga Drain|p1a: Camerupt\n|-damage|p1a: Camerupt|0 fnt\n|faint|p1a: Camerupt\n|\n|upkeep\n|\n|t:|1776606586\n|switch|p1a: Reuniclus|Reuniclus, L50, M|100/100\n|-damage|p1a: Reuniclus|88/100|[from] Stealth Rock\n|turn|8\n|\n|t:|1776606591\n|switch|p2a: Aegislash|Aegislash, L50, F|100/100\n|move|p1a: Reuniclus|Future Sight|p2a: Aegislash\n|-start|p1a: Reuniclus|move: Future Sight\n|\n|upkeep\n|turn|9\n|\n|t:|1776606600\n|switch|p1a: Weavile|Weavile, L50, F|100/100\n|-damage|p1a: Weavile|76/100|[from] Stealth Rock\n|-ability|p1a: Weavile|Pressure\n|-formechange|p2a: Aegislash|Aegislash-Blade|\n|move|p2a: Aegislash|Shadow Ball|p1a: Weavile\n|-resisted|p1a: Weavile|1\n|-damage|p1a: Weavile|43/100\n|-unboost|p1a: Weavile|spd|1\n|\n|upkeep\n|turn|10\n|\n|t:|1776606604\n|-formechange|p2a: Aegislash|Aegislash|\n|move|p2a: Aegislash|King's Shield|p2a: Aegislash\n|-singleturn|p2a: Aegislash|Protect\n|move|p1a: Weavile|Knock Off|p2a: Aegislash\n|-activate|p2a: Aegislash|move: Protect\n|-unboost|p1a: Weavile|atk|1\n|\n|-end|p2a: Aegislash|move: Future Sight\n|-resisted|p2a: Aegislash|1\n|-damage|p2a: Aegislash|72/100\n|upkeep\n|turn|11\n|-message|Schwilles forfeited.\n|\n|win|adfsdfsdfsdaf\n|raw|Schwilles's rating: 1075 &rarr; <strong>1060</strong><br />(-15 for losing)\n|raw|adfsdfsdfsdaf's rating: 1186 &rarr; <strong>1203</strong><br />(+17 for winning)\n|l|\u2606Schwilles\n|player|p1|\n",
  "uploadtime": 1776606617,
  "views": 1,
  "formatid": "gen9championsbssregma",
  "rating": 1060,
  "private": 0,
  "password": null
}