{
  "id": "gen9championsbssregma-2588043424",
  "format": "[Gen 9 Champions] BSS Reg M-A",
  "players": [
    "Mr_Ghost_102",
    "Aphynobiprime"
  ],
  "log": "|j|\u2606Mr_Ghost_102\n|j|\u2606Aphynobiprime\n|t:|1776597206\n|gametype|singles\n|player|p1|Mr_Ghost_102|gladion|\n|player|p2|Aphynobiprime|cress|\n|gen|9\n|tier|[Gen 9 Champions] BSS Reg M-A\n|rule|Species Clause: Limit one of each Pok\u00e9mon\n|rule|Item Clause: Limit 1 of each item\n|clearpoke\n|poke|p1|Excadrill, L50, M|\n|poke|p1|Dragonite, L50, F, shiny|\n|poke|p1|Dragapult, L50, M|\n|poke|p1|Espathra, L50, M|\n|poke|p1|Golurk, L50, shiny|\n|poke|p1|Dedenne, L50, F|\n|poke|p2|Froslass, L50, F|\n|poke|p2|Beartic, L50, F|\n|poke|p2|Mr. Rime, L50, F|\n|poke|p2|Appletun, L50, M|\n|poke|p2|Lopunny, L50, F|\n|poke|p2|Arcanine-Hisui, L50, F|\n|teampreview|3\n|inactive|Battle timer is ON: inactive players will automatically lose when time's up. (requested by Mr_Ghost_102)\n|\n|t:|1776597218\n|teamsize|p1|3\n|teamsize|p2|3\n|start\n|switch|p1a: Dedenne|Dedenne, L50, F|100/100\n|switch|p2a: Froslass|Froslass, L50, F|100/100\n|turn|1\n|\n|t:|1776597224\n|detailschange|p2a: Froslass|Froslass-Mega, L50, F\n|-mega|p2a: Froslass|Froslass|Froslassite\n|-weather|Snowscape|[from] ability: Snow Warning|[of] p2a: Froslass\n|move|p2a: Froslass|Aurora Veil|p2a: Froslass\n|-sidestart|p2: Aphynobiprime|move: Aurora Veil\n|move|p1a: Dedenne|Nuzzle|p2a: Froslass\n|-damage|p2a: Froslass|96/100\n|-status|p2a: Froslass|par\n|\n|-weather|Snowscape|[upkeep]\n|upkeep\n|turn|2\n|c|\u2606Mr_Ghost_102|REGARDE LA PUISSANCE D UN DEDENNE\n|\n|t:|1776597238\n|move|p1a: Dedenne|Dig||[still]\n|-prepare|p1a: Dedenne|Dig\n|cant|p2a: Froslass|par\n|\n|-weather|Snowscape|[upkeep]\n|upkeep\n|turn|3\n|\n|t:|1776597244\n|switch|p2a: Appletun|Appletun, L50, M|100/100\n|move|p1a: Dedenne|Dig|p2a: Appletun|[from] lockedmove\n|-resisted|p2a: Appletun|1\n|-damage|p2a: Appletun|96/100\n|\n|-weather|Snowscape|[upkeep]\n|upkeep\n|turn|4\n|c|\u2606Mr_Ghost_102|PAUVRE FOU QUI CROIT POUVOIR BATTRE UN DEDENNE\n|\n|t:|1776597257\n|move|p1a: Dedenne|Nuzzle|p2a: Appletun\n|-resisted|p2a: Appletun|2\n|-damage|p2a: Appletun|96/100\n|-status|p2a: Appletun|par\n|move|p2a: Appletun|Leaf Storm|p1a: Dedenne\n|-enditem|p1a: Dedenne|Focus Sash\n|-damage|p1a: Dedenne|1/100\n|-unboost|p2a: Appletun|spa|2\n|\n|-weather|Snowscape|[upkeep]\n|upkeep\n|turn|5\n|c|\u2606Mr_Ghost_102|MON DEDENNE MOURIR\n|c|\u2606Mr_Ghost_102|MAIS SA MORT LAISSERA DANS LES ESPRIT PLEIN DE REGRETTE\n|\n|t:|1776597278\n|move|p1a: Dedenne|Dazzling Gleam|p2a: Appletun\n|-supereffective|p2a: Appletun|1\n|-damage|p2a: Appletun|72/100 par\n|move|p2a: Appletun|Giga Drain|p1a: Dedenne\n|-damage|p1a: Dedenne|0 fnt\n|-heal|p2a: Appletun|73/100 par|[from] drain|[of] p1a: Dedenne\n|faint|p1a: Dedenne\n|\n|-weather|none\n|-sideend|p2: Aphynobiprime|move: Aurora Veil\n|upkeep\n|\n|t:|1776597281\n|switch|p1a: Espathra|Espathra, L50, M|100/100\n|turn|6\n|\n|t:|1776597292\n|switch|p2a: Froslass|Froslass-Mega, L50, F|96/100 par\n|-weather|Snowscape|[from] ability: Snow Warning|[of] p2a: Froslass\n|move|p1a: Espathra|Calm Mind|p1a: Espathra\n|-boost|p1a: Espathra|spa|1\n|-boost|p1a: Espathra|spd|1\n|\n|-weather|Snowscape|[upkeep]\n|-ability|p1a: Espathra|Speed Boost|boost\n|-boost|p1a: Espathra|spe|1\n|upkeep\n|turn|7\n|\n|t:|1776597299\n|move|p1a: Espathra|Protect|p1a: Espathra\n|-singleturn|p1a: Espathra|Protect\n|move|p2a: Froslass|Poltergeist|p1a: Espathra\n|-activate|p1a: Espathra|move: Protect\n|\n|-weather|Snowscape|[upkeep]\n|-ability|p1a: Espathra|Speed Boost|boost\n|-boost|p1a: Espathra|spe|1\n|upkeep\n|turn|8\n|\n|t:|1776597304\n|move|p1a: Espathra|Baton Pass|p1a: Espathra\n|\n|t:|1776597305\n|switch|p1a: Dragonite|Dragonite, L50, F, shiny|100/100|[from] Baton Pass\n|move|p2a: Froslass|Poltergeist|p1a: Dragonite\n|-activate|p1a: Dragonite|move: Poltergeist|Dragoninite\n|-damage|p1a: Dragonite|76/100\n|\n|-weather|Snowscape|[upkeep]\n|upkeep\n|turn|9\n|\n|t:|1776597310\n|detailschange|p1a: Dragonite|Dragonite-Mega, L50, F, shiny\n|-mega|p1a: Dragonite|Dragonite|Dragoninite\n|move|p1a: Dragonite|Flamethrower|p2a: Froslass\n|-supereffective|p2a: Froslass|1\n|-damage|p2a: Froslass|0 fnt\n|faint|p2a: Froslass\n|\n|-weather|Snowscape|[upkeep]\n|upkeep\n|\n|t:|1776597315\n|switch|p2a: Lopunny|Lopunny, L50, F|100/100\n|turn|10\n|\n|t:|1776597319\n|move|p2a: Lopunny|Fake Out|p1a: Dragonite\n|-damage|p1a: Dragonite|65/100\n|cant|p1a: Dragonite|flinch\n|\n|-weather|none\n|upkeep\n|turn|11\n|\n|t:|1776597321\n|move|p1a: Dragonite|Dragon Pulse|p2a: Lopunny\n|-damage|p2a: Lopunny|12/100\n|move|p2a: Lopunny|Blizzard|p1a: Dragonite\n|-supereffective|p1a: Dragonite|2\n|-damage|p1a: Dragonite|24/100\n|\n|upkeep\n|turn|12\n|c|\u2606Aphynobiprime|mais frr\n|c|\u2606Mr_Ghost_102|ses un tank special\n|c|\u2606Aphynobiprime|c trop une dinri\n|c|\u2606Mr_Ghost_102|xd\n|\n|t:|1776597337\n|move|p1a: Dragonite|Extreme Speed|p2a: Lopunny\n|-damage|p2a: Lopunny|0 fnt\n|faint|p2a: Lopunny\n|\n|upkeep\n|\n|t:|1776597339\n|switch|p2a: Appletun|Appletun, L50, M|73/100 par\n|turn|13\n|\n|t:|1776597342\n|move|p1a: Dragonite|Flamethrower|p2a: Appletun\n|-damage|p2a: Appletun|22/100 par\n|-enditem|p2a: Appletun|Sitrus Berry|[eat]\n|-heal|p2a: Appletun|47/100 par|[from] item: Sitrus Berry\n|move|p2a: Appletun|Draco Meteor|p1a: Dragonite\n|-supereffective|p1a: Dragonite|1\n|-damage|p1a: Dragonite|0 fnt\n|-unboost|p2a: Appletun|spa|2\n|faint|p1a: Dragonite\n|\n|upkeep\n|\n|t:|1776597345\n|switch|p1a: Espathra|Espathra, L50, M|100/100\n|turn|14\n|\n|t:|1776597349\n|move|p1a: Espathra|Calm Mind|p1a: Espathra\n|-boost|p1a: Espathra|spa|1\n|-boost|p1a: Espathra|spd|1\n|move|p2a: Appletun|Apple Acid|p1a: Espathra\n|-damage|p1a: Espathra|83/100\n|-unboost|p1a: Espathra|spd|1\n|\n|-heal|p1a: Espathra|89/100|[from] item: Leftovers\n|-ability|p1a: Espathra|Speed Boost|boost\n|-boost|p1a: Espathra|spe|1\n|upkeep\n|turn|15\n|\n|t:|1776597352\n|move|p1a: Espathra|Dazzling Gleam|p2a: Appletun\n|-supereffective|p2a: Appletun|1\n|-damage|p2a: Appletun|0 fnt\n|faint|p2a: Appletun\n|\n|win|Mr_Ghost_102\n|c|\u2606Mr_Ghost_102|gg\n|l|\u2606Aphynobiprime\n|player|p2|\n|c|\u2606Mr_Ghost_102|mon bebou\n",
  "uploadtime": 1776597359,
  "views": 13,
  "formatid": "gen9championsbssregma",
  "rating": null,
  "private": 0,
  "password": null
}