{
  "id": "gen9championsbssregma-2582776571",
  "format": "[Gen 9 Champions] BSS Reg M-A",
  "players": [
    "MondeInferieur",
    "EstemanACG1"
  ],
  "log": "|j|\u2606MondeInferieur\n|j|\u2606EstemanACG1\n|t:|1776113329\n|gametype|singles\n|player|p1|MondeInferieur|nate|1069\n|player|p2|EstemanACG1|riley|1105\n|gen|9\n|tier|[Gen 9 Champions] BSS Reg M-A\n|rated|\n|rule|Species Clause: Limit one of each Pok\u00e9mon\n|rule|Item Clause: Limit 1 of each item\n|clearpoke\n|poke|p1|Meganium, L50, M|\n|poke|p1|Aegislash, L50, F|\n|poke|p1|Dragonite, L50, M|\n|poke|p1|Kleavor, L50, M|\n|poke|p1|Lopunny, L50, F|\n|poke|p1|Garchomp, L50, M|\n|poke|p2|Volcarona, L50, M|\n|poke|p2|Aegislash, L50, M|\n|poke|p2|Charizard, L50, F|\n|poke|p2|Floette-Eternal, L50, F|\n|poke|p2|Primarina, L50, F|\n|poke|p2|Quaquaval, L50, M|\n|teampreview|3\n|c|\u2606EstemanACG1|gllhf\n|\n|t:|1776113364\n|teamsize|p1|3\n|teamsize|p2|3\n|start\n|switch|p1a: Lowatack|Aegislash, L50, F|100/100\n|switch|p2a: Aegislash|Aegislash, L50, M|100/100\n|turn|1\n|inactive|Battle timer is ON: inactive players will automatically lose when time's up. (requested by MondeInferieur)\n|inactiveoff|Battle timer is now OFF.\n|\n|t:|1776113372\n|move|p2a: Aegislash|Swords Dance|p2a: Aegislash\n|-boost|p2a: Aegislash|atk|2\n|-formechange|p1a: Lowatack|Aegislash-Blade|\n|move|p1a: Lowatack|Shadow Ball|p2a: Aegislash\n|-supereffective|p2a: Aegislash|1\n|-damage|p2a: Aegislash|7/100\n|\n|upkeep\n|turn|2\n|\n|t:|1776113382\n|-formechange|p1a: Lowatack|Aegislash|\n|move|p1a: Lowatack|King's Shield|p1a: Lowatack\n|-singleturn|p1a: Lowatack|Protect\n|-formechange|p2a: Aegislash|Aegislash-Blade|\n|move|p2a: Aegislash|Shadow Sneak|p1a: Lowatack\n|-activate|p1a: Lowatack|move: Protect\n|-unboost|p2a: Aegislash|atk|1\n|\n|upkeep\n|turn|3\n|\n|t:|1776113392\n|-formechange|p2a: Aegislash|Aegislash|\n|move|p2a: Aegislash|King's Shield|p2a: Aegislash\n|-singleturn|p2a: Aegislash|Protect\n|-formechange|p1a: Lowatack|Aegislash-Blade|\n|move|p1a: Lowatack|Shadow Sneak|p2a: Aegislash\n|-activate|p2a: Aegislash|move: Protect\n|-unboost|p1a: Lowatack|atk|1\n|\n|upkeep\n|turn|4\n|\n|t:|1776113401\n|-formechange|p2a: Aegislash|Aegislash-Blade|\n|move|p2a: Aegislash|Shadow Sneak|p1a: Lowatack\n|-supereffective|p1a: Lowatack|1\n|-damage|p1a: Lowatack|0 fnt\n|faint|p1a: Lowatack\n|\n|upkeep\n|\n|t:|1776113408\n|switch|p1a: Sweep|Dragonite, L50, M|100/100\n|turn|5\n|\n|t:|1776113412\n|move|p2a: Aegislash|Shadow Sneak|p1a: Sweep\n|-damage|p1a: Sweep|79/100\n|move|p1a: Sweep|Dragon Dance|p1a: Sweep\n|-boost|p1a: Sweep|atk|1\n|-boost|p1a: Sweep|spe|1\n|\n|upkeep\n|turn|6\n|\n|t:|1776113426\n|move|p1a: Sweep|Earthquake|p2a: Aegislash\n|-supereffective|p2a: Aegislash|1\n|-damage|p2a: Aegislash|0 fnt\n|faint|p2a: Aegislash\n|\n|upkeep\n|\n|t:|1776113427\n|switch|p2a: Primarina|Primarina, L50, F|100/100\n|turn|7\n|\n|t:|1776113448\n|switch|p1a: Gaypride|Meganium, L50, M|100/100\n|move|p2a: Primarina|Ice Beam|p1a: Gaypride\n|-supereffective|p1a: Gaypride|1\n|-damage|p1a: Gaypride|35/100\n|\n|upkeep\n|turn|8\n|\n|t:|1776113456\n|switch|p2a: Volcarona|Volcarona, L50, M|100/100\n|detailschange|p1a: Gaypride|Meganium-Mega, L50, M\n|-mega|p1a: Gaypride|Meganium|Meganiumite\n|move|p1a: Gaypride|Solar Beam||[still]\n|-prepare|p1a: Gaypride|Solar Beam\n|-activate|p1a: Gaypride|ability: Mega Sol\n|-anim|p1a: Gaypride|Solar Beam|p2a: Volcarona\n|-resisted|p2a: Volcarona|2\n|-damage|p2a: Volcarona|84/100\n|\n|upkeep\n|turn|9\n|\n|t:|1776113468\n|switch|p1a: Sweep|Dragonite, L50, M|79/100\n|move|p2a: Volcarona|Quiver Dance|p2a: Volcarona\n|-boost|p2a: Volcarona|spa|1\n|-boost|p2a: Volcarona|spd|1\n|-boost|p2a: Volcarona|spe|1\n|\n|upkeep\n|turn|10\n|\n|t:|1776113475\n|move|p2a: Volcarona|Psychic|p1a: Sweep\n|-damage|p1a: Sweep|29/100\n|move|p1a: Sweep|Dragon Dance|p1a: Sweep\n|-boost|p1a: Sweep|atk|1\n|-boost|p1a: Sweep|spe|1\n|\n|upkeep\n|turn|11\n|\n|t:|1776113482\n|move|p2a: Volcarona|Psychic|p1a: Sweep\n|-damage|p1a: Sweep|0 fnt\n|faint|p1a: Sweep\n|\n|upkeep\n|-message|MondeInferieur forfeited.\n|\n|win|EstemanACG1\n|raw|MondeInferieur's rating: 1069 &rarr; <strong>1051</strong><br />(-18 for losing)\n|raw|EstemanACG1's rating: 1105 &rarr; <strong>1127</strong><br />(+22 for winning)\n|l|\u2606MondeInferieur\n|player|p1|\n",
  "uploadtime": 1776113491,
  "views": 6,
  "formatid": "gen9championsbssregma",
  "rating": 1051,
  "private": 0,
  "password": null
}