{
  "id": "gen9championsbssregma-2586961502",
  "format": "[Gen 9 Champions] BSS Reg M-A",
  "players": [
    "ee852",
    "Silentsummer"
  ],
  "log": "|j|\u2606ee852\n|j|\u2606Silentsummer\n|t:|1776475952\n|gametype|singles\n|player|p1|ee852|mom-hoenn|1147\n|player|p2|Silentsummer|266|1034\n|gen|9\n|tier|[Gen 9 Champions] BSS Reg M-A\n|rated|\n|rule|Species Clause: Limit one of each Pok\u00e9mon\n|rule|Item Clause: Limit 1 of each item\n|clearpoke\n|poke|p1|Archaludon, L50, F|\n|poke|p1|Ninetales-Alola, L50, F|\n|poke|p1|Toxapex, L50, F|\n|poke|p1|Blastoise, L50, M|\n|poke|p1|Scizor, L50, M|\n|poke|p1|Garchomp, L50, F|\n|poke|p2|Archaludon, L50, M|\n|poke|p2|Ninetales-Alola, L50, F|\n|poke|p2|Blastoise, L50, F|\n|poke|p2|Scizor, L50, F|\n|poke|p2|Garchomp, L50, F|\n|poke|p2|Toxapex, L50, M|\n|teampreview|3\n|inactive|Battle timer is ON: inactive players will automatically lose when time's up. (requested by Silentsummer)\n|inactive|ee852 has 60 seconds left.\n|\n|t:|1776475992\n|teamsize|p1|3\n|teamsize|p2|3\n|start\n|switch|p1a: Archaludon|Archaludon, L50, F|100/100\n|switch|p2a: Blastoise|Blastoise, L50, F|100/100\n|turn|1\n|\n|t:|1776475997\n|detailschange|p2a: Blastoise|Blastoise-Mega, L50, F\n|-mega|p2a: Blastoise|Blastoise|Blastoisinite\n|move|p2a: Blastoise|Shell Smash|p2a: Blastoise\n|-unboost|p2a: Blastoise|def|1\n|-unboost|p2a: Blastoise|spd|1\n|-boost|p2a: Blastoise|atk|2\n|-boost|p2a: Blastoise|spa|2\n|-boost|p2a: Blastoise|spe|2\n|move|p1a: Archaludon|Dragon Tail|p2a: Blastoise\n|-damage|p2a: Blastoise|68/100\n|drag|p2a: Scizor|Scizor, L50, F|100/100\n|\n|upkeep\n|turn|2\n|\n|t:|1776476009\n|move|p1a: Archaludon|Stealth Rock|p2a: Scizor\n|-sidestart|p2: Silentsummer|move: Stealth Rock\n|move|p2a: Scizor|Close Combat|p1a: Archaludon\n|-supereffective|p1a: Archaludon|1\n|-damage|p1a: Archaludon|40/100\n|-unboost|p2a: Scizor|def|1\n|-unboost|p2a: Scizor|spd|1\n|-ability|p1a: Archaludon|Stamina|boost\n|-boost|p1a: Archaludon|def|1\n|-enditem|p1a: Archaludon|Sitrus Berry|[eat]\n|-heal|p1a: Archaludon|64/100|[from] item: Sitrus Berry\n|\n|upkeep\n|turn|3\n|\n|t:|1776476020\n|move|p1a: Archaludon|Draco Meteor|p2a: Scizor\n|-resisted|p2a: Scizor|1\n|-damage|p2a: Scizor|52/100\n|-unboost|p1a: Archaludon|spa|2\n|move|p2a: Scizor|Close Combat|p1a: Archaludon\n|-supereffective|p1a: Archaludon|1\n|-damage|p1a: Archaludon|23/100\n|-unboost|p2a: Scizor|def|1\n|-unboost|p2a: Scizor|spd|1\n|-ability|p1a: Archaludon|Stamina|boost\n|-boost|p1a: Archaludon|def|1\n|\n|upkeep\n|turn|4\n|\n|t:|1776476031\n|switch|p1a: Toxapex|Toxapex, L50, F|100/100\n|switch|p2a: Ninetales|Ninetales-Alola, L50, F|100/100\n|-damage|p2a: Ninetales|76/100|[from] Stealth Rock\n|-weather|Snowscape|[from] ability: Snow Warning|[of] p2a: Ninetales\n|\n|-weather|Snowscape|[upkeep]\n|upkeep\n|turn|5\n|\n|t:|1776476045\n|move|p2a: Ninetales|Aurora Veil|p2a: Ninetales\n|-sidestart|p2: Silentsummer|move: Aurora Veil\n|move|p1a: Toxapex|Toxic|p2a: Ninetales\n|-status|p2a: Ninetales|tox\n|-enditem|p2a: Ninetales|Lum Berry|[eat]\n|-curestatus|p2a: Ninetales|tox|[msg]\n|\n|-weather|Snowscape|[upkeep]\n|upkeep\n|turn|6\n|\n|t:|1776476056\n|switch|p2a: Scizor|Scizor, L50, F|52/100\n|-damage|p2a: Scizor|39/100|[from] Stealth Rock\n|switch|p1a: Scizor|Scizor, L50, M|100/100\n|\n|-weather|Snowscape|[upkeep]\n|upkeep\n|turn|7\n|\n|t:|1776476080\n|detailschange|p1a: Scizor|Scizor-Mega, L50, M\n|-mega|p1a: Scizor|Scizor|Scizorite\n|move|p1a: Scizor|Close Combat|p2a: Scizor\n|-damage|p2a: Scizor|13/100\n|-unboost|p1a: Scizor|def|1\n|-unboost|p1a: Scizor|spd|1\n|move|p2a: Scizor|Close Combat|p1a: Scizor\n|-damage|p1a: Scizor|51/100\n|-unboost|p2a: Scizor|def|1\n|-unboost|p2a: Scizor|spd|1\n|\n|-weather|Snowscape|[upkeep]\n|upkeep\n|turn|8\n|\n|t:|1776476091\n|move|p2a: Scizor|Bullet Punch|p1a: Scizor\n|-resisted|p1a: Scizor|1\n|-damage|p1a: Scizor|31/100\n|move|p1a: Scizor|Close Combat|p2a: Scizor\n|-damage|p2a: Scizor|0 fnt\n|-unboost|p1a: Scizor|def|1\n|-unboost|p1a: Scizor|spd|1\n|faint|p2a: Scizor\n|\n|-weather|none\n|upkeep\n|\n|t:|1776476098\n|switch|p2a: Ninetales|Ninetales-Alola, L50, F|76/100\n|-damage|p2a: Ninetales|51/100|[from] Stealth Rock\n|-weather|Snowscape|[from] ability: Snow Warning|[of] p2a: Ninetales\n|turn|9\n|\n|t:|1776476111\n|switch|p1a: Toxapex|Toxapex, L50, F|100/100\n|move|p2a: Ninetales|Blizzard|p1a: Toxapex\n|-resisted|p1a: Toxapex|1\n|-damage|p1a: Toxapex|88/100\n|\n|-weather|Snowscape|[upkeep]\n|-heal|p1a: Toxapex|94/100|[from] item: Leftovers\n|-sideend|p2: Silentsummer|move: Aurora Veil\n|upkeep\n|turn|10\n|\n|t:|1776476122\n|move|p2a: Ninetales|Freeze-Dry|p1a: Toxapex\n|-supereffective|p1a: Toxapex|1\n|-damage|p1a: Toxapex|58/100\n|move|p1a: Toxapex|Toxic|p2a: Ninetales\n|-status|p2a: Ninetales|tox\n|\n|-weather|Snowscape|[upkeep]\n|-heal|p1a: Toxapex|64/100|[from] item: Leftovers\n|-damage|p2a: Ninetales|46/100 tox|[from] psn\n|upkeep\n|turn|11\n|\n|t:|1776476128\n|move|p1a: Toxapex|Baneful Bunker|p1a: Toxapex\n|-singleturn|p1a: Toxapex|move: Protect\n|move|p2a: Ninetales|Encore|p1a: Toxapex\n|-activate|p1a: Toxapex|move: Protect\n|\n|-weather|Snowscape|[upkeep]\n|-heal|p1a: Toxapex|70/100|[from] item: Leftovers\n|-damage|p2a: Ninetales|34/100 tox|[from] psn\n|upkeep\n|turn|12\n|\n|t:|1776476138\n|switch|p2a: Blastoise|Blastoise-Mega, L50, F|68/100\n|-damage|p2a: Blastoise|56/100|[from] Stealth Rock\n|switch|p1a: Archaludon|Archaludon, L50, F|23/100\n|\n|-weather|Snowscape|[upkeep]\n|upkeep\n|turn|13\n|\n|t:|1776476147\n|move|p2a: Blastoise|Ice Beam|p1a: Archaludon\n|-damage|p1a: Archaludon|0 fnt\n|faint|p1a: Archaludon\n|\n|-weather|none\n|upkeep\n|\n|t:|1776476153\n|switch|p1a: Toxapex|Toxapex, L50, F|100/100\n|turn|14\n|\n|t:|1776476160\n|switch|p2a: Ninetales|Ninetales-Alola, L50, F|34/100 tox\n|-damage|p2a: Ninetales|10/100 tox|[from] Stealth Rock\n|-weather|Snowscape|[from] ability: Snow Warning|[of] p2a: Ninetales\n|move|p1a: Toxapex|Toxic|p2a: Ninetales\n|-fail|p2a: Ninetales|tox\n|\n|-weather|Snowscape|[upkeep]\n|-damage|p2a: Ninetales|4/100 tox|[from] psn\n|upkeep\n|turn|15\n|\n|t:|1776476165\n|move|p1a: Toxapex|Baneful Bunker|p1a: Toxapex\n|-singleturn|p1a: Toxapex|move: Protect\n|move|p2a: Ninetales|Aurora Veil|p2a: Ninetales\n|-sidestart|p2: Silentsummer|move: Aurora Veil\n|\n|-weather|Snowscape|[upkeep]\n|-damage|p2a: Ninetales|0 fnt|[from] psn\n|faint|p2a: Ninetales\n|upkeep\n|\n|t:|1776476170\n|switch|p2a: Blastoise|Blastoise-Mega, L50, F|56/100\n|-damage|p2a: Blastoise|44/100|[from] Stealth Rock\n|turn|16\n|\n|t:|1776476175\n|move|p2a: Blastoise|Dark Pulse|p1a: Toxapex\n|-damage|p1a: Toxapex|59/100\n|move|p1a: Toxapex|Toxic|p2a: Blastoise\n|-status|p2a: Blastoise|tox\n|\n|-weather|Snowscape|[upkeep]\n|-heal|p1a: Toxapex|65/100|[from] item: Leftovers\n|-damage|p2a: Blastoise|38/100 tox|[from] psn\n|upkeep\n|turn|17\n|\n|t:|1776476182\n|move|p2a: Blastoise|Shell Smash|p2a: Blastoise\n|-unboost|p2a: Blastoise|def|1\n|-unboost|p2a: Blastoise|spd|1\n|-boost|p2a: Blastoise|atk|2\n|-boost|p2a: Blastoise|spa|2\n|-boost|p2a: Blastoise|spe|2\n|move|p1a: Toxapex|Infestation|p2a: Blastoise\n|-damage|p2a: Blastoise|36/100 tox\n|-activate|p2a: Blastoise|move: Infestation|[of] p1a: Toxapex\n|\n|-weather|Snowscape|[upkeep]\n|-heal|p1a: Toxapex|71/100|[from] item: Leftovers\n|-damage|p2a: Blastoise|24/100 tox|[from] psn\n|-damage|p2a: Blastoise|12/100 tox|[from] move: Infestation|[partiallytrapped]\n|upkeep\n|turn|18\n|\n|t:|1776476185\n|move|p1a: Toxapex|Baneful Bunker|p1a: Toxapex\n|-singleturn|p1a: Toxapex|move: Protect\n|move|p2a: Blastoise|Dark Pulse|p1a: Toxapex\n|-activate|p1a: Toxapex|move: Protect\n|\n|-weather|none\n|-heal|p1a: Toxapex|76/100|[from] item: Leftovers\n|-damage|p2a: Blastoise|0 fnt|[from] psn\n|faint|p2a: Blastoise\n|\n|win|ee852\n|raw|ee852's rating: 1147 &rarr; <strong>1164</strong><br />(+17 for winning)\n|raw|Silentsummer's rating: 1034 &rarr; <strong>1024</strong><br />(-10 for losing)\n|l|\u2606Silentsummer\n|player|p2|\n",
  "uploadtime": 1776476195,
  "views": 7,
  "formatid": "gen9championsbssregma",
  "rating": 1024,
  "private": 0,
  "password": null
}