{
  "id": "gen9championsbssregma-2582801959",
  "format": "[Gen 9 Champions] BSS Reg M-A",
  "players": [
    "Ulika",
    "phifth"
  ],
  "log": "|j|\u2606Ulika\n|j|\u2606phifth\n|t:|1776115204\n|gametype|singles\n|player|p1|Ulika|101|1040\n|player|p2|phifth|rosa|1106\n|gen|9\n|tier|[Gen 9 Champions] BSS Reg M-A\n|rated|\n|rule|Species Clause: Limit one of each Pok\u00e9mon\n|rule|Item Clause: Limit 1 of each item\n|clearpoke\n|poke|p1|Gengar, L50, F|\n|poke|p1|Umbreon, L50, F|\n|poke|p1|Garchomp, L50, F|\n|poke|p1|Aegislash, L50, M|\n|poke|p1|Venusaur, L50, M|\n|poke|p1|Clefable, L50, M|\n|poke|p2|Gliscor, L50, M|\n|poke|p2|Tyranitar, L50, M|\n|poke|p2|Meganium, L50, F|\n|poke|p2|Archaludon, L50, M|\n|poke|p2|Excadrill, L50, M|\n|poke|p2|Glimmora, L50, F|\n|teampreview|3\n|inactive|Battle timer is ON: inactive players will automatically lose when time's up. (requested by Ulika)\n|\n|t:|1776115237\n|teamsize|p1|3\n|teamsize|p2|3\n|start\n|switch|p1a: Gengar|Gengar, L50, F|100/100\n|switch|p2a: Eclipse|Gliscor, L50, M, shiny|100/100\n|turn|1\n|\n|t:|1776115246\n|switch|p2a: Tyranitar|Tyranitar, L50, M|100/100\n|-weather|Sandstorm|[from] ability: Sand Stream|[of] p2a: Tyranitar\n|move|p1a: Gengar|Icy Wind|p2a: Tyranitar\n|-damage|p2a: Tyranitar|92/100\n|-unboost|p2a: Tyranitar|spe|1\n|\n|-weather|Sandstorm|[upkeep]\n|-damage|p1a: Gengar|95/100|[from] Sandstorm\n|upkeep\n|turn|2\n|\n|t:|1776115254\n|move|p1a: Gengar|Taunt|p2a: Tyranitar\n|-start|p2a: Tyranitar|move: Taunt\n|move|p2a: Tyranitar|Sand Tomb|p1a: Gengar\n|-supereffective|p1a: Gengar|1\n|-damage|p1a: Gengar|53/100\n|-activate|p1a: Gengar|move: Sand Tomb|[of] p2a: Tyranitar\n|\n|-weather|Sandstorm|[upkeep]\n|-damage|p1a: Gengar|47/100|[from] Sandstorm\n|-damage|p1a: Gengar|35/100|[from] move: Sand Tomb|[partiallytrapped]\n|upkeep\n|turn|3\n|\n|t:|1776115263\n|move|p1a: Gengar|Sludge Wave|p2a: Tyranitar\n|-resisted|p2a: Tyranitar|1\n|-crit|p2a: Tyranitar\n|-damage|p2a: Tyranitar|74/100\n|-status|p2a: Tyranitar|psn\n|move|p2a: Tyranitar|Crunch|p1a: Gengar\n|-supereffective|p1a: Gengar|1\n|-damage|p1a: Gengar|0 fnt\n|faint|p1a: Gengar\n|\n|-weather|Sandstorm|[upkeep]\n|-damage|p2a: Tyranitar|62/100 psn|[from] psn\n|upkeep\n|\n|t:|1776115269\n|switch|p1a: Umbreon|Umbreon, L50, F|100/100\n|turn|4\n|\n|t:|1776115276\n|switch|p2a: Eclipse|Gliscor, L50, M, shiny|100/100\n|move|p1a: Umbreon|Calm Mind|p1a: Umbreon\n|-boost|p1a: Umbreon|spa|1\n|-boost|p1a: Umbreon|spd|1\n|\n|-weather|Sandstorm|[upkeep]\n|-damage|p1a: Umbreon|95/100|[from] Sandstorm\n|upkeep\n|turn|5\n|\n|t:|1776115288\n|move|p1a: Umbreon|Trailblaze|p2a: Eclipse\n|-damage|p2a: Eclipse|96/100\n|-boost|p1a: Umbreon|spe|1\n|move|p2a: Eclipse|Knock Off|p1a: Umbreon\n|-resisted|p1a: Umbreon|1\n|-damage|p1a: Umbreon|87/100\n|-enditem|p1a: Umbreon|Mental Herb|[from] move: Knock Off|[of] p2a: Eclipse\n|\n|-weather|none\n|-heal|p2a: Eclipse|100/100|[from] item: Leftovers\n|upkeep\n|turn|6\n|\n|t:|1776115306\n|move|p1a: Umbreon|Taunt|p2a: Eclipse\n|-start|p2a: Eclipse|move: Taunt\n|cant|p2a: Eclipse|move: Taunt|Stealth Rock\n|\n|upkeep\n|turn|7\n|\n|t:|1776115312\n|move|p1a: Umbreon|Baton Pass|p1a: Umbreon\n|\n|t:|1776115314\n|switch|p1a: Clefable|Clefable, L50, M|100/100|[from] Baton Pass\n|move|p2a: Eclipse|Sand Tomb|p1a: Clefable\n|-damage|p1a: Clefable|91/100\n|-activate|p1a: Clefable|move: Sand Tomb|[of] p2a: Eclipse\n|\n|-damage|p1a: Clefable|79/100|[from] move: Sand Tomb|[partiallytrapped]\n|upkeep\n|turn|8\n|\n|t:|1776115328\n|move|p1a: Clefable|Cosmic Power|p1a: Clefable\n|-boost|p1a: Clefable|def|1\n|-boost|p1a: Clefable|spd|1\n|move|p2a: Eclipse|Knock Off|p1a: Clefable\n|-resisted|p1a: Clefable|1\n|-damage|p1a: Clefable|75/100\n|\n|-damage|p1a: Clefable|62/100|[from] move: Sand Tomb|[partiallytrapped]\n|-end|p2a: Eclipse|move: Taunt\n|upkeep\n|turn|9\n|inactive|phifth has 30 seconds left.\n|\n|t:|1776115355\n|detailschange|p1a: Clefable|Clefable-Mega, L50, M\n|-mega|p1a: Clefable|Clefable|Clefablite\n|move|p1a: Clefable|Moonlight|p1a: Clefable\n|-heal|p1a: Clefable|100/100\n|move|p2a: Eclipse|U-turn|p1a: Clefable\n|-resisted|p1a: Clefable|2\n|-damage|p1a: Clefable|99/100\n|\n|t:|1776115363\n|switch|p2a: Tyranitar|Tyranitar, L50, M|62/100 psn|[from] U-turn\n|-weather|Sandstorm|[from] ability: Sand Stream|[of] p2a: Tyranitar\n|\n|-weather|Sandstorm|[upkeep]\n|-damage|p1a: Clefable|93/100|[from] Sandstorm\n|-damage|p2a: Tyranitar|50/100 psn|[from] psn\n|-end|p1a: Clefable|Sand Tomb|[partiallytrapped]|[silent]\n|upkeep\n|-enditem|p2a: Tyranitar|Sitrus Berry|[eat]\n|-heal|p2a: Tyranitar|75/100 psn|[from] item: Sitrus Berry\n|turn|10\n|\n|t:|1776115380\n|move|p1a: Clefable|Cosmic Power|p1a: Clefable\n|-boost|p1a: Clefable|def|1\n|-boost|p1a: Clefable|spd|1\n|move|p2a: Tyranitar|Rock Slide|p1a: Clefable\n|-supereffective|p1a: Clefable|1\n|-damage|p1a: Clefable|71/100\n|\n|-weather|Sandstorm|[upkeep]\n|-damage|p1a: Clefable|65/100|[from] Sandstorm\n|-damage|p2a: Tyranitar|63/100 psn|[from] psn\n|upkeep\n|turn|11\n|\n|t:|1776115390\n|move|p1a: Clefable|Moonlight|p1a: Clefable\n|-heal|p1a: Clefable|90/100\n|move|p2a: Tyranitar|Rock Slide|p1a: Clefable\n|-supereffective|p1a: Clefable|1\n|-damage|p1a: Clefable|68/100\n|\n|-weather|Sandstorm|[upkeep]\n|-damage|p1a: Clefable|62/100|[from] Sandstorm\n|-damage|p2a: Tyranitar|51/100 psn|[from] psn\n|upkeep\n|turn|12\n|\n|t:|1776115411\n|move|p1a: Clefable|Cosmic Power|p1a: Clefable\n|-boost|p1a: Clefable|def|1\n|-boost|p1a: Clefable|spd|1\n|move|p2a: Tyranitar|Thunder|p1a: Clefable\n|-supereffective|p1a: Clefable|1\n|-damage|p1a: Clefable|47/100\n|\n|-weather|Sandstorm|[upkeep]\n|-damage|p1a: Clefable|41/100|[from] Sandstorm\n|-damage|p2a: Tyranitar|39/100 psn|[from] psn\n|upkeep\n|turn|13\n|\n|t:|1776115421\n|move|p1a: Clefable|Moonlight|p1a: Clefable\n|-heal|p1a: Clefable|66/100\n|move|p2a: Tyranitar|Rock Slide|p1a: Clefable|[miss]\n|-miss|p2a: Tyranitar|p1a: Clefable\n|\n|-weather|none\n|-damage|p2a: Tyranitar|27/100 psn|[from] psn\n|upkeep\n|turn|14\n|\n|t:|1776115444\n|switch|p2a: Eclipse|Gliscor, L50, M, shiny|100/100\n|move|p1a: Clefable|Flamethrower|p2a: Eclipse\n|-damage|p2a: Eclipse|53/100\n|\n|-heal|p2a: Eclipse|59/100|[from] item: Leftovers\n|upkeep\n|turn|15\n|\n|t:|1776115455\n|move|p1a: Clefable|Amnesia|p1a: Clefable\n|-boost|p1a: Clefable|spd|2\n|move|p2a: Eclipse|U-turn|p1a: Clefable\n|-resisted|p1a: Clefable|2\n|-damage|p1a: Clefable|65/100\n|\n|t:|1776115461\n|switch|p2a: Tyranitar|Tyranitar, L50, M|27/100 psn|[from] U-turn\n|-weather|Sandstorm|[from] ability: Sand Stream|[of] p2a: Tyranitar\n|\n|-weather|Sandstorm|[upkeep]\n|-damage|p1a: Clefable|59/100|[from] Sandstorm\n|-damage|p2a: Tyranitar|15/100 psn|[from] psn\n|upkeep\n|turn|16\n|-message|Ulika forfeited.\n|\n|win|phifth\n|raw|Ulika's rating: 1040 &rarr; <strong>1027</strong><br />(-13 for losing)\n|raw|phifth's rating: 1106 &rarr; <strong>1126</strong><br />(+20 for winning)\n|l|\u2606Ulika\n|player|p1|\n|c|\u2606phifth|gg\n",
  "uploadtime": 1776115477,
  "views": 19,
  "formatid": "gen9championsbssregma",
  "rating": 1027,
  "private": 0,
  "password": null
}