{
  "id": "gen9championsbssregma-2587975158",
  "format": "[Gen 9 Champions] BSS Reg M-A",
  "players": [
    "toriware",
    "bryannoah2309"
  ],
  "log": "|j|\u2606toriware\n|j|\u2606bryannoah2309\n|t:|1776587346\n|gametype|singles\n|player|p1|toriware|swimmerf|1262\n|player|p2|bryannoah2309|silver|1264\n|gen|9\n|tier|[Gen 9 Champions] BSS Reg M-A\n|rated|\n|rule|Species Clause: Limit one of each Pok\u00e9mon\n|rule|Item Clause: Limit 1 of each item\n|clearpoke\n|poke|p1|Azumarill, L50, M|\n|poke|p1|Garchomp, L50, F|\n|poke|p1|Gengar, L50, M|\n|poke|p1|Dragonite, L50, M|\n|poke|p1|Floette-Eternal, L50, F|\n|poke|p1|Espathra, L50, M|\n|poke|p2|Greninja, L50, M, shiny|\n|poke|p2|Gengar, L50, M|\n|poke|p2|Garchomp, L50, M|\n|poke|p2|Hatterene, L50, F|\n|poke|p2|Scizor, L50, M|\n|poke|p2|Charizard, L50, M, shiny|\n|teampreview|3\n|inactive|Battle timer is ON: inactive players will automatically lose when time's up. (requested by toriware)\n|j| p74\n|inactive|bryannoah2309 has 60 seconds left.\n|\n|t:|1776587404\n|teamsize|p1|3\n|teamsize|p2|3\n|start\n|switch|p1a: Espathra|Espathra, L50, M|100/100\n|switch|p2a: Greninja|Greninja, L50, M, shiny|100/100\n|turn|1\n|\n|t:|1776587413\n|move|p1a: Espathra|Protect|p1a: Espathra\n|-singleturn|p1a: Espathra|Protect\n|move|p2a: Greninja|Dark Pulse|p1a: Espathra\n|-start|p2a: Greninja|typechange|Dark|[from] ability: Protean\n|-activate|p1a: Espathra|move: Protect\n|\n|-ability|p1a: Espathra|Speed Boost|boost\n|-boost|p1a: Espathra|spe|1\n|upkeep\n|turn|2\n|\n|t:|1776587424\n|move|p1a: Espathra|Baton Pass|p1a: Espathra\n|\n|t:|1776587426\n|switch|p1a: Floette|Floette-Eternal, L50, F|100/100|[from] Baton Pass\n|move|p2a: Greninja|Dark Pulse|p1a: Floette\n|-resisted|p1a: Floette|1\n|-damage|p1a: Floette|86/100\n|\n|upkeep\n|turn|3\n|\n|t:|1776587435\n|switch|p2a: Scizor|Scizor, L50, M|100/100\n|detailschange|p1a: Floette|Floette-Mega, L50, F\n|-mega|p1a: Floette|Floette|Floettite\n|-ability|p1a: Floette|Fairy Aura\n|move|p1a: Floette|Draining Kiss|p2a: Scizor\n|-resisted|p2a: Scizor|1\n|-damage|p2a: Scizor|73/100\n|-heal|p1a: Floette|100/100|[from] drain|[of] p2a: Scizor\n|\n|upkeep\n|turn|4\n|\n|t:|1776587450\n|move|p2a: Scizor|Bullet Punch|p1a: Floette\n|-supereffective|p1a: Floette|1\n|-damage|p1a: Floette|24/100\n|move|p1a: Floette|Moonblast|p2a: Scizor\n|-resisted|p2a: Scizor|1\n|-damage|p2a: Scizor|14/100\n|-enditem|p2a: Scizor|Sitrus Berry|[eat]\n|-heal|p2a: Scizor|39/100|[from] item: Sitrus Berry\n|\n|upkeep\n|turn|5\n|\n|t:|1776587460\n|switch|p1a: Garchomp|Garchomp, L50, F|100/100\n|move|p2a: Scizor|Bullet Punch|p1a: Garchomp\n|-damage|p1a: Garchomp|68/100\n|-damage|p2a: Scizor|27/100|[from] ability: Rough Skin|[of] p1a: Garchomp\n|\n|-heal|p1a: Garchomp|74/100|[from] item: Leftovers\n|upkeep\n|turn|6\n|\n|t:|1776587469\n|switch|p2a: Hatterene|Hatterene, L50, F|100/100\n|move|p1a: Garchomp|Rock Tomb|p2a: Hatterene\n|-crit|p2a: Hatterene\n|-damage|p2a: Hatterene|75/100\n|-unboost|p2a: Hatterene|spe|1\n|\n|-heal|p1a: Garchomp|80/100|[from] item: Leftovers\n|-heal|p2a: Hatterene|82/100|[from] item: Leftovers\n|upkeep\n|turn|7\n|\n|t:|1776587481\n|move|p1a: Garchomp|Earthquake|p2a: Hatterene\n|-damage|p2a: Hatterene|35/100\n|move|p2a: Hatterene|Nuzzle|p1a: Garchomp\n|-immune|p1a: Garchomp\n|\n|-heal|p1a: Garchomp|86/100|[from] item: Leftovers\n|-heal|p2a: Hatterene|41/100|[from] item: Leftovers\n|upkeep\n|turn|8\n|\n|t:|1776587490\n|move|p1a: Garchomp|Earthquake|p2a: Hatterene\n|-damage|p2a: Hatterene|0 fnt\n|faint|p2a: Hatterene\n|\n|-heal|p1a: Garchomp|92/100|[from] item: Leftovers\n|upkeep\n|\n|t:|1776587497\n|switch|p2a: Greninja|Greninja, L50, M, shiny|100/100\n|turn|9\n|\n|t:|1776587502\n|switch|p1a: Espathra|Espathra, L50, M|100/100\n|move|p2a: Greninja|Ice Beam|p1a: Espathra\n|-start|p2a: Greninja|typechange|Ice|[from] ability: Protean\n|-damage|p1a: Espathra|47/100\n|\n|upkeep\n|turn|10\n|\n|t:|1776587512\n|move|p1a: Espathra|Protect|p1a: Espathra\n|-singleturn|p1a: Espathra|Protect\n|move|p2a: Greninja|Ice Beam|p1a: Espathra\n|-activate|p1a: Espathra|move: Protect\n|\n|-ability|p1a: Espathra|Speed Boost|boost\n|-boost|p1a: Espathra|spe|1\n|upkeep\n|turn|11\n|\n|t:|1776587522\n|move|p1a: Espathra|Calm Mind|p1a: Espathra\n|-boost|p1a: Espathra|spa|1\n|-boost|p1a: Espathra|spd|1\n|move|p2a: Greninja|Ice Beam|p1a: Espathra\n|-damage|p1a: Espathra|11/100\n|\n|-ability|p1a: Espathra|Speed Boost|boost\n|-boost|p1a: Espathra|spe|1\n|upkeep\n|turn|12\n|\n|t:|1776587534\n|switch|p2a: Scizor|Scizor, L50, M|27/100\n|move|p1a: Espathra|Baton Pass|p1a: Espathra\n|\n|t:|1776587539\n|switch|p1a: Garchomp|Garchomp, L50, F|92/100|[from] Baton Pass\n|\n|-heal|p1a: Garchomp|98/100|[from] item: Leftovers\n|upkeep\n|turn|13\n|\n|t:|1776587548\n|move|p2a: Scizor|Bullet Punch|p1a: Garchomp\n|-damage|p1a: Garchomp|65/100\n|-damage|p2a: Scizor|14/100|[from] ability: Rough Skin|[of] p1a: Garchomp\n|move|p1a: Garchomp|Earthquake|p2a: Scizor\n|-damage|p2a: Scizor|0 fnt\n|faint|p2a: Scizor\n|\n|-heal|p1a: Garchomp|71/100|[from] item: Leftovers\n|upkeep\n|\n|t:|1776587558\n|switch|p2a: Greninja|Greninja, L50, M, shiny|100/100\n|turn|14\n|\n|t:|1776587570\n|move|p1a: Garchomp|Rock Tomb|p2a: Greninja\n|-damage|p2a: Greninja|62/100\n|-unboost|p2a: Greninja|spe|1\n|move|p2a: Greninja|Ice Beam|p1a: Garchomp\n|-start|p2a: Greninja|typechange|Ice|[from] ability: Protean\n|-supereffective|p1a: Garchomp|2\n|-damage|p1a: Garchomp|0 fnt\n|faint|p1a: Garchomp\n|\n|upkeep\n|\n|t:|1776587582\n|switch|p1a: Floette|Floette-Mega, L50, F|24/100\n|-ability|p1a: Floette|Fairy Aura\n|turn|15\n|\n|t:|1776587590\n|detailschange|p2a: Greninja|Greninja-Mega, L50, M, shiny\n|-mega|p2a: Greninja|Greninja|Greninjite\n|move|p2a: Greninja|Ice Beam|p1a: Floette\n|-start|p2a: Greninja|typechange|Ice|[from] ability: Protean\n|-damage|p1a: Floette|0 fnt\n|faint|p1a: Floette\n|\n|upkeep\n|\n|t:|1776587599\n|switch|p1a: Espathra|Espathra, L50, M|11/100\n|turn|16\n|\n|t:|1776587605\n|move|p1a: Espathra|Protect|p1a: Espathra\n|-singleturn|p1a: Espathra|Protect\n|move|p2a: Greninja|Ice Beam|p1a: Espathra\n|-activate|p1a: Espathra|move: Protect\n|\n|-ability|p1a: Espathra|Speed Boost|boost\n|-boost|p1a: Espathra|spe|1\n|upkeep\n|turn|17\n|\n|t:|1776587614\n|move|p1a: Espathra|Lumina Crash|p2a: Greninja\n|-crit|p2a: Greninja\n|-damage|p2a: Greninja|0 fnt\n|faint|p2a: Greninja\n|\n|win|toriware\n|raw|toriware's rating: 1262 &rarr; <strong>1287</strong><br />(+25 for winning)\n|raw|bryannoah2309's rating: 1264 &rarr; <strong>1239</strong><br />(-25 for losing)\n|l|\u2606bryannoah2309\n|player|p2|\n",
  "uploadtime": 1776587750,
  "views": 3,
  "formatid": "gen9championsbssregma",
  "rating": 1239,
  "private": 0,
  "password": null
}