{
  "id": "gen9championsbssregma-2584439140",
  "format": "[Gen 9 Champions] BSS Reg M-A",
  "players": [
    "Mikeflem12326171",
    "jpgrl"
  ],
  "log": "|j|\u2606Mikeflem12326171\n|j|\u2606jpgrl\n|t:|1776260939\n|gametype|singles\n|player|p1|Mikeflem12326171|colress|1161\n|player|p2|jpgrl|169|1226\n|gen|9\n|tier|[Gen 9 Champions] BSS Reg M-A\n|rated|\n|rule|Species Clause: Limit one of each Pok\u00e9mon\n|rule|Item Clause: Limit 1 of each item\n|clearpoke\n|poke|p1|Pelipper, L50, F|\n|poke|p1|Greninja-*, L50, M|\n|poke|p1|Basculegion, L50, M|\n|poke|p1|Rotom-Wash, L50|\n|poke|p1|Clefable, L50, F|\n|poke|p1|Sneasler, L50, M|\n|poke|p2|Corviknight, L50, F|\n|poke|p2|Garchomp, L50, F|\n|poke|p2|Bellibolt, L50, M|\n|poke|p2|Venusaur, L50, F|\n|poke|p2|Lopunny, L50, M|\n|poke|p2|Clefable, L50, M|\n|teampreview|3\n|\n|t:|1776260953\n|teamsize|p1|3\n|teamsize|p2|3\n|start\n|switch|p1a: Pelipper|Pelipper, L50, F|100/100\n|switch|p2a: Bellibolt|Bellibolt, L50, M|100/100\n|-weather|RainDance|[from] ability: Drizzle|[of] p1a: Pelipper\n|turn|1\n|\n|t:|1776260961\n|move|p1a: Pelipper|Surf|p2a: Bellibolt\n|-damage|p2a: Bellibolt|57/100\n|-start|p2a: Bellibolt|Charge|Surf|[from] ability: Electromorphosis\n|move|p2a: Bellibolt|Volt Switch|p1a: Pelipper\n|-supereffective|p1a: Pelipper|2\n|-enditem|p1a: Pelipper|Focus Sash\n|-damage|p1a: Pelipper|1/100\n|-end|p2a: Bellibolt|Charge|[silent]\n|\n|t:|1776260972\n|switch|p2a: Corviknight|Corviknight, L50, F|100/100|[from] Volt Switch\n|-ability|p2a: Corviknight|Pressure\n|\n|-weather|RainDance|[upkeep]\n|upkeep\n|turn|2\n|\n|t:|1776260979\n|move|p1a: Pelipper|Surf|p2a: Corviknight\n|-damage|p2a: Corviknight|52/100\n|move|p2a: Corviknight|U-turn|p1a: Pelipper\n|-resisted|p1a: Pelipper|1\n|-damage|p1a: Pelipper|0 fnt\n|faint|p1a: Pelipper\n|\n|t:|1776260991\n|switch|p2a: Venusaur|Venusaur, L50, F|100/100|[from] U-turn\n|\n|-weather|RainDance|[upkeep]\n|upkeep\n|\n|t:|1776260997\n|switch|p1a: Sneasler|Sneasler, L50, M|100/100\n|turn|3\n|\n|t:|1776261002\n|detailschange|p2a: Venusaur|Venusaur-Mega, L50, F\n|-mega|p2a: Venusaur|Venusaur|Venusaurite\n|move|p1a: Sneasler|Fake Out|p2a: Venusaur\n|-damage|p2a: Venusaur|88/100\n|cant|p2a: Venusaur|flinch\n|\n|-weather|RainDance|[upkeep]\n|upkeep\n|turn|4\n|\n|t:|1776261010\n|move|p1a: Sneasler|Dire Claw|p2a: Venusaur\n|-damage|p2a: Venusaur|53/100\n|move|p2a: Venusaur|Earth Power|p1a: Sneasler\n|-supereffective|p1a: Sneasler|1\n|-damage|p1a: Sneasler|32/100\n|-unboost|p1a: Sneasler|spd|1\n|-enditem|p1a: Sneasler|White Herb\n|-clearnegativeboost|p1a: Sneasler|[silent]\n|\n|-weather|RainDance|[upkeep]\n|upkeep\n|turn|5\n|\n|t:|1776261021\n|move|p1a: Sneasler|Dire Claw|p2a: Venusaur\n|-damage|p2a: Venusaur|14/100\n|move|p2a: Venusaur|Earth Power|p1a: Sneasler\n|-supereffective|p1a: Sneasler|1\n|-damage|p1a: Sneasler|0 fnt\n|faint|p1a: Sneasler\n|\n|-weather|none\n|upkeep\n|\n|t:|1776261025\n|switch|p1a: Basculegion|Basculegion, L50, M|100/100\n|turn|6\n|\n|t:|1776261035\n|move|p1a: Basculegion|Last Respects|p2a: Venusaur\n|-damage|p2a: Venusaur|0 fnt\n|faint|p2a: Venusaur\n|\n|upkeep\n|inactive|Battle timer is ON: inactive players will automatically lose when time's up. (requested by Mikeflem12326171)\n|\n|t:|1776261044\n|switch|p2a: Corviknight|Corviknight, L50, F|52/100\n|-ability|p2a: Corviknight|Pressure\n|turn|7\n|\n|t:|1776261050\n|move|p1a: Basculegion|Last Respects|p2a: Corviknight\n|-damage|p2a: Corviknight|0 fnt\n|faint|p2a: Corviknight\n|\n|upkeep\n|\n|t:|1776261055\n|switch|p2a: Bellibolt|Bellibolt, L50, M|57/100\n|turn|8\n|\n|t:|1776261059\n|move|p2a: Bellibolt|Protect|p2a: Bellibolt\n|-singleturn|p2a: Bellibolt|Protect\n|move|p1a: Basculegion|Last Respects|p2a: Bellibolt\n|-activate|p2a: Bellibolt|move: Protect\n|\n|-heal|p2a: Bellibolt|63/100|[from] item: Leftovers\n|upkeep\n|turn|9\n|\n|t:|1776261067\n|move|p1a: Basculegion|Last Respects|p2a: Bellibolt\n|-damage|p2a: Bellibolt|0 fnt\n|faint|p2a: Bellibolt\n|\n|win|Mikeflem12326171\n|raw|Mikeflem12326171's rating: 1161 &rarr; <strong>1191</strong><br />(+30 for winning)\n|raw|jpgrl's rating: 1226 &rarr; <strong>1196</strong><br />(-30 for losing)\n|c|\u2606Mikeflem12326171|ez\n",
  "uploadtime": 1776261074,
  "views": 3,
  "formatid": "gen9championsbssregma",
  "rating": 1191,
  "private": 0,
  "password": null
}