{
  "id": "gen9championsbssregma-2580919264",
  "format": "[Gen 9 Champions] BSS Reg M-A",
  "players": [
    "meiraoscar",
    "EstemanACG1"
  ],
  "log": "|j|\u2606meiraoscar\n|j|\u2606EstemanACG1\n|t:|1775943331\n|gametype|singles\n|player|p1|meiraoscar|burglar|1000\n|player|p2|EstemanACG1|riley|1040\n|gen|9\n|tier|[Gen 9 Champions] BSS Reg M-A\n|rated|\n|rule|Species Clause: Limit one of each Pok\u00e9mon\n|rule|Item Clause: Limit 1 of each item\n|clearpoke\n|poke|p1|Tyranitar, L50, F|\n|poke|p1|Rampardos, L50, F|\n|poke|p1|Aggron, L50, M|\n|poke|p1|Aerodactyl, L50, M|\n|poke|p1|Arcanine-Hisui, L50, M|\n|poke|p1|Avalugg-Hisui, L50, F|\n|poke|p2|Dragapult, L50, F|\n|poke|p2|Pinsir, L50, M|\n|poke|p2|Garganacl, L50, F|\n|poke|p2|Alakazam, L50, M|\n|poke|p2|Gengar, L50, M|\n|poke|p2|Volcarona, L50, M|\n|teampreview|3\n|c|\u2606EstemanACG1|glhf\n|c|\u2606EstemanACG1|OU monotype bug\n|c|\u2606EstemanACG1|sorry\n|c|\u2606EstemanACG1|rock\n|c|\u2606EstemanACG1|XD\n|\n|t:|1775943370\n|teamsize|p1|3\n|teamsize|p2|3\n|start\n|switch|p1a: Tyranitar|Tyranitar, L50, F|100/100\n|switch|p2a: Dragapult|Dragapult, L50, F|100/100\n|-weather|Sandstorm|[from] ability: Sand Stream|[of] p1a: Tyranitar\n|turn|1\n|\n|t:|1775943377\n|switch|p2a: Garganacl|Garganacl, L50, F|100/100\n|detailschange|p1a: Tyranitar|Tyranitar-Mega, L50, F\n|-mega|p1a: Tyranitar|Tyranitar|Tyranitarite\n|move|p1a: Tyranitar|Avalanche|p2a: Garganacl\n|-damage|p2a: Garganacl|82/100\n|\n|-weather|Sandstorm|[upkeep]\n|-heal|p2a: Garganacl|88/100|[from] item: Leftovers\n|upkeep\n|turn|2\n|\n|t:|1775943401\n|move|p1a: Tyranitar|Crunch|p2a: Garganacl\n|-damage|p2a: Garganacl|54/100\n|move|p2a: Garganacl|Salt Cure|p1a: Tyranitar\n|-damage|p1a: Tyranitar|91/100\n|-start|p1a: Tyranitar|Salt Cure\n|\n|-weather|Sandstorm|[upkeep]\n|-heal|p2a: Garganacl|60/100|[from] item: Leftovers\n|-damage|p1a: Tyranitar|86/100|[from] Salt Cure\n|upkeep\n|turn|3\n|\n|t:|1775943411\n|move|p2a: Garganacl|Protect|p2a: Garganacl\n|-singleturn|p2a: Garganacl|Protect\n|move|p1a: Tyranitar|Crunch|p2a: Garganacl\n|-activate|p2a: Garganacl|move: Protect\n|\n|-weather|Sandstorm|[upkeep]\n|-heal|p2a: Garganacl|67/100|[from] item: Leftovers\n|-damage|p1a: Tyranitar|80/100|[from] Salt Cure\n|upkeep\n|turn|4\n|\n|t:|1775943414\n|move|p1a: Tyranitar|Crunch|p2a: Garganacl\n|-damage|p2a: Garganacl|33/100\n|move|p2a: Garganacl|Body Press|p1a: Tyranitar\n|-supereffective|p1a: Tyranitar|2\n|-damage|p1a: Tyranitar|6/100\n|\n|-weather|Sandstorm|[upkeep]\n|-heal|p2a: Garganacl|39/100|[from] item: Leftovers\n|-damage|p1a: Tyranitar|0 fnt|[from] Salt Cure\n|faint|p1a: Tyranitar\n|upkeep\n|\n|t:|1775943429\n|switch|p1a: Rampardos|Rampardos, L50, F|100/100\n|-ability|p1a: Rampardos|Mold Breaker\n|turn|5\n|\n|t:|1775943437\n|move|p1a: Rampardos|Head Smash|p2a: Garganacl\n|-damage|p2a: Garganacl|0 fnt\n|faint|p2a: Garganacl\n|-damage|p1a: Rampardos|84/100|[from] Recoil\n|\n|-weather|none\n|upkeep\n|\n|t:|1775943445\n|switch|p2a: Dragapult|Dragapult, L50, F|100/100\n|turn|6\n|\n|t:|1775943448\n|move|p2a: Dragapult|Dragon Dance|p2a: Dragapult\n|-boost|p2a: Dragapult|atk|1\n|-boost|p2a: Dragapult|spe|1\n|move|p1a: Rampardos|Head Smash|p2a: Dragapult\n|-enditem|p2a: Dragapult|Focus Sash\n|-damage|p2a: Dragapult|1/100\n|-damage|p1a: Rampardos|44/100|[from] Recoil\n|\n|upkeep\n|turn|7\n|\n|t:|1775943455\n|move|p2a: Dragapult|Dragon Darts|p1a: Rampardos\n|-crit|p1a: Rampardos\n|-damage|p1a: Rampardos|0 fnt\n|faint|p1a: Rampardos\n|\n|upkeep\n|\n|t:|1775943458\n|switch|p1a: Avalugg|Avalugg-Hisui, L50, F|100/100\n|turn|8\n|\n|t:|1775943467\n|move|p2a: Dragapult|Phantom Force||[still]\n|-prepare|p2a: Dragapult|Phantom Force\n|move|p1a: Avalugg|Ice Fang|p2a: Dragapult|[miss]\n|-miss|p1a: Avalugg|p2a: Dragapult\n|\n|upkeep\n|turn|9\n|\n|t:|1775943472\n|move|p2a: Dragapult|Phantom Force|p1a: Avalugg|[from] lockedmove\n|-damage|p1a: Avalugg|60/100\n|move|p1a: Avalugg|Avalanche|p2a: Dragapult\n|-supereffective|p2a: Dragapult|1\n|-damage|p2a: Dragapult|0 fnt\n|faint|p2a: Dragapult\n|\n|-heal|p1a: Avalugg|66/100|[from] item: Leftovers\n|upkeep\n|\n|t:|1775943475\n|switch|p2a: Gengar|Gengar, L50, M|100/100\n|turn|10\n|\n|t:|1775943483\n|detailschange|p2a: Gengar|Gengar-Mega, L50, M\n|-mega|p2a: Gengar|Gengar|Gengarite\n|move|p2a: Gengar|Shadow Ball|p1a: Avalugg\n|-damage|p1a: Avalugg|0 fnt\n|faint|p1a: Avalugg\n|\n|win|EstemanACG1\n|raw|meiraoscar's rating: 1000 &rarr; <strong>1000</strong><br />(+0 for losing)\n|raw|EstemanACG1's rating: 1040 &rarr; <strong>1070</strong><br />(+30 for winning)\n|l|\u2606meiraoscar\n|player|p1|\n|c|\u2606EstemanACG1|gg\n",
  "uploadtime": 1775943489,
  "views": 15,
  "formatid": "gen9championsbssregma",
  "rating": 1000,
  "private": 0,
  "password": null
}