{
  "id": "gen9championsbssregma-2584075096",
  "format": "[Gen 9 Champions] BSS Reg M-A",
  "players": [
    "drakthosdk7",
    "qwer2.0"
  ],
  "log": "|j|\u2606drakthosdk7\n|j|\u2606qwer2.0\n|t:|1776222596\n|gametype|singles\n|player|p1|drakthosdk7|red|1236\n|player|p2|qwer2.0|collector|1221\n|gen|9\n|tier|[Gen 9 Champions] BSS Reg M-A\n|rated|\n|rule|Species Clause: Limit one of each Pok\u00e9mon\n|rule|Item Clause: Limit 1 of each item\n|clearpoke\n|poke|p1|Mamoswine, L50, M|\n|poke|p1|Dragonite, L50, F|\n|poke|p1|Aegislash, L50, M|\n|poke|p1|Primarina, L50, F|\n|poke|p1|Charizard, L50, M|\n|poke|p1|Venusaur, L50, F|\n|poke|p2|Hatterene, L50, F|\n|poke|p2|Ceruledge, L50, M|\n|poke|p2|Samurott-Hisui, L50, M|\n|poke|p2|Rotom-Wash, L50|\n|poke|p2|Pidgeot, L50, F|\n|poke|p2|Scizor, L50, M|\n|teampreview|3\n|inactive|Battle timer is ON: inactive players will automatically lose when time's up. (requested by drakthosdk7)\n|\n|t:|1776222618\n|teamsize|p1|3\n|teamsize|p2|3\n|start\n|switch|p1a: Charizard|Charizard, L50, M, shiny|100/100\n|switch|p2a: Rotom|Rotom-Wash, L50|100/100\n|turn|1\n|\n|t:|1776222624\n|detailschange|p1a: Charizard|Charizard-Mega-Y, L50, M, shiny\n|-mega|p1a: Charizard|Charizard|Charizardite Y\n|-weather|SunnyDay|[from] ability: Drought|[of] p1a: Charizard\n|move|p2a: Rotom|Volt Switch|p1a: Charizard\n|-supereffective|p1a: Charizard|1\n|-damage|p1a: Charizard|45/100\n|\n|t:|1776222631\n|switch|p2a: Hatterene|Hatterene, L50, F|100/100|[from] Volt Switch\n|move|p1a: Charizard|Solar Beam||[still]\n|-prepare|p1a: Charizard|Solar Beam\n|-anim|p1a: Charizard|Solar Beam|p2a: Hatterene\n|-damage|p2a: Hatterene|49/100\n|\n|-weather|SunnyDay|[upkeep]\n|-heal|p2a: Hatterene|55/100|[from] item: Leftovers\n|upkeep\n|turn|2\n|\n|t:|1776222639\n|move|p1a: Charizard|Flamethrower|p2a: Hatterene\n|-damage|p2a: Hatterene|0 fnt\n|faint|p2a: Hatterene\n|\n|-weather|SunnyDay|[upkeep]\n|upkeep\n|\n|t:|1776222642\n|switch|p2a: Rotom|Rotom-Wash, L50|100/100\n|turn|3\n|j| p74\n|\n|t:|1776222646\n|switch|p1a: Venusaur|Venusaur, L50, F|100/100\n|move|p2a: Rotom|Volt Switch|p1a: Venusaur\n|-resisted|p1a: Venusaur|1\n|-damage|p1a: Venusaur|87/100\n|\n|t:|1776222649\n|switch|p2a: Pidgeot|Pidgeot, L50, F|100/100|[from] Volt Switch\n|\n|-weather|SunnyDay|[upkeep]\n|upkeep\n|turn|4\n|\n|t:|1776222655\n|switch|p1a: Aegislash|Aegislash, L50, M|100/100\n|detailschange|p2a: Pidgeot|Pidgeot-Mega, L50, F\n|-mega|p2a: Pidgeot|Pidgeot|Pidgeotite\n|move|p2a: Pidgeot|Hurricane|p1a: Aegislash\n|-resisted|p1a: Aegislash|1\n|-damage|p1a: Aegislash|78/100\n|\n|-weather|SunnyDay|[upkeep]\n|-heal|p1a: Aegislash|84/100|[from] item: Leftovers\n|upkeep\n|turn|5\n|\n|t:|1776222664\n|move|p2a: Pidgeot|Heat Wave|p1a: Aegislash\n|-supereffective|p1a: Aegislash|1\n|-damage|p1a: Aegislash|0 fnt\n|faint|p1a: Aegislash\n|\n|-weather|none\n|upkeep\n|\n|t:|1776222669\n|switch|p1a: Charizard|Charizard-Mega-Y, L50, M, shiny|45/100\n|-weather|SunnyDay|[from] ability: Drought|[of] p1a: Charizard\n|turn|6\n|\n|t:|1776222673\n|move|p2a: Pidgeot|Hurricane|p1a: Charizard\n|-damage|p1a: Charizard|0 fnt\n|faint|p1a: Charizard\n|\n|-weather|SunnyDay|[upkeep]\n|upkeep\n|\n|t:|1776222689\n|switch|p1a: Venusaur|Venusaur, L50, F|87/100\n|turn|7\n|\n|t:|1776222692\n|switch|p2a: Rotom|Rotom-Wash, L50|100/100\n|move|p1a: Venusaur|Sludge Bomb|p2a: Rotom\n|-damage|p2a: Rotom|57/100\n|\n|-weather|SunnyDay|[upkeep]\n|upkeep\n|turn|8\n|\n|t:|1776222700\n|move|p1a: Venusaur|Giga Drain|p2a: Rotom\n|-supereffective|p2a: Rotom|1\n|-damage|p2a: Rotom|0 fnt\n|-heal|p1a: Venusaur|100/100|[from] drain|[of] p2a: Rotom\n|faint|p2a: Rotom\n|\n|-weather|SunnyDay|[upkeep]\n|upkeep\n|\n|t:|1776222702\n|switch|p2a: Pidgeot|Pidgeot-Mega, L50, F|100/100\n|turn|9\n|\n|t:|1776222709\n|move|p1a: Venusaur|Sleep Powder|p2a: Pidgeot\n|-status|p2a: Pidgeot|slp|[from] move: Sleep Powder\n|cant|p2a: Pidgeot|slp\n|\n|-weather|SunnyDay|[upkeep]\n|upkeep\n|turn|10\n|\n|t:|1776222714\n|move|p1a: Venusaur|Sludge Bomb|p2a: Pidgeot\n|-damage|p2a: Pidgeot|45/100 slp\n|cant|p2a: Pidgeot|slp\n|\n|-weather|none\n|upkeep\n|turn|11\n|\n|t:|1776222719\n|-curestatus|p2a: Pidgeot|slp|[msg]\n|move|p2a: Pidgeot|Roost|p2a: Pidgeot\n|-heal|p2a: Pidgeot|95/100\n|-singleturn|p2a: Pidgeot|move: Roost\n|move|p1a: Venusaur|Sludge Bomb|p2a: Pidgeot\n|-damage|p2a: Pidgeot|36/100\n|\n|upkeep\n|turn|12\n|\n|t:|1776222727\n|move|p2a: Pidgeot|Hurricane|p1a: Venusaur\n|-supereffective|p1a: Venusaur|1\n|-damage|p1a: Venusaur|0 fnt\n|faint|p1a: Venusaur\n|\n|win|qwer2.0\n|raw|drakthosdk7's rating: 1236 &rarr; <strong>1210</strong><br />(-26 for losing)\n|raw|qwer2.0's rating: 1221 &rarr; <strong>1247</strong><br />(+26 for winning)\n|l|\u2606qwer2.0\n|player|p2|\n|l|\u2606drakthosdk7\n|player|p1|\n",
  "uploadtime": 1776223794,
  "views": 1,
  "formatid": "gen9championsbssregma",
  "rating": 1210,
  "private": 0,
  "password": null
}