{
  "id": "gen9championsbssregma-2584006531",
  "format": "[Gen 9 Champions] BSS Reg M-A",
  "players": [
    "poker_210",
    "Ineedaonetype"
  ],
  "log": "|j|\u2606poker_210\n|j|\u2606Ineedaonetype\n|t:|1776216148\n|gametype|singles\n|player|p1|poker_210|mina-masters|1248\n|player|p2|Ineedaonetype|169|1221\n|gen|9\n|tier|[Gen 9 Champions] BSS Reg M-A\n|rated|\n|rule|Species Clause: Limit one of each Pok\u00e9mon\n|rule|Item Clause: Limit 1 of each item\n|clearpoke\n|poke|p1|Glimmora, L50, M|\n|poke|p1|Garchomp, L50, F|\n|poke|p1|Meowscarada, L50, F|\n|poke|p1|Emboar, L50, F|\n|poke|p1|Skarmory, L50, M|\n|poke|p1|Dragapult, L50, F|\n|poke|p2|Pelipper, L50, M|\n|poke|p2|Archaludon, L50, M|\n|poke|p2|Basculegion, L50, M|\n|poke|p2|Charizard, L50, M|\n|poke|p2|Hippowdon, L50, F|\n|poke|p2|Lopunny, L50, M|\n|teampreview|3\n|j| p74\n|\n|t:|1776216202\n|teamsize|p1|3\n|teamsize|p2|3\n|start\n|switch|p1a: battery acid|Glimmora, L50, M|100/100\n|switch|p2a: Hippowdon|Hippowdon, L50, F|100/100\n|-weather|Sandstorm|[from] ability: Sand Stream|[of] p2a: Hippowdon\n|turn|1\n|\n|t:|1776216211\n|move|p1a: battery acid|Stealth Rock|p2a: Hippowdon\n|-sidestart|p2: Ineedaonetype|move: Stealth Rock\n|move|p2a: Hippowdon|Yawn|p1a: battery acid\n|-start|p1a: battery acid|move: Yawn|[of] p2a: Hippowdon\n|\n|-weather|Sandstorm|[upkeep]\n|upkeep\n|turn|2\n|\n|t:|1776216217\n|move|p1a: battery acid|Mortal Spin|p2a: Hippowdon\n|-resisted|p2a: Hippowdon|1\n|-damage|p2a: Hippowdon|98/100\n|-status|p2a: Hippowdon|psn\n|move|p2a: Hippowdon|Stealth Rock|p1a: battery acid\n|-sidestart|p1: poker_210|move: Stealth Rock\n|\n|-weather|Sandstorm|[upkeep]\n|-damage|p2a: Hippowdon|86/100 psn|[from] psn\n|-end|p1a: battery acid|move: Yawn|[silent]\n|-status|p1a: battery acid|slp\n|upkeep\n|turn|3\n|\n|t:|1776216232\n|cant|p1a: battery acid|slp\n|move|p2a: Hippowdon|Earthquake|p1a: battery acid\n|-supereffective|p1a: battery acid|2\n|-enditem|p1a: battery acid|Focus Sash\n|-damage|p1a: battery acid|1/100 slp\n|-activate|p1a: battery acid|ability: Toxic Debris\n|-sidestart|p2: Ineedaonetype|move: Toxic Spikes\n|\n|-weather|Sandstorm|[upkeep]\n|-damage|p2a: Hippowdon|74/100 psn|[from] psn\n|upkeep\n|turn|4\n|\n|t:|1776216239\n|-curestatus|p1a: battery acid|slp|[msg]\n|move|p1a: battery acid|Mortal Spin|p2a: Hippowdon\n|-resisted|p2a: Hippowdon|1\n|-damage|p2a: Hippowdon|72/100 psn\n|-sideend|p1: poker_210|Stealth Rock|[from] move: Mortal Spin|[of] p1a: battery acid\n|move|p2a: Hippowdon|Whirlwind|p1a: battery acid\n|drag|p1a: used vape|Skarmory, L50, M|100/100\n|\n|-weather|Sandstorm|[upkeep]\n|-damage|p2a: Hippowdon|60/100 psn|[from] psn\n|upkeep\n|turn|5\n|j| ianbots\n|\n|t:|1776216249\n|move|p1a: used vape|Swords Dance|p1a: used vape\n|-boost|p1a: used vape|atk|2\n|move|p2a: Hippowdon|Stealth Rock|p1a: used vape\n|-sidestart|p1: poker_210|move: Stealth Rock\n|\n|-weather|none\n|-damage|p2a: Hippowdon|47/100 psn|[from] psn\n|upkeep\n|-enditem|p2a: Hippowdon|Sitrus Berry|[eat]\n|-heal|p2a: Hippowdon|72/100 psn|[from] item: Sitrus Berry\n|turn|6\n|\n|t:|1776216262\n|detailschange|p1a: used vape|Skarmory-Mega, L50, M\n|-mega|p1a: used vape|Skarmory|Skarmorite\n|move|p1a: used vape|Brave Bird|p2a: Hippowdon\n|-damage|p2a: Hippowdon|0 fnt\n|faint|p2a: Hippowdon\n|-damage|p1a: used vape|64/100|[from] Recoil\n|\n|upkeep\n|\n|t:|1776216269\n|switch|p2a: Basculegion|Basculegion, L50, M|100/100\n|-damage|p2a: Basculegion|88/100|[from] Stealth Rock\n|-status|p2a: Basculegion|psn\n|turn|7\n|\n|t:|1776216275\n|move|p2a: Basculegion|Wave Crash|p1a: used vape\n|-damage|p1a: used vape|0 fnt\n|faint|p1a: used vape\n|-damage|p2a: Basculegion|74/100 psn|[from] Recoil\n|\n|-damage|p2a: Basculegion|61/100 psn|[from] psn\n|upkeep\n|\n|t:|1776216279\n|switch|p1a: hatch green chile|Meowscarada, L50, F|100/100\n|-damage|p1a: hatch green chile|88/100|[from] Stealth Rock\n|turn|8\n|\n|t:|1776216285\n|move|p1a: hatch green chile|Flower Trick|p2a: Basculegion\n|-start|p1a: hatch green chile|typechange|Grass|[from] ability: Protean\n|-supereffective|p2a: Basculegion|1\n|-crit|p2a: Basculegion\n|-damage|p2a: Basculegion|0 fnt\n|faint|p2a: Basculegion\n|\n|upkeep\n|\n|t:|1776216287\n|switch|p2a: Charizard|Charizard, L50, M|100/100\n|-damage|p2a: Charizard|51/100|[from] Stealth Rock\n|turn|9\n|\n|t:|1776216292\n|switch|p1a: battery acid|Glimmora, L50, M|1/100\n|-damage|p1a: battery acid|0 fnt|[from] Stealth Rock\n|faint|p1a: battery acid\n|detailschange|p2a: Charizard|Charizard-Mega-Y, L50, M\n|-mega|p2a: Charizard|Charizard|Charizardite Y\n|-weather|SunnyDay|[from] ability: Drought|[of] p2a: Charizard\n|move|p2a: Charizard|Weather Ball|p1: battery acid|[notarget]\n|-fail|p2a: Charizard\n|\n|-weather|SunnyDay|[upkeep]\n|upkeep\n|inactive|Battle timer is ON: inactive players will automatically lose when time's up. (requested by Ineedaonetype)\n|\n|t:|1776216301\n|switch|p1a: hatch green chile|Meowscarada, L50, F|88/100\n|-damage|p1a: hatch green chile|76/100|[from] Stealth Rock\n|turn|10\n|\n|t:|1776216303\n|move|p1a: hatch green chile|Triple Axel|p2a: Charizard\n|-start|p1a: hatch green chile|typechange|Ice|[from] ability: Protean\n|-damage|p2a: Charizard|37/100\n|-damage|p2a: Charizard|10/100\n|-damage|p2a: Charizard|0 fnt\n|faint|p2a: Charizard\n|-hitcount|p2: Charizard|3\n|\n|win|poker_210\n|raw|poker_210's rating: 1248 &rarr; <strong>1271</strong><br />(+23 for winning)\n|raw|Ineedaonetype's rating: 1221 &rarr; <strong>1198</strong><br />(-23 for losing)\n|l|\u2606poker_210\n|player|p1|\n",
  "uploadtime": 1776217395,
  "views": 1,
  "formatid": "gen9championsbssregma",
  "rating": 1198,
  "private": 0,
  "password": null
}