{
  "id": "gen9championsbssregma-2585578949",
  "format": "[Gen 9 Champions] BSS Reg M-A",
  "players": [
    "BBBKTY",
    "mkjp5jsup"
  ],
  "log": "|j|\u2606BBBKTY\n|j|\u2606mkjp5jsup\n|t:|1776356743\n|gametype|singles\n|player|p1|BBBKTY|265|1183\n|player|p2|mkjp5jsup|102|1070\n|gen|9\n|tier|[Gen 9 Champions] BSS Reg M-A\n|rated|\n|rule|Species Clause: Limit one of each Pok\u00e9mon\n|rule|Item Clause: Limit 1 of each item\n|clearpoke\n|poke|p1|Dragapult, L50, M|\n|poke|p1|Alakazam, L50, F|\n|poke|p1|Azumarill, L50, M|\n|poke|p1|Clefable, L50, M|\n|poke|p1|Espathra, L50, F|\n|poke|p1|Glimmora, L50, M|\n|poke|p2|Aegislash, L50, M|\n|poke|p2|Archaludon, L50, M|\n|poke|p2|Gyarados, L50, F|\n|poke|p2|Tyranitar, L50, M|\n|poke|p2|Heracross, L50, F|\n|poke|p2|Armarouge, L50, M|\n|teampreview|3\n|inactive|Battle timer is ON: inactive players will automatically lose when time's up. (requested by BBBKTY)\n|\n|t:|1776356771\n|teamsize|p1|3\n|teamsize|p2|3\n|start\n|switch|p1a: Glimmora|Glimmora, L50, M|100/100\n|switch|p2a: Archaludon|Archaludon, L50, M, shiny|100/100\n|turn|1\n|\n|t:|1776356778\n|move|p1a: Glimmora|Earth Power|p2a: Archaludon\n|-supereffective|p2a: Archaludon|1\n|-damage|p2a: Archaludon|37/100\n|-unboost|p2a: Archaludon|spd|1\n|-ability|p2a: Archaludon|Stamina|boost\n|-boost|p2a: Archaludon|def|1\n|move|p2a: Archaludon|Flash Cannon|p1a: Glimmora\n|-supereffective|p1a: Glimmora|1\n|-damage|p1a: Glimmora|22/100\n|\n|upkeep\n|turn|2\n|\n|t:|1776356787\n|move|p1a: Glimmora|Earth Power|p2a: Archaludon\n|-supereffective|p2a: Archaludon|1\n|-damage|p2a: Archaludon|0 fnt\n|faint|p2a: Archaludon\n|\n|upkeep\n|\n|t:|1776356794\n|switch|p2a: Tyranitar|Tyranitar, L50, M, shiny|100/100\n|-weather|Sandstorm|[from] ability: Sand Stream|[of] p2a: Tyranitar\n|turn|3\n|\n|t:|1776356798\n|detailschange|p2a: Tyranitar|Tyranitar-Mega, L50, M, shiny\n|-mega|p2a: Tyranitar|Tyranitar|Tyranitarite\n|move|p1a: Glimmora|Earth Power|p2a: Tyranitar\n|-supereffective|p2a: Tyranitar|1\n|-damage|p2a: Tyranitar|76/100\n|move|p2a: Tyranitar|Knock Off|p1a: Glimmora\n|-damage|p1a: Glimmora|0 fnt\n|-activate|p1a: Glimmora|ability: Toxic Debris\n|-sidestart|p2: mkjp5jsup|move: Toxic Spikes\n|-enditem|p1a: Glimmora|Focus Sash|[from] move: Knock Off|[of] p2a: Tyranitar\n|faint|p1a: Glimmora\n|\n|-weather|Sandstorm|[upkeep]\n|upkeep\n|\n|t:|1776356805\n|switch|p1a: Espathra|Espathra, L50, F, shiny|100/100\n|turn|4\n|\n|t:|1776356808\n|move|p1a: Espathra|Protect|p1a: Espathra\n|-singleturn|p1a: Espathra|Protect\n|move|p2a: Tyranitar|Knock Off|p1a: Espathra\n|-activate|p1a: Espathra|move: Protect\n|\n|-weather|Sandstorm|[upkeep]\n|-damage|p1a: Espathra|94/100|[from] Sandstorm\n|-ability|p1a: Espathra|Speed Boost|boost\n|-boost|p1a: Espathra|spe|1\n|upkeep\n|turn|5\n|\n|t:|1776356813\n|move|p1a: Espathra|Baton Pass|p1a: Espathra\n|\n|t:|1776356815\n|switch|p1a: Clefable|Clefable, L50, M, shiny|100/100|[from] Baton Pass\n|move|p2a: Tyranitar|Knock Off|p1a: Clefable\n|-resisted|p1a: Clefable|1\n|-damage|p1a: Clefable|84/100\n|\n|-weather|Sandstorm|[upkeep]\n|-damage|p1a: Clefable|78/100|[from] Sandstorm\n|upkeep\n|turn|6\n|\n|t:|1776356818\n|switch|p2a: Aegislash|Aegislash, L50, M, shiny|100/100\n|detailschange|p1a: Clefable|Clefable-Mega, L50, M, shiny\n|-mega|p1a: Clefable|Clefable|Clefablite\n|move|p1a: Clefable|Cosmic Power|p1a: Clefable\n|-boost|p1a: Clefable|def|1\n|-boost|p1a: Clefable|spd|1\n|\n|-weather|Sandstorm|[upkeep]\n|-damage|p1a: Clefable|72/100|[from] Sandstorm\n|upkeep\n|turn|7\n|\n|t:|1776356822\n|move|p1a: Clefable|Cosmic Power|p1a: Clefable\n|-boost|p1a: Clefable|def|1\n|-boost|p1a: Clefable|spd|1\n|-formechange|p2a: Aegislash|Aegislash-Blade|\n|move|p2a: Aegislash|Iron Head|p1a: Clefable\n|-supereffective|p1a: Clefable|1\n|-damage|p1a: Clefable|36/100\n|\n|-weather|none\n|upkeep\n|turn|8\n|\n|t:|1776356830\n|move|p1a: Clefable|Cosmic Power|p1a: Clefable\n|-boost|p1a: Clefable|def|1\n|-boost|p1a: Clefable|spd|1\n|move|p2a: Aegislash|Iron Head|p1a: Clefable\n|-supereffective|p1a: Clefable|1\n|-damage|p1a: Clefable|11/100\n|\n|upkeep\n|turn|9\n|\n|t:|1776356833\n|move|p1a: Clefable|Moonlight|p1a: Clefable\n|-heal|p1a: Clefable|61/100\n|move|p2a: Aegislash|Iron Head|p1a: Clefable\n|-supereffective|p1a: Clefable|1\n|-damage|p1a: Clefable|35/100\n|\n|upkeep\n|turn|10\n|\n|t:|1776356836\n|move|p1a: Clefable|Moonlight|p1a: Clefable\n|-heal|p1a: Clefable|85/100\n|move|p2a: Aegislash|Iron Head|p1a: Clefable\n|-supereffective|p1a: Clefable|1\n|-damage|p1a: Clefable|58/100\n|\n|upkeep\n|turn|11\n|\n|t:|1776356840\n|move|p1a: Clefable|Cosmic Power|p1a: Clefable\n|-boost|p1a: Clefable|def|1\n|-boost|p1a: Clefable|spd|1\n|move|p2a: Aegislash|Iron Head|p1a: Clefable\n|-supereffective|p1a: Clefable|1\n|-damage|p1a: Clefable|36/100\n|\n|upkeep\n|turn|12\n|\n|t:|1776356843\n|move|p1a: Clefable|Moonlight|p1a: Clefable\n|-heal|p1a: Clefable|86/100\n|move|p2a: Aegislash|Iron Head|p1a: Clefable\n|-supereffective|p1a: Clefable|1\n|-damage|p1a: Clefable|65/100\n|\n|upkeep\n|turn|13\n|\n|t:|1776356848\n|move|p1a: Clefable|Cosmic Power|p1a: Clefable\n|-boost|p1a: Clefable|def|1\n|-boost|p1a: Clefable|spd|1\n|move|p2a: Aegislash|Iron Head|p1a: Clefable\n|-supereffective|p1a: Clefable|1\n|-damage|p1a: Clefable|48/100\n|\n|upkeep\n|turn|14\n|\n|t:|1776356852\n|move|p1a: Clefable|Moonlight|p1a: Clefable\n|-heal|p1a: Clefable|98/100\n|move|p2a: Aegislash|Iron Head|p1a: Clefable\n|-supereffective|p1a: Clefable|1\n|-damage|p1a: Clefable|79/100\n|\n|upkeep\n|turn|15\n|\n|t:|1776356856\n|move|p1a: Clefable|Stored Power|p2a: Aegislash\n|-resisted|p2a: Aegislash|1\n|-damage|p2a: Aegislash|35/100\n|move|p2a: Aegislash|Iron Head|p1a: Clefable\n|-supereffective|p1a: Clefable|1\n|-damage|p1a: Clefable|60/100\n|\n|upkeep\n|turn|16\n|\n|t:|1776356858\n|move|p1a: Clefable|Stored Power|p2a: Aegislash\n|-resisted|p2a: Aegislash|1\n|-damage|p2a: Aegislash|0 fnt\n|faint|p2a: Aegislash\n|\n|upkeep\n|\n|t:|1776356860\n|switch|p2a: Tyranitar|Tyranitar-Mega, L50, M, shiny|76/100\n|-status|p2a: Tyranitar|psn\n|-weather|Sandstorm|[from] ability: Sand Stream|[of] p2a: Tyranitar\n|turn|17\n|\n|t:|1776356863\n|move|p1a: Clefable|Moonblast|p2a: Tyranitar\n|-supereffective|p2a: Tyranitar|1\n|-damage|p2a: Tyranitar|38/100 psn\n|move|p2a: Tyranitar|Ice Punch|p1a: Clefable\n|-supereffective|p1a: Clefable|1\n|-damage|p1a: Clefable|45/100\n|-status|p1a: Clefable|frz\n|\n|-weather|Sandstorm|[upkeep]\n|-damage|p1a: Clefable|39/100 frz|[from] Sandstorm\n|-damage|p2a: Tyranitar|26/100 psn|[from] psn\n|upkeep\n|turn|18\n|\n|t:|1776356868\n|cant|p1a: Clefable|frz\n|move|p2a: Tyranitar|Stone Edge|p1a: Clefable\n|-supereffective|p1a: Clefable|1\n|-damage|p1a: Clefable|14/100 frz\n|\n|-weather|Sandstorm|[upkeep]\n|-damage|p1a: Clefable|8/100 frz|[from] Sandstorm\n|-damage|p2a: Tyranitar|14/100 psn|[from] psn\n|upkeep\n|turn|19\n|\n|t:|1776356875\n|cant|p1a: Clefable|frz\n|move|p2a: Tyranitar|Ice Punch|p1a: Clefable\n|-supereffective|p1a: Clefable|1\n|-damage|p1a: Clefable|0 fnt\n|faint|p1a: Clefable\n|\n|-weather|Sandstorm|[upkeep]\n|-damage|p2a: Tyranitar|1/100 psn|[from] psn\n|upkeep\n|\n|t:|1776356878\n|switch|p1a: Espathra|Espathra, L50, F, shiny|94/100\n|turn|20\n|\n|t:|1776356880\n|move|p1a: Espathra|Protect|p1a: Espathra\n|-singleturn|p1a: Espathra|Protect\n|move|p2a: Tyranitar|Knock Off|p1a: Espathra\n|-activate|p1a: Espathra|move: Protect\n|\n|-weather|Sandstorm|[upkeep]\n|-damage|p1a: Espathra|88/100|[from] Sandstorm\n|-damage|p2a: Tyranitar|0 fnt|[from] psn\n|faint|p2a: Tyranitar\n|\n|win|BBBKTY\n|raw|BBBKTY's rating: 1183 &rarr; <strong>1200</strong><br />(+17 for winning)\n|raw|mkjp5jsup's rating: 1070 &rarr; <strong>1056</strong><br />(-14 for losing)\n|l|\u2606mkjp5jsup\n|player|p2|\n",
  "uploadtime": 1776356887,
  "views": 8,
  "formatid": "gen9championsbssregma",
  "rating": 1056,
  "private": 0,
  "password": null
}