{
  "id": "gen9championsbssregma-2588818667",
  "format": "[Gen 9 Champions] BSS Reg M-A",
  "players": [
    "Bbbkty",
    "BandedRae"
  ],
  "log": "|j|\u2606Bbbkty\n|j|\u2606BandedRae\n|t:|1776674664\n|gametype|singles\n|player|p1|Bbbkty|1|1155\n|player|p2|BandedRae|266|1258\n|gen|9\n|tier|[Gen 9 Champions] BSS Reg M-A\n|rated|\n|rule|Species Clause: Limit one of each Pok\u00e9mon\n|rule|Item Clause: Limit 1 of each item\n|clearpoke\n|poke|p1|Clefable, L50, M|\n|poke|p1|Charizard, L50, F|\n|poke|p1|Mimikyu, L50, F|\n|poke|p1|Kingambit, L50, M|\n|poke|p1|Espathra, L50, M|\n|poke|p1|Glimmora, L50, F|\n|poke|p2|Weavile, L50, F|\n|poke|p2|Garchomp, L50, F|\n|poke|p2|Primarina, L50, F|\n|poke|p2|Charizard, L50, M|\n|poke|p2|Blastoise, L50, F|\n|poke|p2|Basculegion, L50, M|\n|teampreview|3\n|inactive|Battle timer is ON: inactive players will automatically lose when time's up. (requested by BandedRae)\n|inactive|Bbbkty also wants the timer to be on.\n|inactive|BandedRae has 60 seconds left.\n|\n|t:|1776674717\n|teamsize|p1|3\n|teamsize|p2|3\n|start\n|switch|p1a: Glimmora|Glimmora, L50, F|100/100\n|switch|p2a: Weavile|Weavile, L50, F|100/100\n|turn|1\n|\n|t:|1776674726\n|move|p2a: Weavile|Fake Out|p1a: Glimmora\n|-resisted|p1a: Glimmora|1\n|-damage|p1a: Glimmora|92/100\n|-activate|p1a: Glimmora|ability: Toxic Debris\n|-sidestart|p2: BandedRae|move: Toxic Spikes\n|cant|p1a: Glimmora|flinch\n|\n|upkeep\n|turn|2\n|\n|t:|1776674734\n|move|p2a: Weavile|Triple Axel|p1a: Glimmora\n|-damage|p1a: Glimmora|79/100\n|-activate|p1a: Glimmora|ability: Toxic Debris\n|-sidestart|p2: BandedRae|move: Toxic Spikes\n|-damage|p1a: Glimmora|54/100\n|-damage|p1a: Glimmora|20/100\n|-hitcount|p1a: Glimmora|3\n|move|p1a: Glimmora|Stealth Rock|p2a: Weavile\n|-sidestart|p2: BandedRae|move: Stealth Rock\n|\n|upkeep\n|turn|3\n|\n|t:|1776674744\n|move|p2a: Weavile|Knock Off|p1a: Glimmora\n|-damage|p1a: Glimmora|0 fnt\n|-enditem|p1a: Glimmora|Focus Sash|[from] move: Knock Off|[of] p2a: Weavile\n|faint|p1a: Glimmora\n|\n|upkeep\n|\n|t:|1776674759\n|switch|p1a: Espathra|Espathra, L50, M|100/100\n|turn|4\n|\n|t:|1776674763\n|move|p1a: Espathra|Protect|p1a: Espathra\n|-singleturn|p1a: Espathra|Protect\n|move|p2a: Weavile|Knock Off|p1a: Espathra\n|-activate|p1a: Espathra|move: Protect\n|\n|-ability|p1a: Espathra|Speed Boost|boost\n|-boost|p1a: Espathra|spe|1\n|upkeep\n|turn|5\n|\n|t:|1776674769\n|move|p1a: Espathra|Baton Pass|p1a: Espathra\n|\n|t:|1776674771\n|switch|p1a: Clefable|Clefable, L50, M|100/100|[from] Baton Pass\n|move|p2a: Weavile|Knock Off|p1a: Clefable\n|-resisted|p1a: Clefable|1\n|-damage|p1a: Clefable|88/100\n|\n|upkeep\n|turn|6\n|\n|t:|1776674781\n|switch|p2a: Basculegion|Basculegion, L50, M|100/100\n|-status|p2a: Basculegion|tox\n|-damage|p2a: Basculegion|88/100 tox|[from] Stealth Rock\n|detailschange|p1a: Clefable|Clefable-Mega, L50, M\n|-mega|p1a: Clefable|Clefable|Clefablite\n|move|p1a: Clefable|Cosmic Power|p1a: Clefable\n|-boost|p1a: Clefable|def|1\n|-boost|p1a: Clefable|spd|1\n|\n|-damage|p2a: Basculegion|82/100 tox|[from] psn\n|upkeep\n|turn|7\n|\n|t:|1776674797\n|move|p2a: Basculegion|Wave Crash|p1a: Clefable\n|-damage|p1a: Clefable|54/100\n|-damage|p2a: Basculegion|71/100 tox|[from] Recoil\n|move|p1a: Clefable|Moonblast|p2a: Basculegion\n|-damage|p2a: Basculegion|22/100 tox\n|\n|-damage|p2a: Basculegion|9/100 tox|[from] psn\n|upkeep\n|turn|8\n|\n|t:|1776674813\n|move|p2a: Basculegion|Wave Crash|p1a: Clefable\n|-crit|p1a: Clefable\n|-damage|p1a: Clefable|0 fnt\n|faint|p1a: Clefable\n|-damage|p2a: Basculegion|0 fnt|[from] Recoil\n|faint|p2a: Basculegion\n|\n|upkeep\n|\n|t:|1776674822\n|switch|p2a: Weavile|Weavile, L50, F|100/100\n|switch|p1a: Espathra|Espathra, L50, M|100/100\n|-status|p2a: Weavile|tox\n|-damage|p2a: Weavile|76/100 tox|[from] Stealth Rock\n|turn|9\n|\n|t:|1776674829\n|move|p1a: Espathra|Protect|p1a: Espathra\n|-singleturn|p1a: Espathra|Protect\n|move|p2a: Weavile|Fake Out|p1a: Espathra\n|-activate|p1a: Espathra|move: Protect\n|\n|-damage|p2a: Weavile|69/100 tox|[from] psn\n|-ability|p1a: Espathra|Speed Boost|boost\n|-boost|p1a: Espathra|spe|1\n|upkeep\n|turn|10\n|\n|t:|1776674836\n|move|p1a: Espathra|Calm Mind|p1a: Espathra\n|-boost|p1a: Espathra|spa|1\n|-boost|p1a: Espathra|spd|1\n|move|p2a: Weavile|Knock Off|p1a: Espathra\n|-supereffective|p1a: Espathra|1\n|-damage|p1a: Espathra|0 fnt\n|-enditem|p1a: Espathra|Sitrus Berry|[from] move: Knock Off|[of] p2a: Weavile\n|faint|p1a: Espathra\n|\n|win|BandedRae\n|raw|Bbbkty's rating: 1155 &rarr; <strong>1137</strong><br />(-18 for losing)\n|raw|BandedRae's rating: 1258 &rarr; <strong>1276</strong><br />(+18 for winning)\n",
  "uploadtime": 1776674838,
  "views": 4,
  "formatid": "gen9championsbssregma",
  "rating": 1137,
  "private": 0,
  "password": null
}