{
  "id": "gen9championsbssregma-2586896356",
  "format": "[Gen 9 Champions] BSS Reg M-A",
  "players": [
    "OJ32",
    "Bestellung"
  ],
  "log": "|j|\u2606OJ32\n|j|\u2606Bestellung\n|t:|1776469558\n|gametype|singles\n|player|p1|OJ32|102|1076\n|player|p2|Bestellung|1|1000\n|gen|9\n|tier|[Gen 9 Champions] BSS Reg M-A\n|rated|\n|rule|Species Clause: Limit one of each Pok\u00e9mon\n|rule|Item Clause: Limit 1 of each item\n|clearpoke\n|poke|p1|Ceruledge, L50, M|\n|poke|p1|Glimmora, L50, M|\n|poke|p1|Meganium, L50, M|\n|poke|p1|Sneasler, L50, M|\n|poke|p1|Talonflame, L50, F|\n|poke|p1|Primarina, L50, F|\n|poke|p2|Aegislash, L50, M|\n|poke|p2|Hydreigon, L50, M|\n|poke|p2|Delphox, L50, F|\n|poke|p2|Diggersby, L50, M|\n|poke|p2|Sneasler, L50, F|\n|poke|p2|Glimmora, L50, M|\n|teampreview|3\n|inactive|Battle timer is ON: inactive players will automatically lose when time's up. (requested by OJ32)\n|\n|t:|1776469584\n|teamsize|p1|3\n|teamsize|p2|3\n|start\n|switch|p1a: Ceruledge|Ceruledge, L50, M|100/100\n|switch|p2a: Sneasler|Sneasler, L50, F|100/100\n|-ability|p2a: Sneasler|Pressure\n|turn|1\n|\n|t:|1776469591\n|switch|p2a: Hydreigon|Hydreigon, L50, M|100/100\n|move|p1a: Ceruledge|Swords Dance|p1a: Ceruledge\n|-boost|p1a: Ceruledge|atk|2\n|\n|upkeep\n|turn|2\n|\n|t:|1776469597\n|move|p2a: Hydreigon|Dark Pulse|p1a: Ceruledge\n|-supereffective|p1a: Ceruledge|1\n|-damage|p1a: Ceruledge|8/100\n|move|p1a: Ceruledge|Poltergeist|p2a: Hydreigon\n|-activate|p2a: Hydreigon|move: Poltergeist|Choice Scarf\n|-resisted|p2a: Hydreigon|1\n|-damage|p2a: Hydreigon|41/100\n|\n|upkeep\n|turn|3\n|\n|t:|1776469604\n|move|p1a: Ceruledge|Shadow Sneak|p2a: Hydreigon\n|-resisted|p2a: Hydreigon|1\n|-damage|p2a: Hydreigon|18/100\n|move|p2a: Hydreigon|Dark Pulse|p1a: Ceruledge\n|-supereffective|p1a: Ceruledge|1\n|-damage|p1a: Ceruledge|0 fnt\n|faint|p1a: Ceruledge\n|\n|upkeep\n|\n|t:|1776469610\n|switch|p1a: Primarina|Primarina, L50, F|100/100\n|turn|4\n|\n|t:|1776469615\n|move|p2a: Hydreigon|Dark Pulse|p1a: Primarina\n|-resisted|p1a: Primarina|1\n|-damage|p1a: Primarina|82/100\n|move|p1a: Primarina|Hyper Voice|p2a: Hydreigon\n|-resisted|p2a: Hydreigon|1\n|-damage|p2a: Hydreigon|0 fnt\n|faint|p2a: Hydreigon\n|\n|upkeep\n|\n|t:|1776469619\n|switch|p2a: Sneasler|Sneasler, L50, F|100/100\n|-ability|p2a: Sneasler|Pressure\n|turn|5\n|\n|t:|1776469625\n|switch|p1a: Glimmora|Glimmora, L50, M|100/100\n|move|p2a: Sneasler|Fake Out|p1a: Glimmora\n|-resisted|p1a: Glimmora|1\n|-damage|p1a: Glimmora|91/100\n|-activate|p1a: Glimmora|ability: Toxic Debris\n|-sidestart|p2: Bestellung|move: Toxic Spikes\n|\n|upkeep\n|turn|6\n|\n|t:|1776469633\n|switch|p2a: Aegislash|Aegislash, L50, M|100/100\n|detailschange|p1a: Glimmora|Glimmora-Mega, L50, M\n|-mega|p1a: Glimmora|Glimmora|Glimmoranite\n|move|p1a: Glimmora|Spiky Shield||[still]\n|-fail|p1a: Glimmora\n|\n|upkeep\n|turn|7\n|inactive|Bestellung has 30 seconds left.\n|\n|t:|1776469660\n|move|p1a: Glimmora|Earth Power|p2a: Aegislash\n|-supereffective|p2a: Aegislash|1\n|-enditem|p2a: Aegislash|Shuca Berry|[eat]\n|-enditem|p2a: Aegislash|Shuca Berry|[weaken]\n|-damage|p2a: Aegislash|72/100\n|-formechange|p2a: Aegislash|Aegislash-Blade|\n|move|p2a: Aegislash|Iron Head|p1a: Glimmora\n|-supereffective|p1a: Glimmora|1\n|-damage|p1a: Glimmora|9/100\n|\n|upkeep\n|turn|8\n|\n|t:|1776469669\n|move|p1a: Glimmora|Spiky Shield|p1a: Glimmora\n|-singleturn|p1a: Glimmora|move: Protect\n|move|p2a: Aegislash|Shadow Sneak|p1a: Glimmora\n|-activate|p1a: Glimmora|move: Protect\n|-damage|p2a: Aegislash|60/100|[from] Spiky Shield|[of] p1a: Glimmora\n|\n|upkeep\n|turn|9\n|\n|t:|1776469675\n|move|p2a: Aegislash|Shadow Sneak|p1a: Glimmora\n|-damage|p1a: Glimmora|0 fnt\n|faint|p1a: Glimmora\n|\n|upkeep\n|\n|t:|1776469677\n|switch|p1a: Primarina|Primarina, L50, F|82/100\n|turn|10\n|\n|t:|1776469683\n|move|p2a: Aegislash|Poltergeist|p1a: Primarina|[miss]\n|-miss|p2a: Aegislash|p1a: Primarina\n|move|p1a: Primarina|Hyper Voice|p2a: Aegislash\n|-crit|p2a: Aegislash\n|-damage|p2a: Aegislash|0 fnt\n|faint|p2a: Aegislash\n|\n|upkeep\n|\n|t:|1776469685\n|switch|p2a: Sneasler|Sneasler, L50, F|100/100\n|-sideend|p2: Bestellung|move: Toxic Spikes|[of] p2a: Sneasler\n|-ability|p2a: Sneasler|Pressure\n|turn|11\n|\n|t:|1776469690\n|move|p2a: Sneasler|Fake Out|p1a: Primarina\n|-damage|p1a: Primarina|65/100\n|cant|p1a: Primarina|flinch\n|\n|upkeep\n|turn|12\n|\n|t:|1776469695\n|move|p2a: Sneasler|Dire Claw|p1a: Primarina\n|-supereffective|p1a: Primarina|1\n|-damage|p1a: Primarina|0 fnt\n|faint|p1a: Primarina\n|\n|win|Bestellung\n|raw|OJ32's rating: 1076 &rarr; <strong>1050</strong><br />(-26 for losing)\n|raw|Bestellung's rating: 1000 &rarr; <strong>1049</strong><br />(+49 for winning)\n",
  "uploadtime": 1776469695,
  "views": 9,
  "formatid": "gen9championsbssregma",
  "rating": 1049,
  "private": 0,
  "password": null
}