{
  "id": "gen9championsbssregma-2583231426",
  "format": "[Gen 9 Champions] BSS Reg M-A",
  "players": [
    "sadalmelik",
    "Arcaniner52"
  ],
  "log": "|j|\u2606sadalmelik\n|j|\u2606Arcaniner52\n|t:|1776157448\n|gametype|singles\n|player|p1|sadalmelik|1|1218\n|player|p2|Arcaniner52|blue|1246\n|gen|9\n|tier|[Gen 9 Champions] BSS Reg M-A\n|rated|\n|rule|Species Clause: Limit one of each Pok\u00e9mon\n|rule|Item Clause: Limit 1 of each item\n|clearpoke\n|poke|p1|Garchomp, L50, M|\n|poke|p1|Charizard, L50, F|\n|poke|p1|Gyarados, L50, F|\n|poke|p1|Kingambit, L50, F|\n|poke|p1|Archaludon, L50, M|\n|poke|p1|Primarina, L50, F|\n|poke|p2|Gallade, L50, M|\n|poke|p2|Aegislash, L50, F|\n|poke|p2|Garchomp, L50, M|\n|poke|p2|Meowscarada, L50, M|\n|poke|p2|Rotom-Wash, L50|\n|poke|p2|Charizard, L50, M|\n|teampreview|3\n|inactive|Battle timer is ON: inactive players will automatically lose when time's up. (requested by sadalmelik)\n|inactive|Arcaniner52 has 60 seconds left.\n|inactive|sadalmelik has 60 seconds left.\n|\n|t:|1776157495\n|teamsize|p1|3\n|teamsize|p2|3\n|start\n|switch|p1a: Garchomp|Garchomp, L50, M, shiny|100/100\n|switch|p2a: Rotom|Rotom-Wash, L50|100/100\n|turn|1\n|\n|t:|1776157514\n|move|p1a: Garchomp|Stealth Rock|p2a: Rotom\n|-sidestart|p2: Arcaniner52|move: Stealth Rock\n|move|p2a: Rotom|Will-O-Wisp|p1a: Garchomp\n|-status|p1a: Garchomp|brn\n|\n|-damage|p1a: Garchomp|95/100 brn|[from] brn\n|upkeep\n|turn|2\n|\n|t:|1776157524\n|move|p1a: Garchomp|Rock Tomb|p2a: Rotom\n|-damage|p2a: Rotom|86/100\n|-unboost|p2a: Rotom|spe|1\n|move|p2a: Rotom|Hydro Pump|p1a: Garchomp|[miss]\n|-miss|p2a: Rotom|p1a: Garchomp\n|\n|-damage|p1a: Garchomp|89/100 brn|[from] brn\n|upkeep\n|turn|3\n|\n|t:|1776157534\n|move|p1a: Garchomp|Rock Tomb|p2a: Rotom\n|-damage|p2a: Rotom|71/100\n|-unboost|p2a: Rotom|spe|1\n|move|p2a: Rotom|Hydro Pump|p1a: Garchomp\n|-damage|p1a: Garchomp|32/100 brn\n|\n|-damage|p1a: Garchomp|26/100 brn|[from] brn\n|upkeep\n|turn|4\n|\n|t:|1776157544\n|move|p1a: Garchomp|Rock Tomb|p2a: Rotom\n|-damage|p2a: Rotom|57/100\n|-unboost|p2a: Rotom|spe|1\n|move|p2a: Rotom|Hydro Pump|p1a: Garchomp\n|-damage|p1a: Garchomp|0 fnt\n|faint|p1a: Garchomp\n|\n|upkeep\n|\n|t:|1776157555\n|switch|p1a: Primarina|Primarina, L50, F, shiny|100/100\n|turn|5\n|\n|t:|1776157570\n|switch|p2a: Gallade|Gallade, L50, M|100/100\n|-damage|p2a: Gallade|94/100|[from] Stealth Rock\n|move|p1a: Primarina|Moonblast|p2a: Gallade\n|-supereffective|p2a: Gallade|1\n|-damage|p2a: Gallade|3/100\n|\n|upkeep\n|turn|6\n|\n|t:|1776157586\n|move|p1a: Primarina|Aqua Jet|p2a: Gallade\n|-damage|p2a: Gallade|0 fnt\n|faint|p2a: Gallade\n|\n|upkeep\n|\n|t:|1776157591\n|switch|p2a: Rotom|Rotom-Wash, L50|57/100\n|-damage|p2a: Rotom|45/100|[from] Stealth Rock\n|-enditem|p2a: Rotom|Sitrus Berry|[eat]\n|-heal|p2a: Rotom|70/100|[from] item: Sitrus Berry\n|turn|7\n|\n|t:|1776157598\n|move|p2a: Rotom|Thunderbolt|p1a: Primarina\n|-supereffective|p1a: Primarina|1\n|-damage|p1a: Primarina|36/100\n|move|p1a: Primarina|Moonblast|p2a: Rotom\n|-damage|p2a: Rotom|11/100\n|\n|upkeep\n|turn|8\n|\n|t:|1776157610\n|move|p1a: Primarina|Aqua Jet|p2a: Rotom\n|-resisted|p2a: Rotom|1\n|-damage|p2a: Rotom|4/100\n|move|p2a: Rotom|Thunderbolt|p1a: Primarina\n|-supereffective|p1a: Primarina|1\n|-damage|p1a: Primarina|0 fnt\n|faint|p1a: Primarina\n|\n|upkeep\n|\n|t:|1776157617\n|switch|p1a: Gyarados|Gyarados, L50, F, shiny|100/100\n|-ability|p1a: Gyarados|Intimidate|boost\n|-unboost|p2a: Rotom|atk|1\n|turn|9\n|\n|t:|1776157637\n|detailschange|p1a: Gyarados|Gyarados-Mega, L50, F, shiny\n|-mega|p1a: Gyarados|Gyarados|Gyaradosite\n|-ability|p1a: Gyarados|Mold Breaker\n|move|p2a: Rotom|Thunderbolt|p1a: Gyarados\n|-supereffective|p1a: Gyarados|1\n|-damage|p1a: Gyarados|30/100\n|move|p1a: Gyarados|Waterfall|p2a: Rotom\n|-resisted|p2a: Rotom|1\n|-damage|p2a: Rotom|0 fnt\n|faint|p2a: Rotom\n|\n|upkeep\n|j| p74\n|\n|t:|1776157648\n|switch|p2a: Garchomp|Garchomp, L50, M|100/100\n|-damage|p2a: Garchomp|94/100|[from] Stealth Rock\n|turn|10\n|\n|t:|1776157653\n|move|p2a: Garchomp|Outrage|p1a: Gyarados\n|-damage|p1a: Gyarados|0 fnt\n|faint|p1a: Gyarados\n|\n|win|Arcaniner52\n|raw|sadalmelik's rating: 1218 &rarr; <strong>1195</strong><br />(-23 for losing)\n|raw|Arcaniner52's rating: 1246 &rarr; <strong>1269</strong><br />(+23 for winning)\n|c|\u2606Arcaniner52|Gg\n",
  "uploadtime": 1776157690,
  "views": 2,
  "formatid": "gen9championsbssregma",
  "rating": 1195,
  "private": 0,
  "password": null
}