{
  "id": "gen9championsbssregma-2587569880",
  "format": "[Gen 9 Champions] BSS Reg M-A",
  "players": [
    "Jayteejay10",
    "joguri"
  ],
  "log": "|j|\u2606Jayteejay10\n|j|\u2606joguri\n|t:|1776543145\n|gametype|singles\n|player|p1|Jayteejay10|officeworkerf-gen9|1324\n|player|p2|joguri|dawn|1288\n|gen|9\n|tier|[Gen 9 Champions] BSS Reg M-A\n|rated|\n|rule|Species Clause: Limit one of each Pok\u00e9mon\n|rule|Item Clause: Limit 1 of each item\n|clearpoke\n|poke|p1|Garchomp, L50, F|\n|poke|p1|Charizard, L50, M|\n|poke|p1|Corviknight, L50, M|\n|poke|p1|Kingambit, L50, M|\n|poke|p1|Meowscarada, L50, M|\n|poke|p1|Froslass, L50, F|\n|poke|p2|Clefable, L50, M|\n|poke|p2|Garchomp, L50, F|\n|poke|p2|Glimmora, L50, F|\n|poke|p2|Lopunny, L50, M|\n|poke|p2|Primarina, L50, F|\n|poke|p2|Corviknight, L50, M|\n|teampreview|3\n|inactive|Battle timer is ON: inactive players will automatically lose when time's up. (requested by joguri)\n|\n|t:|1776543160\n|teamsize|p1|3\n|teamsize|p2|3\n|start\n|switch|p1a: Froslass|Froslass, L50, F|100/100\n|switch|p2a: Lopunny|Lopunny, L50, M|100/100\n|turn|1\n|\n|t:|1776543165\n|switch|p1a: Garchomp|Garchomp, L50, F|100/100\n|move|p2a: Lopunny|Cotton Guard|p2a: Lopunny\n|-boost|p2a: Lopunny|def|3\n|\n|upkeep\n|turn|2\n|\n|t:|1776543172\n|move|p2a: Lopunny|Agility|p2a: Lopunny\n|-boost|p2a: Lopunny|spe|2\n|move|p1a: Garchomp|Rock Tomb|p2a: Lopunny\n|-damage|p2a: Lopunny|94/100\n|-unboost|p2a: Lopunny|spe|1\n|\n|upkeep\n|turn|3\n|\n|t:|1776543186\n|switch|p1a: Froslass|Froslass, L50, F|100/100\n|move|p2a: Lopunny|Encore||[still]\n|-fail|p2a: Lopunny\n|\n|upkeep\n|turn|4\n|\n|t:|1776543195\n|detailschange|p1a: Froslass|Froslass-Mega, L50, F\n|-mega|p1a: Froslass|Froslass|Froslassite\n|-weather|Snowscape|[from] ability: Snow Warning|[of] p1a: Froslass\n|move|p1a: Froslass|Blizzard|p2a: Lopunny\n|-damage|p2a: Lopunny|25/100\n|move|p2a: Lopunny|Agility|p2a: Lopunny\n|-boost|p2a: Lopunny|spe|2\n|\n|-weather|Snowscape|[upkeep]\n|upkeep\n|turn|5\n|\n|t:|1776543207\n|move|p2a: Lopunny|Baton Pass|p2a: Lopunny\n|\n|t:|1776543209\n|switch|p2a: Clefable|Clefable, L50, M|100/100|[from] Baton Pass\n|move|p1a: Froslass|Aurora Veil|p1a: Froslass\n|-sidestart|p1: Jayteejay10|move: Aurora Veil\n|\n|-weather|Snowscape|[upkeep]\n|upkeep\n|turn|6\n|\n|t:|1776543219\n|move|p2a: Clefable|Calm Mind|p2a: Clefable\n|-boost|p2a: Clefable|spa|1\n|-boost|p2a: Clefable|spd|1\n|move|p1a: Froslass|Blizzard|p2a: Clefable\n|-damage|p2a: Clefable|60/100\n|\n|-weather|Snowscape|[upkeep]\n|upkeep\n|turn|7\n|\n|t:|1776543228\n|move|p2a: Clefable|Calm Mind|p2a: Clefable\n|-boost|p2a: Clefable|spa|1\n|-boost|p2a: Clefable|spd|1\n|move|p1a: Froslass|Thunder Wave|p2a: Clefable\n|-status|p2a: Clefable|par\n|\n|-weather|Snowscape|[upkeep]\n|upkeep\n|turn|8\n|\n|t:|1776543237\n|move|p1a: Froslass|Hex|p2a: Clefable\n|-damage|p2a: Clefable|26/100 par\n|move|p2a: Clefable|Calm Mind|p2a: Clefable\n|-boost|p2a: Clefable|spa|1\n|-boost|p2a: Clefable|spd|1\n|\n|-weather|none\n|upkeep\n|turn|9\n|\n|t:|1776543244\n|detailschange|p2a: Clefable|Clefable-Mega, L50, M\n|-mega|p2a: Clefable|Clefable|Clefablite\n|move|p1a: Froslass|Hex|p2a: Clefable\n|-damage|p2a: Clefable|2/100 par\n|move|p2a: Clefable|Moonlight|p2a: Clefable\n|-heal|p2a: Clefable|52/100 par\n|\n|-sideend|p1: Jayteejay10|move: Aurora Veil\n|upkeep\n|turn|10\n|\n|t:|1776543252\n|switch|p1a: Garchomp|Garchomp, L50, F|100/100\n|move|p2a: Clefable|Moonlight|p2a: Clefable\n|-heal|p2a: Clefable|100/100 par\n|\n|upkeep\n|turn|11\n|\n|t:|1776543261\n|move|p1a: Garchomp|Stealth Rock|p2a: Clefable\n|move|p2a: Clefable|Stealth Rock|p1a: Garchomp|[from] ability: Magic Bounce\n|-sidestart|p1: Jayteejay10|move: Stealth Rock\n|move|p2a: Clefable|Moonblast|p1a: Garchomp\n|-supereffective|p1a: Garchomp|1\n|-damage|p1a: Garchomp|0 fnt\n|faint|p1a: Garchomp\n|\n|upkeep\n|\n|t:|1776543264\n|switch|p1a: Froslass|Froslass-Mega, L50, F|100/100\n|-damage|p1a: Froslass|76/100|[from] Stealth Rock\n|-weather|Snowscape|[from] ability: Snow Warning|[of] p1a: Froslass\n|turn|12\n|\n|t:|1776543274\n|move|p1a: Froslass|Blizzard|p2a: Clefable\n|-supereffective|p2a: Clefable|1\n|-damage|p2a: Clefable|64/100 par\n|move|p2a: Clefable|Stored Power|p1a: Froslass\n|-damage|p1a: Froslass|0 fnt\n|faint|p1a: Froslass\n|\n|-weather|Snowscape|[upkeep]\n|upkeep\n|\n|t:|1776543275\n|switch|p1a: Meowscarada|Meowscarada, L50, M|100/100\n|-damage|p1a: Meowscarada|89/100|[from] Stealth Rock\n|turn|13\n|\n|t:|1776543284\n|move|p1a: Meowscarada|Triple Axel|p2a: Clefable\n|-start|p1a: Meowscarada|typechange|Ice|[from] ability: Protean\n|-supereffective|p2a: Clefable|1\n|-crit|p2a: Clefable\n|-damage|p2a: Clefable|43/100 par\n|-supereffective|p2a: Clefable|1\n|-damage|p2a: Clefable|33/100 par\n|-supereffective|p2a: Clefable|1\n|-damage|p2a: Clefable|18/100 par\n|-hitcount|p2a: Clefable|3\n|move|p2a: Clefable|Moonblast|p1a: Meowscarada\n|-damage|p1a: Meowscarada|0 fnt\n|faint|p1a: Meowscarada\n|\n|win|joguri\n|raw|Jayteejay10's rating: 1324 &rarr; <strong>1302</strong><br />(-22 for losing)\n|raw|joguri's rating: 1288 &rarr; <strong>1316</strong><br />(+28 for winning)\n|l|\u2606Jayteejay10\n|player|p1|\n",
  "uploadtime": 1776543297,
  "views": 1,
  "formatid": "gen9championsbssregma",
  "rating": 1302,
  "private": 0,
  "password": null
}