{
  "id": "gen9championsbssregma-2587941514",
  "format": "[Gen 9 Champions] BSS Reg M-A",
  "players": [
    "asasdfaf",
    "Khanh vip"
  ],
  "log": "|j|\u2606asasdfaf\n|j|\u2606Khanh vip\n|t:|1776582295\n|gametype|singles\n|player|p1|asasdfaf|265|1087\n|player|p2|Khanh vip|101|1028\n|gen|9\n|tier|[Gen 9 Champions] BSS Reg M-A\n|rated|\n|rule|Species Clause: Limit one of each Pok\u00e9mon\n|rule|Item Clause: Limit 1 of each item\n|clearpoke\n|poke|p1|Feraligatr, L50, M|\n|poke|p1|Aegislash, L50, M|\n|poke|p1|Garchomp, L50, F|\n|poke|p1|Rotom-Heat, L50|\n|poke|p1|Venusaur, L50, M|\n|poke|p1|Clefable, L50, F|\n|poke|p2|Machamp, L50, M|\n|poke|p2|Absol, L50, M|\n|poke|p2|Delphox, L50, M|\n|poke|p2|Tyranitar, L50, F|\n|poke|p2|Feraligatr, L50, M|\n|poke|p2|Corviknight, L50, F|\n|teampreview|3\n|inactive|Battle timer is ON: inactive players will automatically lose when time's up. (requested by asasdfaf)\n|\n|t:|1776582341\n|teamsize|p1|3\n|teamsize|p2|3\n|start\n|switch|p1a: Rotom|Rotom-Heat, L50|100/100\n|switch|p2a: Machamp|Machamp, L50, M|100/100\n|turn|1\n|\n|t:|1776582349\n|move|p1a: Rotom|Volt Switch|p2a: Machamp\n|-damage|p2a: Machamp|66/100\n|\n|t:|1776582352\n|switch|p1a: Clefable|Clefable, L50, F|100/100|[from] Volt Switch\n|move|p2a: Machamp|Dynamic Punch|p1a: Clefable\n|-resisted|p1a: Clefable|1\n|-crit|p1a: Clefable\n|-damage|p1a: Clefable|63/100\n|-start|p1a: Clefable|confusion\n|\n|upkeep\n|turn|2\n|\n|t:|1776582362\n|switch|p2a: Corviknight|Corviknight, L50, F|100/100\n|-ability|p2a: Corviknight|Pressure\n|-activate|p1a: Clefable|confusion\n|move|p1a: Clefable|Moonblast|p2a: Corviknight\n|-resisted|p2a: Corviknight|1\n|-damage|p2a: Corviknight|84/100\n|\n|upkeep\n|turn|3\n|\n|t:|1776582377\n|switch|p1a: Rotom|Rotom-Heat, L50|100/100\n|move|p2a: Corviknight|Iron Defense|p2a: Corviknight\n|-boost|p2a: Corviknight|def|2\n|\n|upkeep\n|turn|4\n|\n|t:|1776582382\n|move|p1a: Rotom|Discharge|p2a: Corviknight\n|-supereffective|p2a: Corviknight|1\n|-damage|p2a: Corviknight|16/100\n|-enditem|p2a: Corviknight|Sitrus Berry|[eat]\n|-heal|p2a: Corviknight|41/100|[from] item: Sitrus Berry\n|move|p2a: Corviknight|Iron Defense|p2a: Corviknight\n|-boost|p2a: Corviknight|def|2\n|\n|upkeep\n|turn|5\n|\n|t:|1776582388\n|move|p1a: Rotom|Discharge|p2a: Corviknight\n|-supereffective|p2a: Corviknight|1\n|-damage|p2a: Corviknight|0 fnt\n|faint|p2a: Corviknight\n|\n|upkeep\n|\n|t:|1776582397\n|switch|p2a: Delphox|Delphox, L50, M|100/100\n|turn|6\n|\n|t:|1776582405\n|detailschange|p2a: Delphox|Delphox-Mega, L50, M\n|-mega|p2a: Delphox|Delphox|Delphoxite\n|move|p1a: Rotom|Discharge|p2a: Delphox\n|-damage|p2a: Delphox|62/100\n|move|p2a: Delphox|Psychic|p1a: Rotom\n|-damage|p1a: Rotom|24/100\n|\n|upkeep\n|turn|7\n|\n|t:|1776582418\n|switch|p2a: Machamp|Machamp, L50, M|66/100\n|move|p1a: Rotom|Discharge|p2a: Machamp\n|-damage|p2a: Machamp|30/100\n|\n|upkeep\n|turn|8\n|\n|t:|1776582427\n|switch|p1a: Clefable|Clefable, L50, F|63/100\n|move|p2a: Machamp|Bullet Punch|p1a: Clefable\n|-supereffective|p1a: Clefable|1\n|-damage|p1a: Clefable|35/100\n|-enditem|p1a: Clefable|Sitrus Berry|[eat]\n|-heal|p1a: Clefable|59/100|[from] item: Sitrus Berry\n|\n|upkeep\n|turn|9\n|\n|t:|1776582436\n|move|p1a: Clefable|Moonblast|p2a: Machamp\n|-supereffective|p2a: Machamp|1\n|-damage|p2a: Machamp|0 fnt\n|faint|p2a: Machamp\n|\n|upkeep\n|\n|t:|1776582439\n|switch|p2a: Delphox|Delphox-Mega, L50, M|62/100\n|turn|10\n|\n|t:|1776582449\n|move|p2a: Delphox|Burning Jealousy|p1a: Clefable\n|-damage|p1a: Clefable|19/100\n|move|p1a: Clefable|Healing Wish|p1a: Clefable\n|faint|p1a: Clefable\n|\n|upkeep\n|\n|t:|1776582451\n|switch|p1a: Rotom|Rotom-Heat, L50|24/100\n|-heal|p1a: Rotom|100/100|[from] move: Healing Wish\n|turn|11\n|\n|t:|1776582457\n|move|p1a: Rotom|Discharge|p2a: Delphox\n|-damage|p2a: Delphox|29/100\n|move|p2a: Delphox|Psychic|p1a: Rotom\n|-damage|p1a: Rotom|25/100\n|-unboost|p1a: Rotom|spd|1\n|\n|upkeep\n|turn|12\n|\n|t:|1776582465\n|move|p1a: Rotom|Discharge|p2a: Delphox\n|-crit|p2a: Delphox\n|-damage|p2a: Delphox|0 fnt\n|faint|p2a: Delphox\n|\n|win|asasdfaf\n|raw|asasdfaf's rating: 1087 &rarr; <strong>1109</strong><br />(+22 for winning)\n|raw|Khanh vip's rating: 1028 &rarr; <strong>1016</strong><br />(-12 for losing)\n",
  "uploadtime": 1776582467,
  "views": 5,
  "formatid": "gen9championsbssregma",
  "rating": 1016,
  "private": 0,
  "password": null
}