{
  "id": "gen9championsbssregma-2585103126",
  "format": "[Gen 9 Champions] BSS Reg M-A",
  "players": [
    "Allbiz",
    "blip exists"
  ],
  "log": "|j|\u2606Allbiz\n|j|\u2606blip exists\n|t:|1776312093\n|gametype|singles\n|player|p1|Allbiz|blue|1283\n|player|p2|blip exists|colress|1193\n|gen|9\n|tier|[Gen 9 Champions] BSS Reg M-A\n|rated|\n|rule|Species Clause: Limit one of each Pok\u00e9mon\n|rule|Item Clause: Limit 1 of each item\n|clearpoke\n|poke|p1|Garchomp, L50, M|\n|poke|p1|Corviknight, L50, F|\n|poke|p1|Polteageist, L50|\n|poke|p1|Clefable, L50, M|\n|poke|p1|Archaludon, L50, M|\n|poke|p1|Delphox, L50, M|\n|poke|p2|Espathra, L50, F|\n|poke|p2|Clefable, L50, F|\n|poke|p2|Vaporeon, L50, F|\n|poke|p2|Skeledirge, L50, M|\n|poke|p2|Chimecho, L50, M|\n|poke|p2|Gardevoir, L50, F|\n|teampreview|3\n|j| huhyuhyuhyuh\n|j| p74\n|inactive|Battle timer is ON: inactive players will automatically lose when time's up. (requested by blip exists)\n|\n|t:|1776312123\n|teamsize|p1|3\n|teamsize|p2|3\n|start\n|switch|p1a: Garchomp|Garchomp, L50, M, shiny|100/100\n|switch|p2a: Espathra|Espathra, L50, F|100/100\n|turn|1\n|\n|t:|1776312133\n|move|p2a: Espathra|Protect|p2a: Espathra\n|-singleturn|p2a: Espathra|Protect\n|move|p1a: Garchomp|Earthquake|p2a: Espathra\n|-activate|p2a: Espathra|move: Protect\n|\n|-ability|p2a: Espathra|Speed Boost|boost\n|-boost|p2a: Espathra|spe|1\n|upkeep\n|turn|2\n|\n|t:|1776312142\n|move|p2a: Espathra|Feather Dance|p1a: Garchomp\n|-unboost|p1a: Garchomp|atk|2\n|move|p1a: Garchomp|Earthquake|p2a: Espathra\n|-crit|p2a: Espathra\n|-enditem|p2a: Espathra|Focus Sash\n|-damage|p2a: Espathra|1/100\n|\n|-ability|p2a: Espathra|Speed Boost|boost\n|-boost|p2a: Espathra|spe|1\n|upkeep\n|turn|3\n|\n|t:|1776312153\n|move|p2a: Espathra|Protect|p2a: Espathra\n|-singleturn|p2a: Espathra|Protect\n|move|p1a: Garchomp|Earthquake|p2a: Espathra\n|-activate|p2a: Espathra|move: Protect\n|\n|-ability|p2a: Espathra|Speed Boost|boost\n|-boost|p2a: Espathra|spe|1\n|upkeep\n|turn|4\n|\n|t:|1776312161\n|move|p2a: Espathra|Baton Pass|p2a: Espathra\n|\n|t:|1776312163\n|switch|p2a: Clefable|Clefable, L50, F|100/100|[from] Baton Pass\n|move|p1a: Garchomp|Earthquake|p2a: Clefable\n|-damage|p2a: Clefable|54/100\n|\n|upkeep\n|turn|5\n|\n|t:|1776312171\n|detailschange|p2a: Clefable|Clefable-Mega, L50, F\n|-mega|p2a: Clefable|Clefable|Clefablite\n|move|p1a: Garchomp|Earthquake|p2a: Clefable\n|-immune|p2a: Clefable\n|move|p2a: Clefable|Cosmic Power|p2a: Clefable\n|-boost|p2a: Clefable|def|1\n|-boost|p2a: Clefable|spd|1\n|\n|upkeep\n|turn|6\n|\n|t:|1776312183\n|switch|p1a: Delphox|Delphox, L50, M, shiny|100/100\n|move|p2a: Clefable|Moonlight|p2a: Clefable\n|-heal|p2a: Clefable|100/100\n|\n|upkeep\n|turn|7\n|\n|t:|1776312191\n|detailschange|p1a: Delphox|Delphox-Mega, L50, M, shiny\n|-mega|p1a: Delphox|Delphox|Delphoxite\n|move|p2a: Clefable|Baton Pass|p2a: Clefable\n|\n|t:|1776312193\n|switch|p2a: Gardevoir|Gardevoir, L50, F|100/100|[from] Baton Pass\n|-ability|p2a: Gardevoir|Levitate|Trace|[from] ability: Trace|[of] p1a: Delphox\n|move|p1a: Delphox|Encore||[still]\n|-fail|p1a: Delphox\n|\n|upkeep\n|turn|8\n|\n|t:|1776312213\n|move|p2a: Gardevoir|Taunt|p1a: Delphox\n|-start|p1a: Delphox|move: Taunt\n|cant|p1a: Delphox|move: Taunt|Nasty Plot\n|\n|upkeep\n|turn|9\n|\n|t:|1776312219\n|move|p2a: Gardevoir|Calm Mind|p2a: Gardevoir\n|-boost|p2a: Gardevoir|spa|1\n|-boost|p2a: Gardevoir|spd|1\n|move|p1a: Delphox|Flamethrower|p2a: Gardevoir\n|-damage|p2a: Gardevoir|72/100\n|\n|upkeep\n|turn|10\n|\n|t:|1776312229\n|switch|p1a: Garchomp|Garchomp, L50, M, shiny|100/100\n|move|p2a: Gardevoir|Calm Mind|p2a: Gardevoir\n|-boost|p2a: Gardevoir|spa|1\n|-boost|p2a: Gardevoir|spd|1\n|\n|upkeep\n|turn|11\n|\n|t:|1776312237\n|move|p2a: Gardevoir|Moonblast|p1a: Garchomp\n|-supereffective|p1a: Garchomp|1\n|-damage|p1a: Garchomp|0 fnt\n|faint|p1a: Garchomp\n|\n|upkeep\n|\n|t:|1776312243\n|switch|p1a: Polteageist|Polteageist, L50, shiny|100/100\n|turn|12\n|\n|t:|1776312247\n|move|p2a: Gardevoir|Taunt|p1a: Polteageist\n|-start|p1a: Polteageist|move: Taunt\n|cant|p1a: Polteageist|move: Taunt|Shell Smash\n|\n|upkeep\n|turn|13\n|-message|Allbiz forfeited.\n|\n|win|blip exists\n|raw|Allbiz's rating: 1283 &rarr; <strong>1252</strong><br />(-31 for losing)\n|raw|blip exists's rating: 1193 &rarr; <strong>1224</strong><br />(+31 for winning)\n|l|\u2606Allbiz\n|player|p1|\n|l|\u2606blip exists\n|player|p2|\n|l| huhyuhyuhyuh\n",
  "uploadtime": 1776312312,
  "views": 4,
  "formatid": "gen9championsbssregma",
  "rating": 1224,
  "private": 0,
  "password": null
}