{
  "id": "gen9championsbssregma-2582388240",
  "format": "[Gen 9 Champions] BSS Reg M-A",
  "players": [
    "bububugye",
    "gshs5"
  ],
  "log": "|j|\u2606bububugye\n|j|\u2606gshs5\n|t:|1776088350\n|gametype|singles\n|player|p1|bububugye|170|1078\n|player|p2|gshs5|266|1000\n|gen|9\n|tier|[Gen 9 Champions] BSS Reg M-A\n|rated|\n|rule|Species Clause: Limit one of each Pok\u00e9mon\n|rule|Item Clause: Limit 1 of each item\n|clearpoke\n|poke|p1|Lopunny, L50, M|\n|poke|p1|Corviknight, L50, M|\n|poke|p1|Greninja-*, L50, M|\n|poke|p1|Primarina, L50, F|\n|poke|p1|Garchomp, L50, M|\n|poke|p1|Toxapex, L50, F|\n|poke|p2|Absol, L50, F|\n|poke|p2|Gyarados, L50, F|\n|poke|p2|Garchomp, L50, M|\n|poke|p2|Zoroark-Hisui, L50, F|\n|poke|p2|Empoleon, L50, F|\n|poke|p2|Gardevoir, L50, F|\n|teampreview|3\n|inactive|Battle timer is ON: inactive players will automatically lose when time's up. (requested by bububugye)\n|\n|t:|1776088391\n|teamsize|p1|3\n|teamsize|p2|3\n|start\n|switch|p1a: Blackbird|Corviknight, L50, M, shiny|100/100\n|switch|p2a: Gardevoir|Gardevoir, L50, F|100/100\n|-ability|p2a: Gardevoir|Mirror Armor|Trace|[from] ability: Trace|[of] p1a: Blackbird\n|turn|1\n|inactive|bububugye has 30 seconds left.\n|inactive|gshs5 has 30 seconds left.\n|inactive|bububugye has 20 seconds left.\n|inactive|bububugye has 15 seconds left.\n|inactive|bububugye has 10 seconds left.\n|inactive|bububugye has 5 seconds left.\n|\n|t:|1776088446\n|switch|p2a: Empoleon|Empoleon, L50, F|100/100\n|move|p1a: Blackbird|U-turn|p2a: Empoleon\n|-resisted|p2a: Empoleon|1\n|-damage|p2a: Empoleon|94/100\n|\n|t:|1776088452\n|switch|p1a: My Waifu|Lopunny, L50, M, shiny|100/100|[from] U-turn\n|\n|-heal|p2a: Empoleon|99/100|[from] item: Leftovers\n|upkeep\n|turn|2\n|\n|t:|1776088457\n|detailschange|p1a: My Waifu|Lopunny-Mega, L50, M, shiny\n|-mega|p1a: My Waifu|Lopunny|Lopunnite\n|move|p1a: My Waifu|Fake Out|p2a: Empoleon\n|-resisted|p2a: Empoleon|1\n|-damage|p2a: Empoleon|90/100\n|cant|p2a: Empoleon|flinch\n|\n|-heal|p2a: Empoleon|96/100|[from] item: Leftovers\n|upkeep\n|turn|3\n|\n|t:|1776088479\n|switch|p2a: Gardevoir|Gardevoir, L50, F|100/100\n|-ability|p2a: Gardevoir|Scrappy|Trace|[from] ability: Trace|[of] p1a: My Waifu\n|move|p1a: My Waifu|U-turn|p2a: Gardevoir\n|-damage|p2a: Gardevoir|55/100\n|\n|t:|1776088487\n|switch|p1a: Blackbird|Corviknight, L50, M, shiny|100/100|[from] U-turn\n|\n|upkeep\n|turn|4\n|inactive|gshs5 has 30 seconds left.\n|\n|t:|1776088515\n|switch|p2a: Garchomp|Garchomp, L50, M|100/100\n|move|p1a: Blackbird|U-turn|p2a: Garchomp\n|-damage|p2a: Garchomp|85/100\n|-damage|p1a: Blackbird|88/100|[from] ability: Rough Skin|[of] p2a: Garchomp\n|\n|t:|1776088523\n|switch|p1a: Your Pain|Toxapex, L50, F|100/100|[from] U-turn\n|\n|upkeep\n|turn|5\n|\n|t:|1776088532\n|switch|p2a: Empoleon|Empoleon, L50, F|96/100\n|switch|p1a: Blackbird|Corviknight, L50, M, shiny|88/100\n|\n|-heal|p2a: Empoleon|100/100|[from] item: Leftovers\n|upkeep\n|turn|6\n|\n|t:|1776088537\n|move|p1a: Blackbird|Iron Defense|p1a: Blackbird\n|-boost|p1a: Blackbird|def|2\n|move|p2a: Empoleon|Yawn|p1a: Blackbird\n|-start|p1a: Blackbird|move: Yawn|[of] p2a: Empoleon\n|\n|upkeep\n|turn|7\n|\n|t:|1776088541\n|move|p1a: Blackbird|Body Press|p2a: Empoleon\n|-supereffective|p2a: Empoleon|1\n|-damage|p2a: Empoleon|10/100\n|move|p2a: Empoleon|Stealth Rock|p1a: Blackbird\n|-sidestart|p1: bububugye|move: Stealth Rock\n|\n|-heal|p2a: Empoleon|16/100|[from] item: Leftovers\n|-end|p1a: Blackbird|move: Yawn|[silent]\n|-status|p1a: Blackbird|slp\n|upkeep\n|turn|8\n|\n|t:|1776088545\n|cant|p1a: Blackbird|slp\n|move|p2a: Empoleon|Flip Turn|p1a: Blackbird\n|-damage|p1a: Blackbird|82/100 slp\n|\n|t:|1776088559\n|switch|p2a: Garchomp|Garchomp, L50, M|85/100|[from] Flip Turn\n|\n|upkeep\n|turn|9\n|\n|t:|1776088581\n|detailschange|p2a: Garchomp|Garchomp-Mega, L50, M\n|-mega|p2a: Garchomp|Garchomp|Garchompite\n|move|p2a: Garchomp|Fire Blast|p1a: Blackbird|[miss]\n|-miss|p2a: Garchomp|p1a: Blackbird\n|cant|p1a: Blackbird|slp\n|\n|upkeep\n|turn|10\n|\n|t:|1776088589\n|move|p2a: Garchomp|Fire Blast|p1a: Blackbird\n|-supereffective|p1a: Blackbird|1\n|-damage|p1a: Blackbird|21/100 slp\n|-enditem|p1a: Blackbird|Sitrus Berry|[eat]\n|-heal|p1a: Blackbird|46/100 slp|[from] item: Sitrus Berry\n|-curestatus|p1a: Blackbird|slp|[msg]\n|move|p1a: Blackbird|Body Press|p2a: Garchomp\n|-damage|p2a: Garchomp|38/100\n|\n|upkeep\n|turn|11\n|\n|t:|1776088599\n|move|p2a: Garchomp|Fire Blast|p1a: Blackbird\n|-supereffective|p1a: Blackbird|1\n|-damage|p1a: Blackbird|0 fnt\n|faint|p1a: Blackbird\n|\n|upkeep\n|\n|t:|1776088601\n|switch|p1a: My Waifu|Lopunny-Mega, L50, M, shiny|100/100\n|-damage|p1a: My Waifu|95/100|[from] Stealth Rock\n|turn|12\n|\n|t:|1776088618\n|switch|p2a: Empoleon|Empoleon, L50, F|16/100\n|move|p1a: My Waifu|Close Combat|p2a: Empoleon\n|-supereffective|p2a: Empoleon|1\n|-damage|p2a: Empoleon|0 fnt\n|-unboost|p1a: My Waifu|def|1\n|-unboost|p1a: My Waifu|spd|1\n|faint|p2a: Empoleon\n|\n|upkeep\n|\n|t:|1776088624\n|switch|p2a: Gardevoir|Gardevoir, L50, F|55/100\n|-ability|p2a: Gardevoir|Scrappy|Trace|[from] ability: Trace|[of] p1a: My Waifu\n|turn|13\n|\n|t:|1776088628\n|move|p2a: Gardevoir|Psychic|p1a: My Waifu\n|-supereffective|p1a: My Waifu|1\n|-crit|p1a: My Waifu\n|-damage|p1a: My Waifu|0 fnt\n|faint|p1a: My Waifu\n|\n|upkeep\n|\n|t:|1776088633\n|switch|p1a: Your Pain|Toxapex, L50, F|100/100\n|-damage|p1a: Your Pain|88/100|[from] Stealth Rock\n|turn|14\n|-message|bububugye forfeited.\n|\n|win|gshs5\n|raw|bububugye's rating: 1078 &rarr; <strong>1052</strong><br />(-26 for losing)\n|raw|gshs5's rating: 1000 &rarr; <strong>1049</strong><br />(+49 for winning)\n|l|\u2606bububugye\n|player|p1|\n",
  "uploadtime": 1776088638,
  "views": 5,
  "formatid": "gen9championsbssregma",
  "rating": 1049,
  "private": 0,
  "password": null
}