{
  "id": "gen9championsbssregma-2583934078",
  "format": "[Gen 9 Champions] BSS Reg M-A",
  "players": [
    "Randrz",
    "Gshs5"
  ],
  "log": "|j|\u2606Randrz\n|j|\u2606Gshs5\n|t:|1776209612\n|gametype|singles\n|player|p1|Randrz|2|1102\n|player|p2|Gshs5|102|1189\n|gen|9\n|tier|[Gen 9 Champions] BSS Reg M-A\n|rated|\n|rule|Species Clause: Limit one of each Pok\u00e9mon\n|rule|Item Clause: Limit 1 of each item\n|clearpoke\n|poke|p1|Emboar, L50, M|\n|poke|p1|Meganium, L50, F|\n|poke|p1|Gengar, L50, M|\n|poke|p1|Whimsicott, L50, F|\n|poke|p1|Starmie, L50|\n|poke|p1|Lucario, L50, M|\n|poke|p2|Absol, L50, F|\n|poke|p2|Diggersby, L50, F|\n|poke|p2|Gyarados, L50, M|\n|poke|p2|Venusaur, L50, M|\n|poke|p2|Archaludon, L50, F|\n|poke|p2|Volcarona, L50, M|\n|teampreview|3\n|inactive|Battle timer is ON: inactive players will automatically lose when time's up. (requested by Randrz)\n|\n|t:|1776209645\n|teamsize|p1|3\n|teamsize|p2|3\n|start\n|switch|p1a: Gengar|Gengar, L50, M|100/100\n|switch|p2a: Diggersby|Diggersby, L50, F|100/100\n|turn|1\n|\n|t:|1776209653\n|move|p2a: Diggersby|Earthquake|p1a: Gengar\n|-supereffective|p1a: Gengar|1\n|-crit|p1a: Gengar\n|-enditem|p1a: Gengar|Focus Sash\n|-damage|p1a: Gengar|1/100\n|move|p1a: Gengar|Sludge Wave|p2a: Diggersby\n|-resisted|p2a: Diggersby|1\n|-damage|p2a: Diggersby|68/100\n|\n|upkeep\n|turn|2\n|\n|t:|1776209661\n|switch|p1a: Whimsicott|Whimsicott, L50, F|100/100\n|move|p2a: Diggersby|Earthquake|p1a: Whimsicott\n|-resisted|p1a: Whimsicott|1\n|-damage|p1a: Whimsicott|57/100\n|\n|upkeep\n|turn|3\n|\n|t:|1776209665\n|switch|p2a: Venusaur|Venusaur, L50, M|100/100\n|move|p1a: Whimsicott|Moonblast|p2a: Venusaur\n|-resisted|p2a: Venusaur|1\n|-damage|p2a: Venusaur|88/100\n|\n|upkeep\n|turn|4\n|\n|t:|1776209671\n|detailschange|p2a: Venusaur|Venusaur-Mega, L50, M\n|-mega|p2a: Venusaur|Venusaur|Venusaurite\n|move|p1a: Whimsicott|Memento|p2a: Venusaur\n|-unboost|p2a: Venusaur|atk|2\n|-unboost|p2a: Venusaur|spa|2\n|faint|p1a: Whimsicott\n|move|p2a: Venusaur|Sludge Bomb|p1: Whimsicott|[notarget]\n|-fail|p2a: Venusaur\n|\n|upkeep\n|inactive|Randrz has 30 seconds left.\n|\n|t:|1776209703\n|switch|p1a: Emboar|Emboar, L50, M|100/100\n|turn|5\n|\n|t:|1776209710\n|switch|p2a: Diggersby|Diggersby, L50, F|68/100\n|detailschange|p1a: Emboar|Emboar-Mega, L50, M\n|-mega|p1a: Emboar|Emboar|Emboarite\n|-ability|p1a: Emboar|Mold Breaker\n|move|p1a: Emboar|Bulk Up|p1a: Emboar\n|-boost|p1a: Emboar|atk|1\n|-boost|p1a: Emboar|def|1\n|\n|upkeep\n|turn|6\n|\n|t:|1776209714\n|move|p2a: Diggersby|Earthquake|p1a: Emboar\n|-supereffective|p1a: Emboar|1\n|-damage|p1a: Emboar|22/100\n|move|p1a: Emboar|Drain Punch|p2a: Diggersby\n|-supereffective|p2a: Diggersby|1\n|-damage|p2a: Diggersby|0 fnt\n|-heal|p1a: Emboar|48/100|[from] drain|[of] p2a: Diggersby\n|faint|p2a: Diggersby\n|\n|upkeep\n|\n|t:|1776209723\n|switch|p2a: Venusaur|Venusaur-Mega, L50, M|88/100\n|turn|7\n|\n|t:|1776209740\n|move|p2a: Venusaur|Earth Power|p1a: Emboar\n|-supereffective|p1a: Emboar|1\n|-damage|p1a: Emboar|7/100\n|move|p1a: Emboar|Flare Blitz|p2a: Venusaur\n|-supereffective|p2a: Venusaur|1\n|-damage|p2a: Venusaur|0 fnt\n|faint|p2a: Venusaur\n|-damage|p1a: Emboar|0 fnt|[from] Recoil\n|faint|p1a: Emboar\n|\n|upkeep\n|\n|t:|1776209746\n|switch|p2a: Volcarona|Volcarona, L50, M|100/100\n|switch|p1a: Gengar|Gengar, L50, M|1/100\n|turn|8\n|\n|t:|1776209750\n|move|p1a: Gengar|Destiny Bond|p1a: Gengar\n|-singlemove|p1a: Gengar|Destiny Bond\n|move|p2a: Volcarona|Fiery Dance|p1a: Gengar\n|-damage|p1a: Gengar|0 fnt\n|-boost|p2a: Volcarona|spa|1\n|faint|p1a: Gengar\n|-activate|p1a: Gengar|move: Destiny Bond\n|faint|p2a: Volcarona\n|\n|win|Gshs5\n|raw|Randrz's rating: 1102 &rarr; <strong>1083</strong><br />(-19 for losing)\n|raw|Gshs5's rating: 1189 &rarr; <strong>1208</strong><br />(+19 for winning)\n",
  "uploadtime": 1776209752,
  "views": 2,
  "formatid": "gen9championsbssregma",
  "rating": 1083,
  "private": 0,
  "password": null
}