{
  "id": "gen9championsbssregma-2584521525",
  "format": "[Gen 9 Champions] BSS Reg M-A",
  "players": [
    "ufiidoe",
    "smithingfurnace"
  ],
  "log": "|j|\u2606ufiidoe\n|j|\u2606smithingfurnace\n|t:|1776266338\n|gametype|singles\n|player|p1|ufiidoe|artist-gen4|1079\n|player|p2|smithingfurnace|ltsurge|1161\n|gen|9\n|tier|[Gen 9 Champions] BSS Reg M-A\n|rated|\n|rule|Species Clause: Limit one of each Pok\u00e9mon\n|rule|Item Clause: Limit 1 of each item\n|clearpoke\n|poke|p1|Whimsicott, L50, M|\n|poke|p1|Dragapult, L50, F|\n|poke|p1|Pelipper, L50, F|\n|poke|p1|Basculegion, L50, M|\n|poke|p1|Salazzle, L50, F|\n|poke|p1|Lucario, L50, M|\n|poke|p2|Gengar, L50, F|\n|poke|p2|Garchomp, L50, F|\n|poke|p2|Hydreigon, L50, M|\n|poke|p2|Hatterene, L50, F|\n|poke|p2|Crabominable, L50, M|\n|poke|p2|Scizor, L50, M|\n|teampreview|3\n|\n|t:|1776266384\n|teamsize|p1|3\n|teamsize|p2|3\n|start\n|switch|p1a: Whimsicott|Whimsicott, L50, M|100/100\n|switch|p2a: Scizor|Scizor, L50, M|100/100\n|turn|1\n|\n|t:|1776266394\n|detailschange|p2a: Scizor|Scizor-Mega, L50, M\n|-mega|p2a: Scizor|Scizor|Scizorite\n|move|p2a: Scizor|Bullet Punch|p1a: Whimsicott\n|-supereffective|p1a: Whimsicott|1\n|-damage|p1a: Whimsicott|12/100\n|move|p1a: Whimsicott|Moonblast|p2a: Scizor\n|-resisted|p2a: Scizor|1\n|-damage|p2a: Scizor|82/100\n|\n|upkeep\n|turn|2\n|\n|t:|1776266405\n|move|p1a: Whimsicott|Tailwind|p1a: Whimsicott\n|-sidestart|p1: ufiidoe|move: Tailwind\n|move|p2a: Scizor|Bullet Punch|p1a: Whimsicott\n|-supereffective|p1a: Whimsicott|1\n|-crit|p1a: Whimsicott\n|-damage|p1a: Whimsicott|0 fnt\n|faint|p1a: Whimsicott\n|\n|upkeep\n|\n|t:|1776266412\n|switch|p1a: Pelipper|Pelipper, L50, F|100/100\n|-weather|RainDance|[from] ability: Drizzle|[of] p1a: Pelipper\n|turn|3\n|\n|t:|1776266420\n|move|p1a: Pelipper|Surf|p2a: Scizor\n|-damage|p2a: Scizor|13/100\n|move|p2a: Scizor|Knock Off|p1a: Pelipper\n|-damage|p1a: Pelipper|59/100\n|-enditem|p1a: Pelipper|Sharp Beak|[from] move: Knock Off|[of] p2a: Scizor\n|\n|-weather|RainDance|[upkeep]\n|upkeep\n|turn|4\n|\n|t:|1776266430\n|move|p1a: Pelipper|Surf|p2a: Scizor\n|-damage|p2a: Scizor|0 fnt\n|faint|p2a: Scizor\n|\n|-weather|RainDance|[upkeep]\n|upkeep\n|\n|t:|1776266443\n|switch|p2a: Hydreigon|Hydreigon, L50, M|100/100\n|turn|5\n|\n|t:|1776266448\n|move|p2a: Hydreigon|Draco Meteor|p1a: Pelipper\n|-damage|p1a: Pelipper|0 fnt\n|-unboost|p2a: Hydreigon|spa|2\n|faint|p1a: Pelipper\n|\n|-weather|RainDance|[upkeep]\n|-sideend|p1: ufiidoe|move: Tailwind\n|upkeep\n|\n|t:|1776266457\n|switch|p1a: Basculegion|Basculegion, L50, M|100/100\n|turn|6\n|\n|t:|1776266462\n|move|p2a: Hydreigon|Draco Meteor|p1a: Basculegion\n|-damage|p1a: Basculegion|66/100\n|-unboost|p2a: Hydreigon|spa|2\n|move|p1a: Basculegion|Wave Crash|p2a: Hydreigon\n|-resisted|p2a: Hydreigon|1\n|-damage|p2a: Hydreigon|33/100\n|-damage|p1a: Basculegion|47/100|[from] Recoil\n|\n|-weather|RainDance|[upkeep]\n|upkeep\n|turn|7\n|\n|t:|1776266473\n|move|p2a: Hydreigon|Draco Meteor|p1a: Basculegion\n|-damage|p1a: Basculegion|20/100\n|-unboost|p2a: Hydreigon|spa|2\n|move|p1a: Basculegion|Wave Crash|p2a: Hydreigon\n|-resisted|p2a: Hydreigon|1\n|-damage|p2a: Hydreigon|0 fnt\n|faint|p2a: Hydreigon\n|-damage|p1a: Basculegion|11/100|[from] Recoil\n|\n|-weather|none\n|upkeep\n|\n|t:|1776266480\n|switch|p2a: Gengar|Gengar, L50, F|100/100\n|turn|8\n|\n|t:|1776266486\n|move|p1a: Basculegion|Wave Crash|p2a: Gengar\n|-damage|p2a: Gengar|0 fnt\n|faint|p2a: Gengar\n|-damage|p1a: Basculegion|0 fnt|[from] Recoil\n|faint|p1a: Basculegion\n|\n|win|ufiidoe\n|raw|ufiidoe's rating: 1079 &rarr; <strong>1114</strong><br />(+35 for winning)\n|raw|smithingfurnace's rating: 1161 &rarr; <strong>1130</strong><br />(-31 for losing)\n|l|\u2606ufiidoe\n|player|p1|\n",
  "uploadtime": 1776266521,
  "views": 17,
  "formatid": "gen9championsbssregma",
  "rating": 1114,
  "private": 0,
  "password": null
}