{
  "id": "gen9championsbssregma-2584337457",
  "format": "[Gen 9 Champions] BSS Reg M-A",
  "players": [
    "WormStepper",
    "Fulgurotek"
  ],
  "log": "|j|\u2606WormStepper\n|j|\u2606Fulgurotek\n|t:|1776252646\n|gametype|singles\n|player|p1|WormStepper|steven-masters4|1184\n|player|p2|Fulgurotek|265|1273\n|gen|9\n|tier|[Gen 9 Champions] BSS Reg M-A\n|rated|\n|rule|Species Clause: Limit one of each Pok\u00e9mon\n|rule|Item Clause: Limit 1 of each item\n|clearpoke\n|poke|p1|Zoroark-Hisui, L50, F|\n|poke|p1|Lucario, L50, F|\n|poke|p1|Slowking-Galar, L50, F|\n|poke|p1|Espathra, L50, F|\n|poke|p1|Meowscarada, L50, M|\n|poke|p1|Tyranitar, L50, M|\n|poke|p2|Charizard, L50, M|\n|poke|p2|Garchomp, L50, F|\n|poke|p2|Aegislash, L50, F|\n|poke|p2|Rotom-Wash, L50|\n|poke|p2|Glimmora, L50, F|\n|poke|p2|Floette-Eternal, L50, F|\n|teampreview|3\n|inactive|Battle timer is ON: inactive players will automatically lose when time's up. (requested by WormStepper)\n|inactive|WormStepper has 60 seconds left.\n|\n|t:|1776252681\n|teamsize|p1|3\n|teamsize|p2|3\n|start\n|switch|p1a: Tyranitar|Tyranitar, L50, M|100/100\n|switch|p2a: Glimmora|Glimmora, L50, F|100/100\n|turn|1\n|\n|t:|1776252700\n|move|p1a: Tyranitar|Taunt|p2a: Glimmora\n|-start|p2a: Glimmora|move: Taunt\n|move|p2a: Glimmora|Mud Shot|p1a: Tyranitar\n|-damage|p1a: Tyranitar|61/100\n|-unboost|p1a: Tyranitar|spe|1\n|replace|p1a: Zoroark|Zoroark-Hisui, L50, F\n|-end|p1a: Zoroark|Illusion\n|\n|upkeep\n|turn|2\n|\n|t:|1776252715\n|switch|p1a: Tyranitar|Tyranitar, L50, M|100/100\n|-weather|Sandstorm|[from] ability: Sand Stream|[of] p1a: Tyranitar\n|move|p2a: Glimmora|Mud Shot|p1a: Tyranitar\n|-supereffective|p1a: Tyranitar|1\n|-damage|p1a: Tyranitar|81/100\n|-unboost|p1a: Tyranitar|spe|1\n|\n|-weather|Sandstorm|[upkeep]\n|upkeep\n|turn|3\n|\n|t:|1776252719\n|move|p2a: Glimmora|Mortal Spin|p1a: Tyranitar\n|-resisted|p1a: Tyranitar|1\n|-damage|p1a: Tyranitar|79/100\n|-status|p1a: Tyranitar|psn\n|move|p1a: Tyranitar|Stealth Rock|p2a: Glimmora\n|-sidestart|p2: Fulgurotek|move: Stealth Rock\n|\n|-weather|Sandstorm|[upkeep]\n|-damage|p1a: Tyranitar|67/100 psn|[from] psn\n|-end|p2a: Glimmora|move: Taunt\n|upkeep\n|turn|4\n|\n|t:|1776252727\n|move|p2a: Glimmora|Stealth Rock|p1a: Tyranitar\n|-sidestart|p1: WormStepper|move: Stealth Rock\n|move|p1a: Tyranitar|Knock Off|p2a: Glimmora\n|-damage|p2a: Glimmora|40/100\n|-activate|p2a: Glimmora|ability: Toxic Debris\n|-sidestart|p1: WormStepper|move: Toxic Spikes\n|-enditem|p2a: Glimmora|Focus Sash|[from] move: Knock Off|[of] p1a: Tyranitar\n|\n|-weather|Sandstorm|[upkeep]\n|-damage|p1a: Tyranitar|55/100 psn|[from] psn\n|upkeep\n|turn|5\n|\n|t:|1776252734\n|move|p2a: Glimmora|Mortal Spin|p1a: Tyranitar\n|-resisted|p1a: Tyranitar|1\n|-damage|p1a: Tyranitar|53/100 psn\n|-sideend|p2: Fulgurotek|Stealth Rock|[from] move: Mortal Spin|[of] p2a: Glimmora\n|move|p1a: Tyranitar|Stone Edge|p2a: Glimmora\n|-damage|p2a: Glimmora|0 fnt\n|-activate|p2a: Glimmora|ability: Toxic Debris\n|-sidestart|p1: WormStepper|move: Toxic Spikes\n|faint|p2a: Glimmora\n|\n|-weather|Sandstorm|[upkeep]\n|-damage|p1a: Tyranitar|41/100 psn|[from] psn\n|upkeep\n|\n|t:|1776252743\n|switch|p2a: Garchomp|Garchomp, L50, F|100/100\n|turn|6\n|\n|t:|1776252747\n|move|p2a: Garchomp|Earthquake|p1a: Tyranitar\n|-supereffective|p1a: Tyranitar|1\n|-damage|p1a: Tyranitar|0 fnt\n|faint|p1a: Tyranitar\n|\n|-weather|none\n|upkeep\n|\n|t:|1776252751\n|switch|p1a: Espathra|Espathra, L50, F|61/100\n|-damage|p1a: Espathra|49/100|[from] Stealth Rock\n|-status|p1a: Espathra|tox\n|turn|7\n|\n|t:|1776252755\n|move|p2a: Garchomp|Earthquake|p1a: Espathra\n|-damage|p1a: Espathra|0 fnt\n|replace|p1a: Zoroark|Zoroark-Hisui, L50, F\n|-end|p1a: Zoroark|Illusion\n|faint|p1a: Zoroark\n|\n|upkeep\n|\n|t:|1776252759\n|switch|p1a: Espathra|Espathra, L50, F|100/100\n|-damage|p1a: Espathra|88/100|[from] Stealth Rock\n|-status|p1a: Espathra|tox\n|turn|8\n|\n|t:|1776252764\n|move|p2a: Garchomp|Earthquake|p1a: Espathra\n|-damage|p1a: Espathra|33/100 tox\n|move|p1a: Espathra|Calm Mind|p1a: Espathra\n|-boost|p1a: Espathra|spa|1\n|-boost|p1a: Espathra|spd|1\n|\n|-heal|p1a: Espathra|39/100 tox|[from] item: Leftovers\n|-damage|p1a: Espathra|33/100 tox|[from] psn\n|-ability|p1a: Espathra|Speed Boost|boost\n|-boost|p1a: Espathra|spe|1\n|upkeep\n|turn|9\n|\n|t:|1776252770\n|move|p2a: Garchomp|Earthquake|p1a: Espathra\n|-damage|p1a: Espathra|0 fnt\n|faint|p1a: Espathra\n|\n|win|Fulgurotek\n|raw|WormStepper's rating: 1184 &rarr; <strong>1165</strong><br />(-19 for losing)\n|raw|Fulgurotek's rating: 1273 &rarr; <strong>1292</strong><br />(+19 for winning)\n",
  "uploadtime": 1776252772,
  "views": 6,
  "formatid": "gen9championsbssregma",
  "rating": 1165,
  "private": 0,
  "password": null
}