{
  "id": "gen9championsbssregma-2588664727",
  "format": "[Gen 9 Champions] BSS Reg M-A",
  "players": [
    "meteor1101",
    "poyotora"
  ],
  "log": "|j|\u2606meteor1101\n|j|\u2606poyotora\n|t:|1776655321\n|gametype|singles\n|player|p1|meteor1101|acetrainerf|1284\n|player|p2|poyotora|battlegirl|1276\n|gen|9\n|tier|[Gen 9 Champions] BSS Reg M-A\n|rated|\n|rule|Species Clause: Limit one of each Pok\u00e9mon\n|rule|Item Clause: Limit 1 of each item\n|clearpoke\n|poke|p1|Kingambit, L50, F|\n|poke|p1|Meowscarada, L50, M|\n|poke|p1|Basculegion, L50, M|\n|poke|p1|Mimikyu, L50, M|\n|poke|p1|Victreebel, L50, F|\n|poke|p1|Dragonite, L50, F|\n|poke|p2|Gallade, L50, M, shiny|\n|poke|p2|Gengar, L50, M, shiny|\n|poke|p2|Whimsicott, L50, F, shiny|\n|poke|p2|Hippowdon, L50, F, shiny|\n|poke|p2|Audino, L50, F, shiny|\n|poke|p2|Goodra-Hisui, L50, F, shiny|\n|teampreview|3\n|inactive|Battle timer is ON: inactive players will automatically lose when time's up. (requested by poyotora)\n|inactive|poyotora has 60 seconds left.\n|\n|t:|1776655361\n|teamsize|p1|3\n|teamsize|p2|3\n|start\n|switch|p1a: Victreebel|Victreebel, L50, F|100/100\n|switch|p2a: Hippowdon|Hippowdon, L50, F, shiny|100/100\n|-weather|Sandstorm|[from] ability: Sand Stream|[of] p2a: Hippowdon\n|turn|1\n|\n|t:|1776655370\n|detailschange|p1a: Victreebel|Victreebel-Mega, L50, F\n|-mega|p1a: Victreebel|Victreebel|Victreebelite\n|move|p1a: Victreebel|Giga Drain|p2a: Hippowdon\n|-supereffective|p2a: Hippowdon|1\n|-damage|p2a: Hippowdon|36/100\n|-enditem|p2a: Hippowdon|Sitrus Berry|[eat]\n|-heal|p2a: Hippowdon|60/100|[from] item: Sitrus Berry\n|move|p2a: Hippowdon|Stealth Rock|p1a: Victreebel\n|-sidestart|p1: meteor1101|move: Stealth Rock\n|\n|-weather|Sandstorm|[upkeep]\n|-damage|p1a: Victreebel|95/100|[from] Sandstorm\n|upkeep\n|turn|2\n|\n|t:|1776655384\n|move|p1a: Victreebel|Giga Drain|p2a: Hippowdon\n|-supereffective|p2a: Hippowdon|1\n|-damage|p2a: Hippowdon|0 fnt\n|-heal|p1a: Victreebel|100/100|[from] drain|[of] p2a: Hippowdon\n|faint|p2a: Hippowdon\n|\n|-weather|Sandstorm|[upkeep]\n|-damage|p1a: Victreebel|95/100|[from] Sandstorm\n|upkeep\n|\n|t:|1776655393\n|switch|p2a: Audino|Audino, L50, F, shiny|100/100\n|turn|3\n|\n|t:|1776655397\n|switch|p1a: Kingambit|Kingambit, L50, F|100/100\n|-damage|p1a: Kingambit|95/100|[from] Stealth Rock\n|move|p2a: Audino|Yawn|p1a: Kingambit\n|-start|p1a: Kingambit|move: Yawn|[of] p2a: Audino\n|\n|-weather|Sandstorm|[upkeep]\n|-damage|p2a: Audino|95/100|[from] Sandstorm\n|upkeep\n|turn|4\n|\n|t:|1776655416\n|move|p1a: Kingambit|Swords Dance|p1a: Kingambit\n|-boost|p1a: Kingambit|atk|2\n|move|p2a: Audino|Body Slam|p1a: Kingambit\n|-resisted|p1a: Kingambit|1\n|-damage|p1a: Kingambit|87/100\n|\n|-weather|Sandstorm|[upkeep]\n|-damage|p2a: Audino|89/100|[from] Sandstorm\n|-end|p1a: Kingambit|move: Yawn|[silent]\n|-status|p1a: Kingambit|slp\n|upkeep\n|turn|5\n|\n|t:|1776655428\n|switch|p2a: Gallade|Gallade, L50, M, shiny|100/100\n|cant|p1a: Kingambit|slp\n|\n|-weather|none\n|upkeep\n|turn|6\n|\n|t:|1776655437\n|cant|p1a: Kingambit|slp\n|move|p2a: Gallade|Sacred Sword|p1a: Kingambit\n|-supereffective|p1a: Kingambit|2\n|-damage|p1a: Kingambit|0 fnt\n|faint|p1a: Kingambit\n|-end|p1a: Kingambit|fallenundefined|[silent]\n|\n|upkeep\n|\n|t:|1776655445\n|switch|p1a: Victreebel|Victreebel-Mega, L50, F|95/100\n|-damage|p1a: Victreebel|82/100|[from] Stealth Rock\n|turn|7\n|\n|t:|1776655450\n|switch|p2a: Audino|Audino, L50, F, shiny|100/100\n|move|p1a: Victreebel|Strength Sap|p2a: Audino\n|-unboost|p2a: Audino|atk|1\n|-heal|p1a: Victreebel|100/100\n|\n|upkeep\n|turn|8\n|\n|t:|1776655458\n|move|p1a: Victreebel|Sludge Wave|p2a: Audino\n|-damage|p2a: Audino|49/100\n|move|p2a: Audino|Yawn|p1a: Victreebel\n|-start|p1a: Victreebel|move: Yawn|[of] p2a: Audino\n|\n|upkeep\n|turn|9\n|\n|t:|1776655465\n|move|p1a: Victreebel|Sludge Wave|p2a: Audino\n|-damage|p2a: Audino|0 fnt\n|faint|p2a: Audino\n|\n|-end|p1a: Victreebel|move: Yawn|[silent]\n|-status|p1a: Victreebel|slp\n|upkeep\n|\n|t:|1776655472\n|switch|p2a: Gallade|Gallade, L50, M, shiny|100/100\n|turn|10\n|\n|t:|1776655476\n|move|p2a: Gallade|Swords Dance|p2a: Gallade\n|-boost|p2a: Gallade|atk|2\n|cant|p1a: Victreebel|slp\n|\n|upkeep\n|turn|11\n|\n|t:|1776655484\n|cant|p1a: Victreebel|slp\n|move|p2a: Gallade|Psycho Cut|p1a: Victreebel\n|-supereffective|p1a: Victreebel|1\n|-damage|p1a: Victreebel|0 fnt\n|-damage|p2a: Gallade|0 fnt|[from] ability: Innards Out|[of] p1a: Victreebel\n|faint|p1a: Victreebel\n|faint|p2a: Gallade\n|\n|win|meteor1101\n|raw|meteor1101's rating: 1284 &rarr; <strong>1308</strong><br />(+24 for winning)\n|raw|poyotora's rating: 1276 &rarr; <strong>1252</strong><br />(-24 for losing)\n",
  "uploadtime": 1776655489,
  "views": 4,
  "formatid": "gen9championsbssregma",
  "rating": 1252,
  "private": 0,
  "password": null
}