{
  "id": "gen9championsbssregma-2589287024",
  "format": "[Gen 9 Champions] BSS Reg M-A",
  "players": [
    "bizarman",
    "joguri"
  ],
  "log": "|badge|p1|bronze|gen9ru|100-9\n|uhtml|medal-msg|<div class=\"broadcast-blue\">Curious what those medals under the avatar are? PS now has Ladder Seasons! For more information, check out the <a href=\"https://www.smogon.com/forums/threads/3740067/\">thread on Smogon.</a></div>\n|j|\u2606bizarman\n|j|\u2606joguri\n|t:|1776711809\n|gametype|singles\n|player|p1|bizarman|scientist-gen4|1229\n|player|p2|joguri|dawn|1249\n|gen|9\n|tier|[Gen 9 Champions] BSS Reg M-A\n|rated|\n|rule|Species Clause: Limit one of each Pok\u00e9mon\n|rule|Item Clause: Limit 1 of each item\n|clearpoke\n|poke|p1|Lopunny, L50, M|\n|poke|p1|Hydreigon, L50, M|\n|poke|p1|Aegislash, L50, F|\n|poke|p1|Primarina, L50, F|\n|poke|p1|Garchomp, L50, F|\n|poke|p1|Venusaur, L50, F|\n|poke|p2|Lopunny, L50, M|\n|poke|p2|Garchomp, L50, M|\n|poke|p2|Glimmora, L50, F|\n|poke|p2|Primarina, L50, F|\n|poke|p2|Corviknight, L50, M|\n|poke|p2|Clefable, L50, M|\n|teampreview|3\n|\n|t:|1776711837\n|teamsize|p1|3\n|teamsize|p2|3\n|start\n|switch|p1a: Venusaur|Venusaur, L50, F|100/100\n|switch|p2a: Lopunny|Lopunny, L50, M|100/100\n|turn|1\n|inactive|Battle timer is ON: inactive players will automatically lose when time's up. (requested by bizarman)\n|\n|t:|1776711845\n|detailschange|p1a: Venusaur|Venusaur-Mega, L50, F\n|-mega|p1a: Venusaur|Venusaur|Venusaurite\n|move|p2a: Lopunny|Cosmic Power|p2a: Lopunny\n|-boost|p2a: Lopunny|def|1\n|-boost|p2a: Lopunny|spd|1\n|move|p1a: Venusaur|Giga Drain|p2a: Lopunny\n|-damage|p2a: Lopunny|81/100\n|\n|upkeep\n|turn|2\n|\n|t:|1776711853\n|move|p2a: Lopunny|Cosmic Power|p2a: Lopunny\n|-boost|p2a: Lopunny|def|1\n|-boost|p2a: Lopunny|spd|1\n|move|p1a: Venusaur|Sludge Bomb|p2a: Lopunny\n|-damage|p2a: Lopunny|61/100\n|\n|upkeep\n|turn|3\n|\n|t:|1776711863\n|move|p2a: Lopunny|Cosmic Power|p2a: Lopunny\n|-boost|p2a: Lopunny|def|1\n|-boost|p2a: Lopunny|spd|1\n|move|p1a: Venusaur|Sludge Bomb|p2a: Lopunny\n|-damage|p2a: Lopunny|44/100\n|\n|upkeep\n|turn|4\n|c|\u2606bizarman|i didnt even knew it gets that lol\n|\n|t:|1776711881\n|move|p2a: Lopunny|Cotton Guard|p2a: Lopunny\n|-boost|p2a: Lopunny|def|3\n|move|p1a: Venusaur|Sludge Bomb|p2a: Lopunny\n|-damage|p2a: Lopunny|26/100\n|-status|p2a: Lopunny|psn\n|\n|-damage|p2a: Lopunny|14/100 psn|[from] psn\n|upkeep\n|turn|5\n|\n|t:|1776711892\n|move|p2a: Lopunny|Baton Pass|p2a: Lopunny\n|\n|t:|1776711894\n|switch|p2a: Clefable|Clefable, L50, M|100/100|[from] Baton Pass\n|move|p1a: Venusaur|Sludge Bomb|p2a: Clefable\n|-supereffective|p2a: Clefable|1\n|-damage|p2a: Clefable|82/100\n|\n|upkeep\n|turn|6\n|inactive|bizarman has 30 seconds left.\n|\n|t:|1776711919\n|switch|p1a: Aegislash|Aegislash, L50, F|100/100\n|move|p2a: Clefable|Stored Power|p1a: Aegislash\n|-resisted|p1a: Aegislash|1\n|-damage|p1a: Aegislash|77/100\n|\n|upkeep\n|turn|7\n|\n|t:|1776711927\n|move|p1a: Aegislash|Swords Dance|p1a: Aegislash\n|-boost|p1a: Aegislash|atk|2\n|move|p2a: Clefable|Calm Mind|p2a: Clefable\n|-boost|p2a: Clefable|spa|1\n|-boost|p2a: Clefable|spd|1\n|\n|upkeep\n|turn|8\n|\n|t:|1776711934\n|move|p1a: Aegislash|Swords Dance|p1a: Aegislash\n|-boost|p1a: Aegislash|atk|2\n|move|p2a: Clefable|Calm Mind|p2a: Clefable\n|-boost|p2a: Clefable|spa|1\n|-boost|p2a: Clefable|spd|1\n|\n|upkeep\n|turn|9\n|\n|t:|1776711940\n|-formechange|p1a: Aegislash|Aegislash-Blade|\n|move|p1a: Aegislash|Sacred Sword|p2a: Clefable\n|-resisted|p2a: Clefable|1\n|-damage|p2a: Clefable|61/100\n|move|p2a: Clefable|Calm Mind|p2a: Clefable\n|-boost|p2a: Clefable|spa|1\n|-boost|p2a: Clefable|spd|1\n|\n|upkeep\n|turn|10\n|c|\u2606bizarman|gg\n|-message|bizarman forfeited.\n|\n|win|joguri\n|raw|bizarman's rating: 1229 &rarr; <strong>1205</strong><br />(-24 for losing)\n|raw|joguri's rating: 1249 &rarr; <strong>1273</strong><br />(+24 for winning)\n|l|\u2606bizarman\n|player|p1|\n",
  "uploadtime": 1776711955,
  "views": 5,
  "formatid": "gen9championsbssregma",
  "rating": 1205,
  "private": 0,
  "password": null
}