{
  "id": "gen9championsbssregma-2585106228",
  "format": "[Gen 9 Champions] BSS Reg M-A",
  "players": [
    "blip exists",
    "wanipoke"
  ],
  "log": "|j|\u2606blip exists\n|j|\u2606wanipoke\n|t:|1776312449\n|gametype|singles\n|player|p1|blip exists|colress|1248\n|player|p2|wanipoke|cheren|1265\n|gen|9\n|tier|[Gen 9 Champions] BSS Reg M-A\n|rated|\n|rule|Species Clause: Limit one of each Pok\u00e9mon\n|rule|Item Clause: Limit 1 of each item\n|clearpoke\n|poke|p1|Espathra, L50, F|\n|poke|p1|Clefable, L50, M|\n|poke|p1|Vaporeon, L50, M|\n|poke|p1|Skeledirge, L50, F|\n|poke|p1|Chimecho, L50, M|\n|poke|p1|Gardevoir, L50, F|\n|poke|p2|Krookodile, L50, F|\n|poke|p2|Banette, L50, M|\n|poke|p2|Conkeldurr, L50, M|\n|poke|p2|Archaludon, L50, M|\n|poke|p2|Charizard, L50, F|\n|poke|p2|Basculegion, L50, M|\n|teampreview|3\n|inactive|Battle timer is ON: inactive players will automatically lose when time's up. (requested by blip exists)\n|\n|t:|1776312479\n|teamsize|p1|3\n|teamsize|p2|3\n|start\n|switch|p1a: Espathra|Espathra, L50, F|100/100\n|switch|p2a: Krookodile|Krookodile, L50, F, shiny|100/100\n|-ability|p2a: Krookodile|Intimidate|boost\n|-unboost|p1a: Espathra|atk|1\n|turn|1\n|\n|t:|1776312486\n|move|p1a: Espathra|Protect|p1a: Espathra\n|-singleturn|p1a: Espathra|Protect\n|move|p2a: Krookodile|Taunt|p1a: Espathra\n|-activate|p1a: Espathra|move: Protect\n|\n|-ability|p1a: Espathra|Speed Boost|boost\n|-boost|p1a: Espathra|spe|1\n|upkeep\n|turn|2\n|\n|t:|1776312495\n|move|p1a: Espathra|Baton Pass|p1a: Espathra\n|\n|t:|1776312499\n|switch|p1a: Clefable|Clefable, L50, M|100/100|[from] Baton Pass\n|move|p2a: Krookodile|Taunt|p1a: Clefable\n|-start|p1a: Clefable|move: Taunt\n|\n|upkeep\n|turn|3\n|\n|t:|1776312513\n|move|p2a: Krookodile|Endeavor|p1a: Clefable\n|-damage|p1a: Clefable|91/100\n|move|p1a: Clefable|Moonblast|p2a: Krookodile\n|-supereffective|p2a: Krookodile|1\n|-damage|p2a: Krookodile|17/100\n|\n|upkeep\n|turn|4\n|j| p74\n|\n|t:|1776312524\n|move|p2a: Krookodile|Endeavor|p1a: Clefable\n|-damage|p1a: Clefable|16/100\n|move|p1a: Clefable|Moonblast|p2a: Krookodile\n|-supereffective|p2a: Krookodile|1\n|-damage|p2a: Krookodile|0 fnt\n|faint|p2a: Krookodile\n|\n|-end|p1a: Clefable|move: Taunt\n|upkeep\n|\n|t:|1776312536\n|switch|p2a: Banette|Banette, L50, M|100/100\n|turn|5\n|\n|t:|1776312544\n|detailschange|p2a: Banette|Banette-Mega, L50, M\n|-mega|p2a: Banette|Banette|Banettite\n|move|p2a: Banette|Shadow Sneak|p1a: Clefable\n|-damage|p1a: Clefable|0 fnt\n|faint|p1a: Clefable\n|\n|upkeep\n|\n|t:|1776312549\n|switch|p1a: Espathra|Espathra, L50, F|100/100\n|turn|6\n|\n|t:|1776312554\n|move|p1a: Espathra|Feather Dance|p2a: Banette\n|-unboost|p2a: Banette|atk|2\n|move|p2a: Banette|Poltergeist|p1a: Espathra\n|-activate|p1a: Espathra|move: Poltergeist|Focus Sash\n|-supereffective|p1a: Espathra|1\n|-enditem|p1a: Espathra|Focus Sash\n|-damage|p1a: Espathra|1/100\n|\n|-ability|p1a: Espathra|Speed Boost|boost\n|-boost|p1a: Espathra|spe|1\n|upkeep\n|turn|7\n|\n|t:|1776312566\n|move|p2a: Banette|Shadow Sneak|p1a: Espathra\n|-supereffective|p1a: Espathra|1\n|-damage|p1a: Espathra|0 fnt\n|faint|p1a: Espathra\n|\n|upkeep\n|\n|t:|1776312568\n|switch|p1a: Gardevoir|Gardevoir, L50, F|100/100\n|-ability|p1a: Gardevoir|Prankster|Trace|[from] ability: Trace|[of] p2a: Banette\n|turn|8\n|-message|blip exists forfeited.\n|\n|win|wanipoke\n|raw|blip exists's rating: 1248 &rarr; <strong>1224</strong><br />(-24 for losing)\n|raw|wanipoke's rating: 1265 &rarr; <strong>1289</strong><br />(+24 for winning)\n|l|\u2606blip exists\n|player|p1|\n|l|\u2606wanipoke\n|player|p2|\n",
  "uploadtime": 1776312615,
  "views": 7,
  "formatid": "gen9championsbssregma",
  "rating": 1224,
  "private": 0,
  "password": null
}