{
  "id": "gen9championsbssregma-2589508391",
  "format": "[Gen 9 Champions] BSS Reg M-A",
  "players": [
    "ninano200",
    "Gshs5"
  ],
  "log": "|j|\u2606ninano200\n|j|\u2606Gshs5\n|t:|1776729351\n|gametype|singles\n|player|p1|ninano200|169|1223\n|player|p2|Gshs5|169|1169\n|gen|9\n|tier|[Gen 9 Champions] BSS Reg M-A\n|rated|\n|rule|Species Clause: Limit one of each Pok\u00e9mon\n|rule|Item Clause: Limit 1 of each item\n|clearpoke\n|poke|p1|Charizard, L50, F|\n|poke|p1|Mimikyu, L50, F|\n|poke|p1|Greninja, L50, F|\n|poke|p1|Hippowdon, L50, M|\n|poke|p1|Corviknight, L50, M|\n|poke|p1|Lucario, L50, M|\n|poke|p2|Venusaur, L50, F|\n|poke|p2|Hippowdon, L50, M|\n|poke|p2|Aegislash, L50, F|\n|poke|p2|Dragonite, L50, F|\n|poke|p2|Rotom-Wash, L50|\n|poke|p2|Sylveon, L50, M|\n|teampreview|3\n|inactive|Battle timer is ON: inactive players will automatically lose when time's up. (requested by ninano200)\n|\n|t:|1776729382\n|teamsize|p1|3\n|teamsize|p2|3\n|start\n|switch|p1a: Greninja|Greninja, L50, F|100/100\n|switch|p2a: Rotom|Rotom-Wash, L50|100/100\n|turn|1\n|\n|t:|1776729386\n|switch|p1a: Hippowdon|Hippowdon, L50, M|100/100\n|-weather|Sandstorm|[from] ability: Sand Stream|[of] p1a: Hippowdon\n|move|p2a: Rotom|Thunder Wave|p1a: Hippowdon\n|-immune|p1a: Hippowdon\n|\n|-weather|Sandstorm|[upkeep]\n|-damage|p2a: Rotom|95/100|[from] Sandstorm\n|-heal|p2a: Rotom|100/100|[from] item: Leftovers\n|upkeep\n|turn|2\n|\n|t:|1776729392\n|move|p2a: Rotom|Hydro Pump|p1a: Hippowdon\n|-supereffective|p1a: Hippowdon|1\n|-damage|p1a: Hippowdon|30/100\n|-enditem|p1a: Hippowdon|Sitrus Berry|[eat]\n|-heal|p1a: Hippowdon|54/100|[from] item: Sitrus Berry\n|move|p1a: Hippowdon|Yawn|p2a: Rotom\n|-start|p2a: Rotom|move: Yawn|[of] p1a: Hippowdon\n|\n|-weather|Sandstorm|[upkeep]\n|-damage|p2a: Rotom|95/100|[from] Sandstorm\n|-heal|p2a: Rotom|100/100|[from] item: Leftovers\n|upkeep\n|turn|3\n|\n|t:|1776729401\n|switch|p2a: Sylveon|Sylveon, L50, M|100/100\n|move|p1a: Hippowdon|Stealth Rock|p2a: Sylveon\n|-sidestart|p2: Gshs5|move: Stealth Rock\n|\n|-weather|Sandstorm|[upkeep]\n|-damage|p2a: Sylveon|95/100|[from] Sandstorm\n|upkeep\n|turn|4\n|\n|t:|1776729404\n|move|p2a: Sylveon|Calm Mind|p2a: Sylveon\n|-boost|p2a: Sylveon|spa|1\n|-boost|p2a: Sylveon|spd|1\n|move|p1a: Hippowdon|Yawn|p2a: Sylveon\n|-start|p2a: Sylveon|move: Yawn|[of] p1a: Hippowdon\n|\n|-weather|Sandstorm|[upkeep]\n|-damage|p2a: Sylveon|89/100|[from] Sandstorm\n|upkeep\n|turn|5\n|\n|t:|1776729408\n|move|p2a: Sylveon|Hyper Voice|p1a: Hippowdon\n|-damage|p1a: Hippowdon|0 fnt\n|faint|p1a: Hippowdon\n|\n|-weather|none\n|-end|p2a: Sylveon|move: Yawn|[silent]\n|-status|p2a: Sylveon|slp\n|upkeep\n|-enditem|p2a: Sylveon|Chesto Berry|[eat]\n|-curestatus|p2a: Sylveon|slp|[msg]\n|\n|t:|1776729412\n|switch|p1a: Greninja|Greninja, L50, F|100/100\n|turn|6\n|\n|t:|1776729417\n|move|p1a: Greninja|Surf|p2a: Sylveon\n|-damage|p2a: Sylveon|66/100\n|move|p2a: Sylveon|Hyper Voice|p1a: Greninja\n|-supereffective|p1a: Greninja|1\n|-enditem|p1a: Greninja|Focus Sash\n|-damage|p1a: Greninja|1/100\n|\n|upkeep\n|turn|7\n|\n|t:|1776729420\n|move|p1a: Greninja|Surf|p2a: Sylveon\n|-damage|p2a: Sylveon|34/100\n|move|p2a: Sylveon|Hyper Voice|p1a: Greninja\n|-supereffective|p1a: Greninja|1\n|-damage|p1a: Greninja|0 fnt\n|faint|p1a: Greninja\n|\n|upkeep\n|\n|t:|1776729423\n|switch|p1a: Charizard|Charizard, L50, F|100/100\n|turn|8\n|\n|t:|1776729432\n|detailschange|p1a: Charizard|Charizard-Mega-X, L50, F\n|-mega|p1a: Charizard|Charizard|Charizardite X\n|move|p1a: Charizard|Flare Blitz|p2a: Sylveon\n|-damage|p2a: Sylveon|0 fnt\n|faint|p2a: Sylveon\n|-damage|p1a: Charizard|87/100|[from] Recoil\n|\n|upkeep\n|\n|t:|1776729436\n|switch|p2a: Hippowdon|Hippowdon, L50, M|100/100\n|-damage|p2a: Hippowdon|94/100|[from] Stealth Rock\n|-weather|Sandstorm|[from] ability: Sand Stream|[of] p2a: Hippowdon\n|turn|9\n|-message|ninano200 forfeited.\n|\n|win|Gshs5\n|raw|ninano200's rating: 1223 &rarr; <strong>1194</strong><br />(-29 for losing)\n|raw|Gshs5's rating: 1169 &rarr; <strong>1198</strong><br />(+29 for winning)\n|l|\u2606ninano200\n|player|p1|\n",
  "uploadtime": 1776729441,
  "views": 2,
  "formatid": "gen9championsbssregma",
  "rating": 1194,
  "private": 0,
  "password": null
}