{
  "id": "gen9championsbssregma-2582856403",
  "format": "[Gen 9 Champions] BSS Reg M-A",
  "players": [
    "phifth",
    "bluwu12"
  ],
  "log": "|j|\u2606phifth\n|j|\u2606bluwu12\n|t:|1776119520\n|gametype|singles\n|player|p1|phifth|rosa|1076\n|player|p2|bluwu12|2|1022\n|gen|9\n|tier|[Gen 9 Champions] BSS Reg M-A\n|rated|\n|rule|Species Clause: Limit one of each Pok\u00e9mon\n|rule|Item Clause: Limit 1 of each item\n|clearpoke\n|poke|p1|Gliscor, L50, F|\n|poke|p1|Tyranitar, L50, M|\n|poke|p1|Meganium, L50, M|\n|poke|p1|Archaludon, L50, M|\n|poke|p1|Excadrill, L50, F|\n|poke|p1|Glimmora, L50, F|\n|poke|p2|Crabominable, L50, F|\n|poke|p2|Drampa, L50, F|\n|poke|p2|Torkoal, L50, F|\n|poke|p2|Chesnaught, L50, F|\n|poke|p2|Hydrapple, L50, F|\n|poke|p2|Mimikyu, L50, M|\n|teampreview|3\n|inactive|Battle timer is ON: inactive players will automatically lose when time's up. (requested by bluwu12)\n|inactive|phifth has 60 seconds left.\n|\n|t:|1776119567\n|teamsize|p1|3\n|teamsize|p2|3\n|start\n|switch|p1a: Glimmora|Glimmora, L50, F|100/100\n|switch|p2a: Mimikyu|Mimikyu, L50, M|100/100\n|turn|1\n|\n|t:|1776119579\n|move|p1a: Glimmora|Sludge Wave|p2a: Mimikyu\n|-activate|p2a: Mimikyu|ability: Disguise\n|-damage|p2a: Mimikyu|100/100\n|detailschange|p2a: Mimikyu|Mimikyu-Busted, L50, M\n|-damage|p2a: Mimikyu|88/100|[from] pokemon: Mimikyu-Busted\n|move|p2a: Mimikyu|Trick Room|p2a: Mimikyu\n|-fieldstart|move: Trick Room|[of] p2a: Mimikyu\n|\n|upkeep\n|turn|2\n|\n|t:|1776119590\n|move|p1a: Glimmora|Sludge Wave|p2a: Mimikyu\n|-damage|p2a: Mimikyu|20/100\n|move|p2a: Mimikyu|Destiny Bond|p2a: Mimikyu\n|-singlemove|p2a: Mimikyu|Destiny Bond\n|\n|upkeep\n|turn|3\n|\n|t:|1776119600\n|detailschange|p1a: Glimmora|Glimmora-Mega, L50, F\n|-mega|p1a: Glimmora|Glimmora|Glimmoranite\n|move|p1a: Glimmora|Sludge Wave|p2a: Mimikyu\n|-damage|p2a: Mimikyu|0 fnt\n|faint|p2a: Mimikyu\n|-activate|p2a: Mimikyu|move: Destiny Bond\n|faint|p1a: Glimmora\n|\n|upkeep\n|c|\u2606phifth|what\n|\n|t:|1776119615\n|switch|p1a: Tyranitar|Tyranitar, L50, M|100/100\n|switch|p2a: Torkoal|Torkoal, L50, F|100/100\n|-weather|SunnyDay|[from] ability: Drought|[of] p2a: Torkoal\n|-weather|Sandstorm|[from] ability: Sand Stream|[of] p1a: Tyranitar\n|turn|4\n|\n|t:|1776119624\n|move|p2a: Torkoal|Body Press|p1a: Tyranitar\n|-supereffective|p1a: Tyranitar|2\n|-damage|p1a: Tyranitar|12/100\n|-enditem|p1a: Tyranitar|Sitrus Berry|[eat]\n|-heal|p1a: Tyranitar|36/100|[from] item: Sitrus Berry\n|move|p1a: Tyranitar|Sand Tomb|p2a: Torkoal\n|-supereffective|p2a: Torkoal|1\n|-damage|p2a: Torkoal|84/100\n|-activate|p2a: Torkoal|move: Sand Tomb|[of] p1a: Tyranitar\n|\n|-weather|Sandstorm|[upkeep]\n|-damage|p2a: Torkoal|78/100|[from] Sandstorm\n|-damage|p2a: Torkoal|65/100|[from] move: Sand Tomb|[partiallytrapped]\n|upkeep\n|turn|5\n|inactive|phifth has 30 seconds left.\n|inactive|phifth has 20 seconds left.\n|\n|t:|1776119659\n|move|p2a: Torkoal|Body Press|p1a: Tyranitar\n|-supereffective|p1a: Tyranitar|2\n|-damage|p1a: Tyranitar|0 fnt\n|faint|p1a: Tyranitar\n|\n|-weather|Sandstorm|[upkeep]\n|-damage|p2a: Torkoal|59/100|[from] Sandstorm\n|-end|p2a: Torkoal|Sand Tomb|[partiallytrapped]|[silent]\n|-fieldend|move: Trick Room\n|upkeep\n|\n|t:|1776119662\n|switch|p1a: Excadrill|Excadrill, L50, F|100/100\n|turn|6\n|\n|t:|1776119675\n|move|p1a: Excadrill|Earthquake|p2a: Torkoal\n|-supereffective|p2a: Torkoal|1\n|-damage|p2a: Torkoal|0 fnt\n|faint|p2a: Torkoal\n|\n|-weather|Sandstorm|[upkeep]\n|upkeep\n|\n|t:|1776119679\n|switch|p2a: Drampa|Drampa, L50, F|100/100\n|turn|7\n|\n|t:|1776119695\n|detailschange|p2a: Drampa|Drampa-Mega, L50, F\n|-mega|p2a: Drampa|Drampa|Drampanite\n|move|p1a: Excadrill|Earthquake|p2a: Drampa\n|-damage|p2a: Drampa|40/100\n|-ability|p2a: Drampa|Berserk|boost\n|-boost|p2a: Drampa|spa|1\n|move|p2a: Drampa|Ice Beam|p1a: Excadrill\n|-damage|p1a: Excadrill|17/100\n|\n|-weather|Sandstorm|[upkeep]\n|-damage|p2a: Drampa|34/100|[from] Sandstorm\n|upkeep\n|turn|8\n|\n|t:|1776119705\n|move|p1a: Excadrill|Earthquake|p2a: Drampa\n|-damage|p2a: Drampa|0 fnt\n|faint|p2a: Drampa\n|\n|win|phifth\n|raw|phifth's rating: 1076 &rarr; <strong>1100</strong><br />(+24 for winning)\n|raw|bluwu12's rating: 1022 &rarr; <strong>1011</strong><br />(-11 for losing)\n",
  "uploadtime": 1776119718,
  "views": 2,
  "formatid": "gen9championsbssregma",
  "rating": 1011,
  "private": 0,
  "password": null
}