{
  "id": "gen9championsbssregma-2583194593",
  "format": "[Gen 9 Champions] BSS Reg M-A",
  "players": [
    "chanmin",
    "demiru_09"
  ],
  "log": "|j|\u2606chanmin\n|j|\u2606demiru_09\n|t:|1776153345\n|gametype|singles\n|player|p1|chanmin|170|1298\n|player|p2|demiru_09|265|1348\n|gen|9\n|tier|[Gen 9 Champions] BSS Reg M-A\n|rated|\n|rule|Species Clause: Limit one of each Pok\u00e9mon\n|rule|Item Clause: Limit 1 of each item\n|clearpoke\n|poke|p1|Kangaskhan, L50, F|\n|poke|p1|Archaludon, L50, M|\n|poke|p1|Rotom-Wash, L50|\n|poke|p1|Greninja-*, L50, M|\n|poke|p1|Ceruledge, L50, F|\n|poke|p1|Kleavor, L50, M|\n|poke|p2|Garchomp, L50, F|\n|poke|p2|Umbreon, L50, M|\n|poke|p2|Scizor, L50, F|\n|poke|p2|Primarina, L50, F|\n|poke|p2|Venusaur, L50, M|\n|poke|p2|Armarouge, L50, F|\n|teampreview|3\n|l|\u2606chanmin\n|player|p1|\n|inactive|Battle timer is ON: inactive players will automatically lose when time's up. (requested by demiru_09)\n|j|\u2606chanmin\n|inactive|chanmin reconnected and has 65 seconds left.\n|player|p1|chanmin|170|\n|inactive|chanmin has 60 seconds left.\n|\n|t:|1776153446\n|teamsize|p1|3\n|teamsize|p2|3\n|start\n|switch|p1a: Greninja|Greninja, L50, M|100/100\n|switch|p2a: Primarina|Primarina, L50, F|100/100\n|turn|1\n|j| bridalthunder\n|\n|t:|1776153462\n|detailschange|p1a: Greninja|Greninja-Mega, L50, M\n|-mega|p1a: Greninja|Greninja|Greninjite\n|move|p1a: Greninja|U-turn|p2a: Primarina\n|-start|p1a: Greninja|typechange|Bug|[from] ability: Protean\n|-resisted|p2a: Primarina|1\n|-damage|p2a: Primarina|79/100\n|\n|t:|1776153469\n|switch|p1a: Rotom|Rotom-Wash, L50|100/100|[from] U-turn\n|move|p2a: Primarina|Moonblast|p1a: Rotom\n|-damage|p1a: Rotom|44/100\n|-enditem|p1a: Rotom|Sitrus Berry|[eat]\n|-heal|p1a: Rotom|69/100|[from] item: Sitrus Berry\n|\n|upkeep\n|turn|2\n|\n|t:|1776153482\n|switch|p2a: Garchomp|Garchomp, L50, F|100/100\n|move|p1a: Rotom|Will-O-Wisp|p2a: Garchomp|[miss]\n|-miss|p1a: Rotom|p2a: Garchomp\n|\n|upkeep\n|turn|3\n|\n|t:|1776153490\n|move|p2a: Garchomp|Stealth Rock|p1a: Rotom\n|-sidestart|p1: chanmin|move: Stealth Rock\n|move|p1a: Rotom|Will-O-Wisp|p2a: Garchomp\n|-status|p2a: Garchomp|brn\n|\n|-damage|p2a: Garchomp|94/100 brn|[from] brn\n|upkeep\n|turn|4\n|c|\u2606chanmin|dude wtf why am i so unlucky today goddamn\n|inactive|chanmin has 30 seconds left.\n|\n|t:|1776153521\n|switch|p1a: Greninja|Greninja-Mega, L50, M|100/100\n|-damage|p1a: Greninja|88/100|[from] Stealth Rock\n|move|p2a: Garchomp|Dragon Tail|p1a: Greninja\n|-damage|p1a: Greninja|69/100\n|drag|p1a: Ceruledge|Ceruledge, L50, F|100/100\n|-damage|p1a: Ceruledge|76/100|[from] Stealth Rock\n|\n|-damage|p2a: Garchomp|88/100 brn|[from] brn\n|upkeep\n|turn|5\n|c|\u2606demiru_09|and me\n|\n|t:|1776153542\n|switch|p1a: Rotom|Rotom-Wash, L50|69/100\n|-damage|p1a: Rotom|57/100|[from] Stealth Rock\n|move|p2a: Garchomp|Dragon Tail|p1a: Rotom\n|-damage|p1a: Rotom|44/100\n|drag|p1a: Ceruledge|Ceruledge, L50, F|76/100\n|-damage|p1a: Ceruledge|51/100|[from] Stealth Rock\n|\n|-damage|p2a: Garchomp|82/100 brn|[from] brn\n|upkeep\n|turn|6\n|c|\u2606chanmin|fuck wtf goddamn\n|c|\u2606chanmin|come out gren fuck\n|\n|t:|1776153567\n|move|p2a: Garchomp|Earthquake|p1a: Ceruledge\n|-supereffective|p1a: Ceruledge|1\n|-damage|p1a: Ceruledge|0 fnt\n|faint|p1a: Ceruledge\n|\n|-damage|p2a: Garchomp|76/100 brn|[from] brn\n|upkeep\n|\n|t:|1776153574\n|switch|p1a: Greninja|Greninja-Mega, L50, M|69/100\n|-damage|p1a: Greninja|56/100|[from] Stealth Rock\n|turn|7\n|\n|t:|1776153584\n|move|p1a: Greninja|Ice Beam|p2a: Garchomp\n|-start|p1a: Greninja|typechange|Ice|[from] ability: Protean\n|-supereffective|p2a: Garchomp|2\n|-damage|p2a: Garchomp|0 fnt\n|faint|p2a: Garchomp\n|\n|upkeep\n|j| ouziu\n|\n|t:|1776153596\n|switch|p2a: Scizor|Scizor, L50, F|100/100\n|turn|8\n|-message|chanmin forfeited.\n|\n|win|demiru_09\n",
  "uploadtime": 1776153556,
  "views": 7,
  "formatid": "gen9championsbssregma",
  "rating": null,
  "private": 0,
  "password": null
}