{
  "id": "gen9championsbssregma-2584890784",
  "format": "[Gen 9 Champions] BSS Reg M-A",
  "players": [
    "MarCoFalco",
    "Condamnation"
  ],
  "log": "|j|\u2606MarCoFalco\n|j|\u2606Condamnation\n|t:|1776291966\n|gametype|singles\n|player|p1|MarCoFalco|blackbelt-gen4|1206\n|player|p2|Condamnation|veteranf|1364\n|gen|9\n|tier|[Gen 9 Champions] BSS Reg M-A\n|rated|\n|rule|Species Clause: Limit one of each Pok\u00e9mon\n|rule|Item Clause: Limit 1 of each item\n|clearpoke\n|poke|p1|Mamoswine, L50, F|\n|poke|p1|Charizard, L50, M|\n|poke|p1|Steelix, L50, F|\n|poke|p1|Armarouge, L50, F|\n|poke|p1|Espathra, L50, M|\n|poke|p1|Kommo-o, L50, M|\n|poke|p2|Kangaskhan, L50, F|\n|poke|p2|Garchomp, L50, F|\n|poke|p2|Dragapult, L50, M|\n|poke|p2|Primarina, L50, M|\n|poke|p2|Corviknight, L50, F|\n|poke|p2|Volcarona, L50, F|\n|teampreview|3\n|inactive|Battle timer is ON: inactive players will automatically lose when time's up. (requested by MarCoFalco)\n|j| p74\n|inactive|MarCoFalco has 60 seconds left.\n|\n|t:|1776292025\n|teamsize|p1|3\n|teamsize|p2|3\n|start\n|switch|p1a: Espathra|Espathra, L50, M|100/100\n|switch|p2a: Kangaskhan|Kangaskhan, L50, F|100/100\n|turn|1\n|\n|t:|1776292037\n|detailschange|p2a: Kangaskhan|Kangaskhan-Mega, L50, F\n|-mega|p2a: Kangaskhan|Kangaskhan|Kangaskhanite\n|move|p1a: Espathra|Protect|p1a: Espathra\n|-singleturn|p1a: Espathra|Protect\n|move|p2a: Kangaskhan|Fake Out|p1a: Espathra\n|-activate|p1a: Espathra|move: Protect\n|\n|-ability|p1a: Espathra|Speed Boost|boost\n|-boost|p1a: Espathra|spe|1\n|upkeep\n|turn|2\n|\n|t:|1776292044\n|move|p1a: Espathra|Lumina Crash|p2a: Kangaskhan\n|-damage|p2a: Kangaskhan|80/100\n|-unboost|p2a: Kangaskhan|spd|2\n|move|p2a: Kangaskhan|Body Slam|p1a: Espathra\n|-damage|p1a: Espathra|37/100\n|-damage|p1a: Espathra|21/100\n|-status|p1a: Espathra|par\n|-hitcount|p1a: Espathra|2\n|\n|-ability|p1a: Espathra|Speed Boost|boost\n|-boost|p1a: Espathra|spe|1\n|upkeep\n|turn|3\n|\n|t:|1776292064\n|move|p1a: Espathra|Baton Pass|p1a: Espathra\n|\n|t:|1776292066\n|switch|p1a: Steelix|Steelix, L50, F|100/100|[from] Baton Pass\n|move|p2a: Kangaskhan|Body Slam|p1a: Steelix\n|-resisted|p1a: Steelix|1\n|-damage|p1a: Steelix|85/100\n|-resisted|p1a: Steelix|1\n|-damage|p1a: Steelix|81/100\n|-hitcount|p1a: Steelix|2\n|\n|upkeep\n|turn|4\n|\n|t:|1776292075\n|detailschange|p1a: Steelix|Steelix-Mega, L50, F\n|-mega|p1a: Steelix|Steelix|Steelixite\n|move|p1a: Steelix|Body Press|p2a: Kangaskhan\n|-supereffective|p2a: Kangaskhan|1\n|-damage|p2a: Kangaskhan|15/100\n|move|p2a: Kangaskhan|Earthquake|p1a: Steelix\n|-supereffective|p1a: Steelix|1\n|-damage|p1a: Steelix|39/100\n|-supereffective|p1a: Steelix|1\n|-damage|p1a: Steelix|30/100\n|-hitcount|p1a: Steelix|2\n|\n|upkeep\n|turn|5\n|\n|t:|1776292089\n|switch|p2a: Garchomp|Garchomp, L50, F|100/100\n|move|p1a: Steelix|Heavy Slam|p2a: Garchomp\n|-damage|p2a: Garchomp|43/100\n|-damage|p1a: Steelix|18/100|[from] ability: Rough Skin|[of] p2a: Garchomp\n|\n|upkeep\n|turn|6\n|\n|t:|1776292100\n|move|p2a: Garchomp|Earthquake|p1a: Steelix\n|-supereffective|p1a: Steelix|1\n|-damage|p1a: Steelix|0 fnt\n|faint|p1a: Steelix\n|\n|upkeep\n|\n|t:|1776292109\n|switch|p1a: Armarouge|Armarouge, L50, F|100/100\n|turn|7\n|\n|t:|1776292114\n|move|p2a: Garchomp|Earthquake|p1a: Armarouge\n|-supereffective|p1a: Armarouge|1\n|-enditem|p1a: Armarouge|Focus Sash\n|-damage|p1a: Armarouge|1/100\n|-ability|p1a: Armarouge|Weak Armor|boost\n|-unboost|p1a: Armarouge|def|1\n|-boost|p1a: Armarouge|spe|2\n|move|p1a: Armarouge|Psychic Terrain|p1a: Armarouge\n|-fieldstart|move: Psychic Terrain\n|\n|upkeep\n|turn|8\n|\n|t:|1776292118\n|move|p1a: Armarouge|Expanding Force|p2a: Garchomp\n|-damage|p2a: Garchomp|0 fnt\n|faint|p2a: Garchomp\n|\n|upkeep\n|inactive|Condamnation has 30 seconds left.\n|inactive|Condamnation has 20 seconds left.\n|inactive|Condamnation has 15 seconds left.\n|\n|t:|1776292159\n|switch|p2a: Volcarona|Volcarona, L50, F|100/100\n|turn|9\n|\n|t:|1776292163\n|move|p1a: Armarouge|Expanding Force|p2a: Volcarona\n|-damage|p2a: Volcarona|9/100\n|move|p2a: Volcarona|Bug Buzz|p1a: Armarouge\n|-damage|p1a: Armarouge|0 fnt\n|faint|p1a: Armarouge\n|\n|upkeep\n|\n|t:|1776292168\n|switch|p1a: Espathra|Espathra, L50, M|21/100 par\n|turn|10\n|\n|t:|1776292178\n|move|p2a: Volcarona|Bug Buzz|p1a: Espathra\n|-supereffective|p1a: Espathra|1\n|-damage|p1a: Espathra|0 fnt\n|faint|p1a: Espathra\n|\n|win|Condamnation\n|raw|MarCoFalco's rating: 1206 &rarr; <strong>1192</strong><br />(-14 for losing)\n|raw|Condamnation's rating: 1364 &rarr; <strong>1375</strong><br />(+11 for winning)\n|l|\u2606MarCoFalco\n|player|p1|\n|l|\u2606Condamnation\n|player|p2|\n",
  "uploadtime": 1776293755,
  "views": 7,
  "formatid": "gen9championsbssregma",
  "rating": 1192,
  "private": 0,
  "password": null
}