{
  "id": "gen9championsbssregma-2582729504",
  "format": "[Gen 9 Champions] BSS Reg M-A",
  "players": [
    "Purfectko",
    "phifth"
  ],
  "log": "|j|\u2606Purfectko\n|j|\u2606phifth\n|t:|1776110094\n|gametype|singles\n|player|p1|Purfectko|170|1131\n|player|p2|phifth|rosa|1040\n|gen|9\n|tier|[Gen 9 Champions] BSS Reg M-A\n|rated|\n|rule|Species Clause: Limit one of each Pok\u00e9mon\n|rule|Item Clause: Limit 1 of each item\n|clearpoke\n|poke|p1|Tyranitar, L50, F|\n|poke|p1|Lucario, L50, M|\n|poke|p1|Araquanid, L50, M|\n|poke|p1|Avalugg-Hisui, L50, F|\n|poke|p1|Skarmory, L50, M|\n|poke|p1|Excadrill, L50, F|\n|poke|p2|Gliscor, L50, F|\n|poke|p2|Tyranitar, L50, F|\n|poke|p2|Meganium, L50, M|\n|poke|p2|Archaludon, L50, M|\n|poke|p2|Excadrill, L50, F|\n|poke|p2|Glimmora, L50, F|\n|teampreview|3\n|\n|t:|1776110139\n|teamsize|p1|3\n|teamsize|p2|3\n|start\n|switch|p1a: Tyranitar|Tyranitar, L50, F|100/100\n|switch|p2a: Meganium|Meganium, L50, M|100/100\n|-weather|Sandstorm|[from] ability: Sand Stream|[of] p1a: Tyranitar\n|turn|1\n|\n|t:|1776110161\n|switch|p1a: Skarmory|Skarmory, L50, M|100/100\n|detailschange|p2a: Meganium|Meganium-Mega, L50, M\n|-mega|p2a: Meganium|Meganium|Meganiumite\n|move|p2a: Meganium|Solar Beam||[still]\n|-prepare|p2a: Meganium|Solar Beam\n|-activate|p2a: Meganium|ability: Mega Sol\n|-anim|p2a: Meganium|Solar Beam|p1a: Skarmory\n|-resisted|p1a: Skarmory|2\n|-crit|p1a: Skarmory\n|-damage|p1a: Skarmory|58/100\n|\n|-weather|Sandstorm|[upkeep]\n|-damage|p2a: Meganium|95/100|[from] Sandstorm\n|upkeep\n|turn|2\n|\n|t:|1776110173\n|detailschange|p1a: Skarmory|Skarmory-Mega, L50, M\n|-mega|p1a: Skarmory|Skarmory|Skarmorite\n|move|p1a: Skarmory|Brave Bird|p2a: Meganium\n|-supereffective|p2a: Meganium|1\n|-damage|p2a: Meganium|0 fnt\n|faint|p2a: Meganium\n|-damage|p1a: Skarmory|17/100|[from] Recoil\n|\n|-weather|Sandstorm|[upkeep]\n|upkeep\n|\n|t:|1776110182\n|switch|p2a: Excadrill|Excadrill, L50, F|100/100\n|turn|3\n|\n|t:|1776110190\n|move|p2a: Excadrill|Iron Head|p1a: Skarmory\n|-resisted|p1a: Skarmory|1\n|-damage|p1a: Skarmory|0 fnt\n|faint|p1a: Skarmory\n|\n|-weather|Sandstorm|[upkeep]\n|upkeep\n|\n|t:|1776110205\n|switch|p1a: Excadrill|Excadrill, L50, F|100/100\n|turn|4\n|\n|t:|1776110239\n|switch|p2a: Eclipse|Gliscor, L50, F, shiny|100/100\n|move|p1a: Excadrill|Earthquake|p2a: Eclipse\n|-immune|p2a: Eclipse\n|\n|-weather|Sandstorm|[upkeep]\n|upkeep\n|turn|5\n|\n|t:|1776110254\n|switch|p1a: Tyranitar|Tyranitar, L50, F|100/100\n|move|p2a: Eclipse|Sand Tomb|p1a: Tyranitar\n|-supereffective|p1a: Tyranitar|1\n|-damage|p1a: Tyranitar|79/100\n|-activate|p1a: Tyranitar|move: Sand Tomb|[of] p2a: Eclipse\n|\n|-weather|none\n|-damage|p1a: Tyranitar|67/100|[from] move: Sand Tomb|[partiallytrapped]\n|upkeep\n|turn|6\n|c|\u2606phifth|no sand ig\n|\n|t:|1776110281\n|move|p2a: Eclipse|Knock Off|p1a: Tyranitar\n|-resisted|p1a: Tyranitar|1\n|-damage|p1a: Tyranitar|58/100\n|-enditem|p1a: Tyranitar|Chople Berry|[from] move: Knock Off|[of] p2a: Eclipse\n|move|p1a: Tyranitar|Ice Beam|p2a: Eclipse\n|-supereffective|p2a: Eclipse|2\n|-damage|p2a: Eclipse|4/100\n|\n|-heal|p2a: Eclipse|10/100|[from] item: Leftovers\n|-damage|p1a: Tyranitar|46/100|[from] move: Sand Tomb|[partiallytrapped]\n|upkeep\n|turn|7\n|\n|t:|1776110298\n|move|p2a: Eclipse|U-turn|p1a: Tyranitar\n|-supereffective|p1a: Tyranitar|1\n|-damage|p1a: Tyranitar|20/100\n|\n|t:|1776110305\n|switch|p2a: Excadrill|Excadrill, L50, F|100/100|[from] U-turn\n|move|p1a: Tyranitar|Ice Beam|p2a: Excadrill\n|-damage|p2a: Excadrill|76/100\n|\n|-end|p1a: Tyranitar|Sand Tomb|[partiallytrapped]|[silent]\n|upkeep\n|turn|8\n|\n|t:|1776110316\n|move|p2a: Excadrill|Earthquake|p1a: Tyranitar\n|-supereffective|p1a: Tyranitar|1\n|-damage|p1a: Tyranitar|0 fnt\n|faint|p1a: Tyranitar\n|\n|upkeep\n|\n|t:|1776110321\n|switch|p1a: Excadrill|Excadrill, L50, F|100/100\n|turn|9\n|\n|t:|1776110364\n|move|p2a: Excadrill|Earthquake|p1a: Excadrill\n|-supereffective|p1a: Excadrill|1\n|-damage|p1a: Excadrill|0 fnt\n|faint|p1a: Excadrill\n|\n|win|phifth\n|raw|Purfectko's rating: 1131 &rarr; <strong>1100</strong><br />(-31 for losing)\n|raw|phifth's rating: 1040 &rarr; <strong>1083</strong><br />(+43 for winning)\n|c|\u2606phifth|gg\n|l|\u2606Purfectko\n|player|p1|\n",
  "uploadtime": 1776110452,
  "views": 26,
  "formatid": "gen9championsbssregma",
  "rating": 1083,
  "private": 0,
  "password": null
}