{
  "id": "gen9championsbssregma-2584340763",
  "format": "[Gen 9 Champions] BSS Reg M-A",
  "players": [
    "Mobileishard",
    "MiraidonGaming"
  ],
  "log": "|j|\u2606Mobileishard\n|j|\u2606MiraidonGaming\n|t:|1776252971\n|gametype|singles\n|player|p1|Mobileishard|2|1157\n|player|p2|MiraidonGaming|lucas|1296\n|gen|9\n|tier|[Gen 9 Champions] BSS Reg M-A\n|rated|\n|rule|Species Clause: Limit one of each Pok\u00e9mon\n|rule|Item Clause: Limit 1 of each item\n|clearpoke\n|poke|p1|Aegislash, L50, M|\n|poke|p1|Blastoise, L50, F|\n|poke|p1|Ditto, L50|\n|poke|p1|Reuniclus, L50, M|\n|poke|p1|Dragapult, L50, M|\n|poke|p1|Kleavor, L50, F|\n|poke|p2|Ninetales-Alola, L50, F|\n|poke|p2|Charizard, L50, M|\n|poke|p2|Scizor, L50, M|\n|poke|p2|Sinistcha, L50|\n|poke|p2|Rotom-Wash, L50|\n|poke|p2|Salazzle, L50, F|\n|teampreview|3\n|inactive|Battle timer is ON: inactive players will automatically lose when time's up. (requested by Mobileishard)\n|inactive|MiraidonGaming has 60 seconds left.\n|\n|t:|1776253024\n|teamsize|p1|3\n|teamsize|p2|3\n|start\n|switch|p1a: Kleavor|Kleavor, L50, F|100/100\n|switch|p2a: Vanity?|Ninetales-Alola, L50, F|100/100\n|-weather|Snowscape|[from] ability: Snow Warning|[of] p2a: Vanity?\n|turn|1\n|\n|t:|1776253043\n|move|p2a: Vanity?|Aurora Veil|p2a: Vanity?\n|-sidestart|p2: MiraidonGaming|move: Aurora Veil\n|move|p1a: Kleavor|Stone Axe|p2a: Vanity?\n|-supereffective|p2a: Vanity?|1\n|-damage|p2a: Vanity?|44/100\n|-sidestart|p2: MiraidonGaming|move: Stealth Rock\n|\n|-weather|Snowscape|[upkeep]\n|upkeep\n|turn|2\n|\n|t:|1776253048\n|switch|p1a: Ditto|Ditto, L50|100/100\n|-transform|p1a: Ditto|p2a: Vanity?|[from] ability: Imposter\n|move|p2a: Vanity?|Moonblast|p1a: Ditto\n|-damage|p1a: Ditto|57/100\n|\n|-weather|Snowscape|[upkeep]\n|upkeep\n|turn|3\n|\n|t:|1776253053\n|move|p1a: Ditto|Aurora Veil|p1a: Ditto\n|-sidestart|p1: Mobileishard|move: Aurora Veil\n|move|p2a: Vanity?|Moonblast|p1a: Ditto\n|-damage|p1a: Ditto|35/100\n|\n|-weather|Snowscape|[upkeep]\n|upkeep\n|turn|4\n|\n|t:|1776253057\n|switch|p1a: Kleavor|Kleavor, L50, F|100/100\n|move|p2a: Vanity?|Moonblast|p1a: Kleavor\n|-damage|p1a: Kleavor|68/100\n|\n|-weather|Snowscape|[upkeep]\n|upkeep\n|turn|5\n|j| prawny1111\n|\n|t:|1776253062\n|move|p2a: Vanity?|Moonblast|p1a: Kleavor\n|-damage|p1a: Kleavor|37/100\n|move|p1a: Kleavor|Stone Axe|p2a: Vanity?\n|-supereffective|p2a: Vanity?|1\n|-damage|p2a: Vanity?|0 fnt\n|faint|p2a: Vanity?\n|\n|-weather|none\n|-sideend|p2: MiraidonGaming|move: Aurora Veil\n|upkeep\n|l| prawny1111\n|\n|t:|1776253068\n|switch|p2a: Edward|Scizor, L50, M|100/100\n|-damage|p2a: Edward|88/100|[from] Stealth Rock\n|turn|6\n|\n|t:|1776253073\n|move|p1a: Kleavor|Stone Axe|p2a: Edward|[miss]\n|-miss|p1a: Kleavor|p2a: Edward\n|move|p2a: Edward|Swords Dance|p2a: Edward\n|-boost|p2a: Edward|atk|2\n|\n|upkeep\n|turn|7\n|\n|t:|1776253077\n|move|p2a: Edward|Bullet Punch|p1a: Kleavor\n|-supereffective|p1a: Kleavor|1\n|-damage|p1a: Kleavor|0 fnt\n|faint|p1a: Kleavor\n|\n|-sideend|p1: Mobileishard|move: Aurora Veil\n|upkeep\n|\n|t:|1776253085\n|switch|p1a: Ditto|Ditto, L50|35/100\n|-transform|p1a: Ditto|p2a: Edward|[from] ability: Imposter\n|turn|8\n|\n|t:|1776253092\n|switch|p1a: Blastoise|Blastoise, L50, F|100/100\n|detailschange|p2a: Edward|Scizor-Mega, L50, M\n|-mega|p2a: Edward|Scizor|Scizorite\n|move|p2a: Edward|Swords Dance|p2a: Edward\n|-boost|p2a: Edward|atk|2\n|\n|upkeep\n|turn|9\n|\n|t:|1776253096\n|detailschange|p1a: Blastoise|Blastoise-Mega, L50, F\n|-mega|p1a: Blastoise|Blastoise|Blastoisinite\n|move|p1a: Blastoise|Water Pulse|p2a: Edward\n|-damage|p2a: Edward|45/100\n|-start|p2a: Edward|confusion\n|-activate|p2a: Edward|confusion\n|-damage|p2a: Edward|16/100|[from] confusion\n|\n|upkeep\n|turn|10\n|\n|t:|1776253105\n|-activate|p2a: Edward|confusion\n|-damage|p2a: Edward|0 fnt|[from] confusion\n|faint|p2a: Edward\n|move|p1a: Blastoise|Water Pulse|p2: Edward|[notarget]\n|-fail|p1a: Blastoise\n|\n|upkeep\n|\n|t:|1776253108\n|switch|p2a: Put a brick in|Rotom-Wash, L50|100/100\n|-damage|p2a: Put a brick in|88/100|[from] Stealth Rock\n|turn|11\n|\n|t:|1776253114\n|move|p2a: Put a brick in|Discharge|p1a: Blastoise\n|-supereffective|p1a: Blastoise|1\n|-damage|p1a: Blastoise|30/100\n|-status|p1a: Blastoise|par\n|move|p1a: Blastoise|Shell Smash|p1a: Blastoise\n|-unboost|p1a: Blastoise|def|1\n|-unboost|p1a: Blastoise|spd|1\n|-boost|p1a: Blastoise|atk|2\n|-boost|p1a: Blastoise|spa|2\n|-boost|p1a: Blastoise|spe|2\n|\n|upkeep\n|turn|12\n|\n|t:|1776253117\n|move|p2a: Put a brick in|Discharge|p1a: Blastoise\n|-supereffective|p1a: Blastoise|1\n|-damage|p1a: Blastoise|0 fnt\n|faint|p1a: Blastoise\n|\n|upkeep\n|\n|t:|1776253118\n|switch|p1a: Ditto|Ditto, L50|35/100\n|-transform|p1a: Ditto|p2a: Put a brick in|[from] ability: Imposter\n|turn|13\n|\n|t:|1776253120\n|move|p1a: Ditto|Discharge|p2a: Put a brick in\n|-damage|p2a: Put a brick in|43/100\n|move|p2a: Put a brick in|Discharge|p1a: Ditto\n|-damage|p1a: Ditto|0 fnt\n|faint|p1a: Ditto\n|\n|win|MiraidonGaming\n|raw|Mobileishard's rating: 1157 &rarr; <strong>1142</strong><br />(-15 for losing)\n|raw|MiraidonGaming's rating: 1296 &rarr; <strong>1311</strong><br />(+15 for winning)\n",
  "uploadtime": 1776253123,
  "views": 8,
  "formatid": "gen9championsbssregma",
  "rating": 1142,
  "private": 0,
  "password": null
}