{
  "id": "gen9championsbssregma-2583577200",
  "format": "[Gen 9 Champions] BSS Reg M-A",
  "players": [
    "harald283",
    "Cazador492"
  ],
  "log": "|j|\u2606harald283\n|j|\u203dCazador492\n|t:|1776184382\n|gametype|singles\n|player|p1|harald283|drayden|1155\n|player|p2|Cazador492|skyla|1177\n|gen|9\n|tier|[Gen 9 Champions] BSS Reg M-A\n|rated|\n|rule|Species Clause: Limit one of each Pok\u00e9mon\n|rule|Item Clause: Limit 1 of each item\n|clearpoke\n|poke|p1|Hippowdon, L50, M|\n|poke|p1|Garchomp, L50, M|\n|poke|p1|Torterra, L50, M|\n|poke|p1|Charizard, L50, M|\n|poke|p1|Aegislash, L50, M|\n|poke|p1|Glimmora, L50, M|\n|poke|p2|Tyranitar, L50, F|\n|poke|p2|Rotom-Wash, L50|\n|poke|p2|Scizor, L50, M|\n|poke|p2|Garchomp, L50, M|\n|poke|p2|Charizard, L50, F|\n|poke|p2|Gengar, L50, M|\n|teampreview|3\n|\n|t:|1776184428\n|teamsize|p1|3\n|teamsize|p2|3\n|start\n|switch|p1a: Glimmora|Glimmora, L50, M, shiny|100/100\n|switch|p2a: Tyranitar|Tyranitar, L50, F|100/100\n|-weather|Sandstorm|[from] ability: Sand Stream|[of] p2a: Tyranitar\n|turn|1\n|\n|t:|1776184453\n|move|p1a: Glimmora|Stealth Rock|p2a: Tyranitar\n|-sidestart|p2: Cazador492|move: Stealth Rock\n|move|p2a: Tyranitar|Taunt|p1a: Glimmora\n|-start|p1a: Glimmora|move: Taunt\n|\n|-weather|Sandstorm|[upkeep]\n|upkeep\n|turn|2\n|\n|t:|1776184471\n|switch|p2a: Rotom|Rotom-Wash, L50|100/100\n|-damage|p2a: Rotom|88/100|[from] Stealth Rock\n|move|p1a: Glimmora|Mortal Spin|p2a: Rotom\n|-damage|p2a: Rotom|80/100\n|-status|p2a: Rotom|psn\n|\n|-weather|Sandstorm|[upkeep]\n|-damage|p2a: Rotom|74/100 psn|[from] Sandstorm\n|-damage|p2a: Rotom|62/100 psn|[from] psn\n|upkeep\n|turn|3\n|\n|t:|1776184484\n|move|p1a: Glimmora|Stone Edge|p2a: Rotom\n|-damage|p2a: Rotom|34/100 psn\n|-enditem|p2a: Rotom|Sitrus Berry|[eat]\n|-heal|p2a: Rotom|58/100 psn|[from] item: Sitrus Berry\n|move|p2a: Rotom|Hydro Pump|p1a: Glimmora\n|-supereffective|p1a: Glimmora|1\n|-damage|p1a: Glimmora|28/100\n|\n|-weather|Sandstorm|[upkeep]\n|-damage|p2a: Rotom|53/100 psn|[from] Sandstorm\n|-damage|p2a: Rotom|41/100 psn|[from] psn\n|upkeep\n|turn|4\n|\n|t:|1776184503\n|switch|p1a: Aegislash|Aegislash, L50, M, shiny|100/100\n|move|p2a: Rotom|Thunderbolt|p1a: Aegislash\n|-damage|p1a: Aegislash|81/100\n|\n|-weather|Sandstorm|[upkeep]\n|-damage|p2a: Rotom|35/100 psn|[from] Sandstorm\n|-heal|p1a: Aegislash|87/100|[from] item: Leftovers\n|-damage|p2a: Rotom|23/100 psn|[from] psn\n|upkeep\n|turn|5\n|\n|t:|1776184525\n|move|p1a: Aegislash|King's Shield|p1a: Aegislash\n|-singleturn|p1a: Aegislash|Protect\n|move|p2a: Rotom|Will-O-Wisp|p1a: Aegislash|[miss]\n|-miss|p2a: Rotom|p1a: Aegislash\n|\n|-weather|none\n|-heal|p1a: Aegislash|93/100|[from] item: Leftovers\n|-damage|p2a: Rotom|11/100 psn|[from] psn\n|upkeep\n|turn|6\n|\n|t:|1776184539\n|-formechange|p1a: Aegislash|Aegislash-Blade|\n|move|p1a: Aegislash|Shadow Sneak|p2a: Rotom\n|-damage|p2a: Rotom|0 fnt\n|faint|p2a: Rotom\n|\n|-heal|p1a: Aegislash|99/100|[from] item: Leftovers\n|upkeep\n|\n|t:|1776184549\n|switch|p2a: Garchomp|Garchomp, L50, M|100/100\n|-damage|p2a: Garchomp|94/100|[from] Stealth Rock\n|turn|7\n|\n|t:|1776184594\n|switch|p1a: Charizard|Charizard, L50, M, shiny|100/100\n|move|p2a: Garchomp|Swords Dance|p2a: Garchomp\n|-boost|p2a: Garchomp|atk|2\n|\n|upkeep\n|turn|8\n|\n|t:|1776184634\n|switch|p2a: Tyranitar|Tyranitar, L50, F|100/100\n|-damage|p2a: Tyranitar|88/100|[from] Stealth Rock\n|-weather|Sandstorm|[from] ability: Sand Stream|[of] p2a: Tyranitar\n|switch|p1a: Glimmora|Glimmora, L50, M, shiny|28/100\n|\n|-weather|Sandstorm|[upkeep]\n|upkeep\n|turn|9\n|\n|t:|1776184655\n|move|p1a: Glimmora|Mortal Spin|p2a: Tyranitar\n|-resisted|p2a: Tyranitar|1\n|-damage|p2a: Tyranitar|85/100\n|-status|p2a: Tyranitar|psn\n|move|p2a: Tyranitar|Knock Off|p1a: Glimmora\n|-damage|p1a: Glimmora|0 fnt\n|-activate|p1a: Glimmora|ability: Toxic Debris\n|-sidestart|p2: Cazador492|move: Toxic Spikes\n|-enditem|p1a: Glimmora|Focus Sash|[from] move: Knock Off|[of] p2a: Tyranitar\n|faint|p1a: Glimmora\n|\n|-weather|Sandstorm|[upkeep]\n|-damage|p2a: Tyranitar|72/100 psn|[from] psn\n|upkeep\n|\n|t:|1776184677\n|switch|p1a: Charizard|Charizard, L50, M, shiny|100/100\n|turn|10\n|\n|t:|1776184685\n|detailschange|p1a: Charizard|Charizard-Mega-Y, L50, M, shiny\n|-mega|p1a: Charizard|Charizard|Charizardite Y\n|-weather|SunnyDay|[from] ability: Drought|[of] p1a: Charizard\n|detailschange|p2a: Tyranitar|Tyranitar-Mega, L50, F\n|-mega|p2a: Tyranitar|Tyranitar|Tyranitarite\n|-weather|Sandstorm|[from] ability: Sand Stream|[of] p2a: Tyranitar\n|move|p1a: Charizard|Solar Beam||[still]\n|-prepare|p1a: Charizard|Solar Beam\n|move|p2a: Tyranitar|Stone Edge|p1a: Charizard\n|-supereffective|p1a: Charizard|2\n|-damage|p1a: Charizard|0 fnt\n|faint|p1a: Charizard\n|\n|-weather|Sandstorm|[upkeep]\n|-damage|p2a: Tyranitar|60/100 psn|[from] psn\n|upkeep\n|-message|harald283 forfeited.\n|\n|win|Cazador492\n|raw|harald283's rating: 1155 &rarr; <strong>1132</strong><br />(-23 for losing)\n|raw|Cazador492's rating: 1177 &rarr; <strong>1200</strong><br />(+23 for winning)\n|l|\u2606harald283\n|player|p1|\n|l|\u203dCazador492\n|player|p2|\n|j|\u203dCazador492\n|player|p2|Cazador492|skyla|\n|n|\u203dCazador492|cazador492\n",
  "uploadtime": 1776184841,
  "views": 37,
  "formatid": "gen9championsbssregma",
  "rating": 1132,
  "private": 0,
  "password": null
}