{
  "id": "gen9championsbssregma-2584313147",
  "format": "[Gen 9 Champions] BSS Reg M-A",
  "players": [
    "fletchyfletchy",
    "wounddia"
  ],
  "log": "|j|\u2606fletchyfletchy\n|j|\u2606wounddia\n|t:|1776250151\n|gametype|singles\n|player|p1|fletchyfletchy|liko|1210\n|player|p2|wounddia|elesa|1412\n|gen|9\n|tier|[Gen 9 Champions] BSS Reg M-A\n|rated|\n|rule|Species Clause: Limit one of each Pok\u00e9mon\n|rule|Item Clause: Limit 1 of each item\n|clearpoke\n|poke|p1|Lopunny, L50, F|\n|poke|p1|Basculegion, L50, M|\n|poke|p1|Meowscarada, L50, M|\n|poke|p1|Aegislash, L50, F|\n|poke|p1|Charizard, L50, F|\n|poke|p1|Ninetales-Alola, L50, F|\n|poke|p2|Charizard, L50, M|\n|poke|p2|Garchomp, L50, M|\n|poke|p2|Glimmora, L50, M|\n|poke|p2|Corviknight, L50, F|\n|poke|p2|Sneasler, L50, M|\n|poke|p2|Meowscarada, L50, M|\n|teampreview|3\n|inactive|Battle timer is ON: inactive players will automatically lose when time's up. (requested by fletchyfletchy)\n|inactive|wounddia has 60 seconds left.\n|inactive|wounddia has 30 seconds left.\n|\n|t:|1776250243\n|teamsize|p1|3\n|teamsize|p2|3\n|start\n|switch|p1a: Lopunny|Lopunny, L50, F|100/100\n|switch|p2a: Sneasler|Sneasler, L50, M|100/100\n|turn|1\n|inactive|fletchyfletchy has 30 seconds left.\n|\n|t:|1776250274\n|detailschange|p1a: Lopunny|Lopunny-Mega, L50, F\n|-mega|p1a: Lopunny|Lopunny|Lopunnite\n|move|p1a: Lopunny|Fake Out|p2a: Sneasler\n|-damage|p2a: Sneasler|62/100\n|cant|p2a: Sneasler|flinch\n|\n|upkeep\n|turn|2\n|\n|t:|1776250282\n|switch|p1a: Basculegion|Basculegion, L50, M|100/100\n|move|p2a: Sneasler|Close Combat|p1a: Basculegion\n|-immune|p1a: Basculegion\n|\n|upkeep\n|turn|3\n|\n|t:|1776250296\n|move|p1a: Basculegion|Flip Turn|p2a: Sneasler\n|-damage|p2a: Sneasler|3/100\n|\n|t:|1776250303\n|switch|p1a: Lopunny|Lopunny-Mega, L50, F|100/100|[from] Flip Turn\n|move|p2a: Sneasler|Lash Out|p1a: Lopunny\n|-resisted|p1a: Lopunny|1\n|-damage|p1a: Lopunny|81/100\n|\n|upkeep\n|turn|4\n|\n|t:|1776250310\n|move|p1a: Lopunny|Fake Out|p2a: Sneasler\n|-damage|p2a: Sneasler|0 fnt\n|faint|p2a: Sneasler\n|\n|upkeep\n|\n|t:|1776250315\n|switch|p2a: Charizard|Charizard, L50, M|100/100\n|turn|5\n|\n|t:|1776250334\n|detailschange|p2a: Charizard|Charizard-Mega-X, L50, M\n|-mega|p2a: Charizard|Charizard|Charizardite X\n|move|p1a: Lopunny|Triple Axel|p2a: Charizard\n|-damage|p2a: Charizard|94/100\n|-damage|p2a: Charizard|79/100\n|-damage|p2a: Charizard|60/100\n|-hitcount|p2a: Charizard|3\n|move|p2a: Charizard|Flame Charge|p1a: Lopunny\n|-damage|p1a: Lopunny|37/100\n|-boost|p2a: Charizard|spe|1\n|\n|upkeep\n|turn|6\n|\n|t:|1776250354\n|move|p2a: Charizard|Flame Charge|p1a: Lopunny\n|-damage|p1a: Lopunny|0 fnt\n|-boost|p2a: Charizard|spe|1\n|faint|p1a: Lopunny\n|\n|upkeep\n|\n|t:|1776250357\n|switch|p1a: Ninetales|Ninetales-Alola, L50, F|100/100\n|-weather|Snowscape|[from] ability: Snow Warning|[of] p1a: Ninetales\n|turn|7\n|\n|t:|1776250362\n|move|p2a: Charizard|Flare Blitz|p1a: Ninetales\n|-supereffective|p1a: Ninetales|1\n|-damage|p1a: Ninetales|0 fnt\n|faint|p1a: Ninetales\n|-damage|p2a: Charizard|31/100|[from] Recoil\n|\n|-weather|Snowscape|[upkeep]\n|upkeep\n|\n|t:|1776250368\n|switch|p1a: Basculegion|Basculegion, L50, M|100/100\n|turn|8\n|\n|t:|1776250374\n|move|p2a: Charizard|Outrage|p1a: Basculegion\n|-damage|p1a: Basculegion|0 fnt\n|faint|p1a: Basculegion\n|\n|win|wounddia\n|raw|fletchyfletchy's rating: 1210 &rarr; <strong>1198</strong><br />(-12 for losing)\n|raw|wounddia's rating: 1412 &rarr; <strong>1422</strong><br />(+10 for winning)\n",
  "uploadtime": 1776250375,
  "views": 16,
  "formatid": "gen9championsbssregma",
  "rating": 1198,
  "private": 0,
  "password": null
}