{
  "id": "gen9championsbssregma-2583111844",
  "format": "[Gen 9 Champions] BSS Reg M-A",
  "players": [
    "BJZJS",
    "zaliyeyuan"
  ],
  "log": "|j|\u2606BJZJS\n|j|\u2606zaliyeyuan\n|t:|1776143365\n|gametype|singles\n|player|p1|BJZJS|2|1367\n|player|p2|zaliyeyuan|artist-gen4|1295\n|gen|9\n|tier|[Gen 9 Champions] BSS Reg M-A\n|rated|\n|rule|Species Clause: Limit one of each Pok\u00e9mon\n|rule|Item Clause: Limit 1 of each item\n|clearpoke\n|poke|p1|Floette-Eternal, L50, F|\n|poke|p1|Sneasler, L50, M|\n|poke|p1|Gyarados, L50, M|\n|poke|p1|Archaludon, L50, F|\n|poke|p1|Rotom-Heat, L50|\n|poke|p1|Mimikyu, L50, F|\n|poke|p2|Starmie, L50|\n|poke|p2|Hydreigon, L50, M|\n|poke|p2|Hippowdon, L50, M|\n|poke|p2|Rotom-Wash, L50|\n|poke|p2|Aegislash, L50, F|\n|poke|p2|Floette-Eternal, L50, F|\n|teampreview|3\n|inactive|Battle timer is ON: inactive players will automatically lose when time's up. (requested by BJZJS)\n|inactive|zaliyeyuan has 60 seconds left.\n|j| p74\n|inactive|zaliyeyuan has 30 seconds left.\n|\n|t:|1776143443\n|teamsize|p1|3\n|teamsize|p2|3\n|start\n|switch|p1a: Sneasler|Sneasler, L50, M|100/100\n|switch|p2a: Hippowdon|Hippowdon, L50, M|100/100\n|-weather|Sandstorm|[from] ability: Sand Stream|[of] p2a: Hippowdon\n|turn|1\n|\n|t:|1776143456\n|move|p1a: Sneasler|Taunt|p2a: Hippowdon\n|-start|p2a: Hippowdon|move: Taunt\n|cant|p2a: Hippowdon|move: Taunt|Stealth Rock\n|\n|-weather|Sandstorm|[upkeep]\n|-damage|p1a: Sneasler|95/100|[from] Sandstorm\n|upkeep\n|turn|2\n|\n|t:|1776143464\n|switch|p1a: Gyarados|Gyarados, L50, M|100/100\n|-ability|p1a: Gyarados|Intimidate|boost\n|-unboost|p2a: Hippowdon|atk|1\n|move|p2a: Hippowdon|Earthquake|p1a: Gyarados\n|-immune|p1a: Gyarados\n|\n|-weather|Sandstorm|[upkeep]\n|-damage|p1a: Gyarados|95/100|[from] Sandstorm\n|upkeep\n|turn|3\n|inactive|zaliyeyuan has 30 seconds left.\n|\n|t:|1776143493\n|switch|p2a: Floette|Floette-Eternal, L50, F|100/100\n|move|p1a: Gyarados|Dragon Dance|p1a: Gyarados\n|-boost|p1a: Gyarados|atk|1\n|-boost|p1a: Gyarados|spe|1\n|\n|-weather|Sandstorm|[upkeep]\n|-damage|p1a: Gyarados|89/100|[from] Sandstorm\n|-damage|p2a: Floette|94/100|[from] Sandstorm\n|upkeep\n|turn|4\n|\n|t:|1776143506\n|detailschange|p2a: Floette|Floette-Mega, L50, F\n|-mega|p2a: Floette|Floette|Floettite\n|-ability|p2a: Floette|Fairy Aura\n|move|p1a: Gyarados|Waterfall|p2a: Floette\n|-damage|p2a: Floette|41/100\n|move|p2a: Floette|Draining Kiss|p1a: Gyarados\n|-damage|p1a: Gyarados|50/100\n|-heal|p2a: Floette|69/100|[from] drain|[of] p1a: Gyarados\n|\n|-weather|Sandstorm|[upkeep]\n|-damage|p1a: Gyarados|44/100|[from] Sandstorm\n|-damage|p2a: Floette|63/100|[from] Sandstorm\n|upkeep\n|turn|5\n|\n|t:|1776143524\n|detailschange|p1a: Gyarados|Gyarados-Mega, L50, M\n|-mega|p1a: Gyarados|Gyarados|Gyaradosite\n|-ability|p1a: Gyarados|Mold Breaker\n|move|p1a: Gyarados|Waterfall|p2a: Floette\n|-damage|p2a: Floette|1/100\n|move|p2a: Floette|Draining Kiss|p1a: Gyarados\n|-supereffective|p1a: Gyarados|1\n|-damage|p1a: Gyarados|0 fnt\n|-heal|p2a: Floette|32/100|[from] drain|[of] p1a: Gyarados\n|faint|p1a: Gyarados\n|\n|-weather|none\n|upkeep\n|\n|t:|1776143534\n|switch|p1a: Sneasler|Sneasler, L50, M|95/100\n|turn|6\n|inactive|zaliyeyuan has 30 seconds left.\n|inactive|zaliyeyuan has 20 seconds left.\n|inactive|zaliyeyuan has 15 seconds left.\n|\n|t:|1776143578\n|move|p1a: Sneasler|Dire Claw|p2a: Floette\n|-supereffective|p2a: Floette|1\n|-damage|p2a: Floette|0 fnt\n|faint|p2a: Floette\n|\n|upkeep\n|\n|t:|1776143598\n|switch|p2a: Hippowdon|Hippowdon, L50, M|100/100\n|-weather|Sandstorm|[from] ability: Sand Stream|[of] p2a: Hippowdon\n|turn|7\n|\n|t:|1776143612\n|move|p1a: Sneasler|Close Combat|p2a: Hippowdon\n|-damage|p2a: Hippowdon|56/100\n|-unboost|p1a: Sneasler|def|1\n|-unboost|p1a: Sneasler|spd|1\n|move|p2a: Hippowdon|Earthquake|p1a: Sneasler\n|-supereffective|p1a: Sneasler|1\n|-damage|p1a: Sneasler|0 fnt\n|faint|p1a: Sneasler\n|\n|-weather|Sandstorm|[upkeep]\n|upkeep\n|l| p74\n|\n|t:|1776143618\n|switch|p1a: Archaludon|Archaludon, L50, F|100/100\n|turn|8\n|\n|t:|1776143635\n|move|p1a: Archaludon|Draco Meteor|p2a: Hippowdon\n|-damage|p2a: Hippowdon|0 fnt\n|-unboost|p1a: Archaludon|spa|2\n|faint|p2a: Hippowdon\n|\n|-weather|Sandstorm|[upkeep]\n|upkeep\n|\n|t:|1776143643\n|switch|p2a: Rotom|Rotom-Wash, L50|100/100\n|turn|9\n|\n|t:|1776143655\n|move|p2a: Rotom|Will-O-Wisp|p1a: Archaludon\n|-status|p1a: Archaludon|brn\n|move|p1a: Archaludon|Metal Burst||[still]\n|-fail|p1a: Archaludon\n|\n|-weather|Sandstorm|[upkeep]\n|-damage|p2a: Rotom|95/100|[from] Sandstorm\n|-heal|p2a: Rotom|100/100|[from] item: Leftovers\n|-damage|p1a: Archaludon|94/100 brn|[from] brn\n|upkeep\n|turn|10\n|\n|t:|1776143672\n|move|p2a: Rotom|Thunderbolt|p1a: Archaludon\n|-resisted|p1a: Archaludon|1\n|-damage|p1a: Archaludon|73/100 brn\n|move|p1a: Archaludon|Draco Meteor|p2a: Rotom\n|-damage|p2a: Rotom|54/100\n|-unboost|p1a: Archaludon|spa|2\n|\n|-weather|Sandstorm|[upkeep]\n|-damage|p2a: Rotom|48/100|[from] Sandstorm\n|-heal|p2a: Rotom|54/100|[from] item: Leftovers\n|-damage|p1a: Archaludon|66/100 brn|[from] brn\n|upkeep\n|turn|11\n|\n|t:|1776143688\n|move|p2a: Rotom|Hydro Pump|p1a: Archaludon\n|-resisted|p1a: Archaludon|1\n|-damage|p1a: Archaludon|41/100 brn\n|move|p1a: Archaludon|Draco Meteor|p2a: Rotom\n|-damage|p2a: Rotom|20/100\n|-unboost|p1a: Archaludon|spa|2\n|\n|-weather|none\n|-heal|p2a: Rotom|25/100|[from] item: Leftovers\n|-damage|p1a: Archaludon|35/100 brn|[from] brn\n|upkeep\n|turn|12\n|\n|t:|1776143701\n|move|p2a: Rotom|Thunderbolt|p1a: Archaludon\n|-resisted|p1a: Archaludon|1\n|-damage|p1a: Archaludon|12/100 brn\n|move|p1a: Archaludon|Metal Burst|p2a: Rotom\n|-damage|p2a: Rotom|0 fnt\n|faint|p2a: Rotom\n|\n|win|BJZJS\n|raw|BJZJS's rating: 1367 &rarr; <strong>1383</strong><br />(+16 for winning)\n|raw|zaliyeyuan's rating: 1295 &rarr; <strong>1275</strong><br />(-20 for losing)\n|l|\u2606BJZJS\n|player|p1|\n|l|\u2606zaliyeyuan\n|player|p2|\n",
  "uploadtime": 1776143742,
  "views": 17,
  "formatid": "gen9championsbssregma",
  "rating": 1275,
  "private": 0,
  "password": null
}