{
  "id": "gen9championsbssregma-2587919135",
  "format": "[Gen 9 Champions] BSS Reg M-A",
  "players": [
    "EmeralDrake",
    "asasdfaf"
  ],
  "log": "|j|\u2606EmeralDrake\n|j|\u2606asasdfaf\n|t:|1776579034\n|gametype|singles\n|player|p1|EmeralDrake|266|1000\n|player|p2|asasdfaf|265|1036\n|gen|9\n|tier|[Gen 9 Champions] BSS Reg M-A\n|rated|\n|rule|Species Clause: Limit one of each Pok\u00e9mon\n|rule|Item Clause: Limit 1 of each item\n|clearpoke\n|poke|p1|Lopunny, L50, F, shiny|\n|poke|p1|Meganium, L50, F|\n|poke|p1|Incineroar, L50, M|\n|poke|p1|Aerodactyl, L50, F|\n|poke|p1|Farigiraf, L50, F|\n|poke|p1|Archaludon, L50, M|\n|poke|p2|Feraligatr, L50, F|\n|poke|p2|Scizor, L50, F|\n|poke|p2|Aegislash, L50, F|\n|poke|p2|Garchomp, L50, M|\n|poke|p2|Rotom-Heat, L50|\n|poke|p2|Roserade, L50, M|\n|teampreview|3\n|inactive|Battle timer is ON: inactive players will automatically lose when time's up. (requested by EmeralDrake)\n|\n|t:|1776579119\n|teamsize|p1|3\n|teamsize|p2|3\n|start\n|switch|p1a: Meganium|Meganium, L50, F|100/100\n|switch|p2a: Scizor|Scizor, L50, F|100/100\n|turn|1\n|\n|t:|1776579129\n|detailschange|p1a: Meganium|Meganium-Mega, L50, F\n|-mega|p1a: Meganium|Meganium|Meganiumite\n|detailschange|p2a: Scizor|Scizor-Mega, L50, F\n|-mega|p2a: Scizor|Scizor|Scizorite\n|move|p1a: Meganium|Weather Ball|p2a: Scizor\n|-supereffective|p2a: Scizor|2\n|-damage|p2a: Scizor|0 fnt\n|faint|p2a: Scizor\n|\n|upkeep\n|\n|t:|1776579132\n|switch|p2a: Rotom|Rotom-Heat, L50|100/100\n|turn|2\n|\n|t:|1776579141\n|switch|p1a: Aerodactyl|Aerodactyl, L50, F|100/100\n|-ability|p1a: Aerodactyl|Pressure\n|move|p2a: Rotom|Overheat|p1a: Aerodactyl\n|-resisted|p1a: Aerodactyl|1\n|-damage|p1a: Aerodactyl|62/100\n|-unboost|p2a: Rotom|spa|2\n|\n|upkeep\n|turn|3\n|\n|t:|1776579152\n|switch|p2a: Aegislash|Aegislash, L50, F|100/100\n|move|p1a: Aerodactyl|Rock Slide|p2a: Aegislash\n|-resisted|p2a: Aegislash|1\n|-damage|p2a: Aegislash|86/100\n|\n|-heal|p2a: Aegislash|92/100|[from] item: Leftovers\n|upkeep\n|turn|4\n|\n|t:|1776579161\n|move|p1a: Aerodactyl|Tailwind|p1a: Aerodactyl\n|-sidestart|p1: EmeralDrake|move: Tailwind\n|-formechange|p2a: Aegislash|Aegislash-Blade|\n|move|p2a: Aegislash|Shadow Ball|p1a: Aerodactyl\n|-damage|p1a: Aerodactyl|0 fnt\n|faint|p1a: Aerodactyl\n|\n|-heal|p2a: Aegislash|98/100|[from] item: Leftovers\n|upkeep\n|\n|t:|1776579169\n|switch|p1a: Meganium|Meganium-Mega, L50, F|100/100\n|turn|5\n|\n|t:|1776579172\n|-formechange|p2a: Aegislash|Aegislash|\n|move|p2a: Aegislash|King's Shield|p2a: Aegislash\n|-singleturn|p2a: Aegislash|Protect\n|move|p1a: Meganium|Weather Ball|p2a: Aegislash\n|-activate|p2a: Aegislash|move: Protect\n|\n|-heal|p2a: Aegislash|100/100|[from] item: Leftovers\n|upkeep\n|turn|6\n|\n|t:|1776579177\n|switch|p2a: Rotom|Rotom-Heat, L50|100/100\n|move|p1a: Meganium|Weather Ball|p2a: Rotom\n|-resisted|p2a: Rotom|1\n|-damage|p2a: Rotom|61/100\n|\n|upkeep\n|turn|7\n|-message|EmeralDrake forfeited.\n|\n|win|asasdfaf\n|raw|EmeralDrake's rating: 1000 &rarr; <strong>1000</strong><br />(+0 for losing)\n|raw|asasdfaf's rating: 1036 &rarr; <strong>1067</strong><br />(+31 for winning)\n|l|\u2606EmeralDrake\n|player|p1|\n",
  "uploadtime": 1776579191,
  "views": 1,
  "formatid": "gen9championsbssregma",
  "rating": 1000,
  "private": 0,
  "password": null
}