{
  "id": "gen9championsbssregma-2585145205",
  "format": "[Gen 9 Champions] BSS Reg M-A",
  "players": [
    "yoyotaka",
    "chessboxer316"
  ],
  "log": "|j|\u203dyoyotaka\n|j|\u2606chessboxer316\n|t:|1776317282\n|gametype|singles\n|player|p1|yoyotaka|265|1408\n|player|p2|chessboxer316|hilbert|1381\n|gen|9\n|tier|[Gen 9 Champions] BSS Reg M-A\n|rated|\n|rule|Species Clause: Limit one of each Pok\u00e9mon\n|rule|Item Clause: Limit 1 of each item\n|clearpoke\n|poke|p1|Dragonite, L50, F|\n|poke|p1|Hippowdon, L50, F|\n|poke|p1|Primarina, L50, M|\n|poke|p1|Kangaskhan, L50, F|\n|poke|p1|Meowscarada, L50, M|\n|poke|p1|Aegislash, L50, M|\n|poke|p2|Gyarados, L50, M|\n|poke|p2|Primarina, L50, M|\n|poke|p2|Venusaur, L50, F|\n|poke|p2|Garchomp, L50, F|\n|poke|p2|Aegislash, L50, M|\n|poke|p2|Incineroar, L50, M|\n|teampreview|3\n|inactive|Battle timer is ON: inactive players will automatically lose when time's up. (requested by chessboxer316)\n|inactive|yoyotaka has 60 seconds left.\n|inactive|yoyotaka has 30 seconds left.\n|inactive|yoyotaka has 20 seconds left.\n|inactive|yoyotaka has 15 seconds left.\n|\n|t:|1776317359\n|teamsize|p1|3\n|teamsize|p2|3\n|start\n|switch|p1a: Dragonite|Dragonite, L50, F|100/100\n|switch|p2a: Gyarados|Gyarados, L50, M|100/100\n|-ability|p2a: Gyarados|Intimidate|boost\n|-unboost|p1a: Dragonite|atk|1\n|turn|1\n|\n|t:|1776317378\n|switch|p2a: Garchomp|Garchomp, L50, F|100/100\n|detailschange|p1a: Dragonite|Dragonite-Mega, L50, F\n|-mega|p1a: Dragonite|Dragonite|Dragoninite\n|move|p1a: Dragonite|Thunderbolt|p2a: Garchomp\n|-immune|p2a: Garchomp\n|\n|upkeep\n|turn|2\n|\n|t:|1776317389\n|move|p2a: Garchomp|Scale Shot|p1a: Dragonite\n|-supereffective|p1a: Dragonite|1\n|-damage|p1a: Dragonite|89/100\n|-supereffective|p1a: Dragonite|1\n|-damage|p1a: Dragonite|66/100\n|-supereffective|p1a: Dragonite|1\n|-damage|p1a: Dragonite|43/100\n|-supereffective|p1a: Dragonite|1\n|-damage|p1a: Dragonite|23/100\n|-hitcount|p1a: Dragonite|4\n|-unboost|p2a: Garchomp|def|1\n|-boost|p2a: Garchomp|spe|1\n|move|p1a: Dragonite|Draco Meteor|p2a: Garchomp\n|-supereffective|p2a: Garchomp|1\n|-enditem|p2a: Garchomp|Focus Sash\n|-damage|p2a: Garchomp|1/100\n|-unboost|p1a: Dragonite|spa|2\n|\n|upkeep\n|turn|3\n|\n|t:|1776317406\n|move|p1a: Dragonite|Extreme Speed|p2a: Garchomp\n|-damage|p2a: Garchomp|0 fnt\n|-damage|p1a: Dragonite|10/100|[from] ability: Rough Skin|[of] p2a: Garchomp\n|faint|p2a: Garchomp\n|\n|upkeep\n|\n|t:|1776317416\n|switch|p2a: Gyarados|Gyarados, L50, M|100/100\n|-ability|p2a: Gyarados|Intimidate|boost\n|-unboost|p1a: Dragonite|atk|1\n|turn|4\n|\n|t:|1776317425\n|detailschange|p2a: Gyarados|Gyarados-Mega, L50, M\n|-mega|p2a: Gyarados|Gyarados|Gyaradosite\n|-ability|p2a: Gyarados|Mold Breaker\n|move|p1a: Dragonite|Thunderbolt|p2a: Gyarados\n|-supereffective|p2a: Gyarados|1\n|-damage|p2a: Gyarados|73/100\n|move|p2a: Gyarados|Dragon Dance|p2a: Gyarados\n|-boost|p2a: Gyarados|atk|1\n|-boost|p2a: Gyarados|spe|1\n|\n|upkeep\n|turn|5\n|\n|t:|1776317436\n|move|p2a: Gyarados|Dragon Dance|p2a: Gyarados\n|-boost|p2a: Gyarados|atk|1\n|-boost|p2a: Gyarados|spe|1\n|move|p1a: Dragonite|Thunderbolt|p2a: Gyarados\n|-supereffective|p2a: Gyarados|1\n|-damage|p2a: Gyarados|44/100\n|\n|upkeep\n|turn|6\n|\n|t:|1776317444\n|move|p1a: Dragonite|Extreme Speed|p2a: Gyarados\n|-damage|p2a: Gyarados|36/100\n|move|p2a: Gyarados|Waterfall|p1a: Dragonite\n|-resisted|p1a: Dragonite|1\n|-damage|p1a: Dragonite|0 fnt\n|faint|p1a: Dragonite\n|\n|upkeep\n|\n|t:|1776317453\n|switch|p1a: Meowscarada|Meowscarada, L50, M|100/100\n|turn|7\n|\n|t:|1776317457\n|move|p1a: Meowscarada|U-turn|p2a: Gyarados\n|-start|p1a: Meowscarada|typechange|Bug|[from] ability: Protean\n|-supereffective|p2a: Gyarados|1\n|-damage|p2a: Gyarados|0 fnt\n|faint|p2a: Gyarados\n|\n|t:|1776317463\n|switch|p1a: Hippowdon|Hippowdon, L50, F|100/100|[from] U-turn\n|-weather|Sandstorm|[from] ability: Sand Stream|[of] p1a: Hippowdon\n|\n|-weather|Sandstorm|[upkeep]\n|upkeep\n|-message|chessboxer316 forfeited.\n|\n|win|yoyotaka\n|raw|yoyotaka's rating: 1408 &rarr; <strong>1426</strong><br />(+18 for winning)\n|raw|chessboxer316's rating: 1381 &rarr; <strong>1363</strong><br />(-18 for losing)\n|l|\u2606chessboxer316\n|player|p2|\n",
  "uploadtime": 1776317538,
  "views": 6,
  "formatid": "gen9championsbssregma",
  "rating": 1363,
  "private": 0,
  "password": null
}