{
  "id": "gen9championsbssregma-2588286696",
  "format": "[Gen 9 Champions] BSS Reg M-A",
  "players": [
    "adfsdfsdfsdaf",
    "Loutre du Dzrt"
  ],
  "log": "|j|\u2606adfsdfsdfsdaf\n|j|\u203dLoutre du Dzrt\n|t:|1776621101\n|gametype|singles\n|player|p1|adfsdfsdfsdaf|2|1309\n|player|p2|Loutre du Dzrt|artist|1391\n|gen|9\n|tier|[Gen 9 Champions] BSS Reg M-A\n|rated|\n|rule|Species Clause: Limit one of each Pok\u00e9mon\n|rule|Item Clause: Limit 1 of each item\n|clearpoke\n|poke|p1|Venusaur, L50, M|\n|poke|p1|Clefable, L50, F|\n|poke|p1|Hippowdon, L50, M|\n|poke|p1|Dragonite, L50, M|\n|poke|p1|Aegislash, L50, F|\n|poke|p1|Infernape, L50, M|\n|poke|p2|Garchomp, L50, F|\n|poke|p2|Aegislash, L50, M|\n|poke|p2|Meganium, L50, F|\n|poke|p2|Dragonite, L50, F, shiny|\n|poke|p2|Lopunny, L50, F, shiny|\n|poke|p2|Kleavor, L50, M|\n|teampreview|3\n|inactive|Battle timer is ON: inactive players will automatically lose when time's up. (requested by Loutre du Dzrt)\n|\n|t:|1776621128\n|teamsize|p1|3\n|teamsize|p2|3\n|start\n|switch|p1a: Aegislash|Aegislash, L50, F|100/100\n|switch|p2a: Kleavor|Kleavor, L50, M|100/100\n|turn|1\n|\n|t:|1776621135\n|move|p2a: Kleavor|Stone Axe|p1a: Aegislash\n|-resisted|p1a: Aegislash|1\n|-damage|p1a: Aegislash|78/100\n|-sidestart|p1: adfsdfsdfsdaf|move: Stealth Rock\n|-formechange|p1a: Aegislash|Aegislash-Blade|\n|move|p1a: Aegislash|Flash Cannon|p2a: Kleavor\n|-supereffective|p2a: Kleavor|1\n|-enditem|p2a: Kleavor|Focus Sash\n|-damage|p2a: Kleavor|1/100\n|\n|upkeep\n|turn|2\n|j| KRIS_RISK_305\n|\n|t:|1776621147\n|move|p1a: Aegislash|Shadow Sneak|p2a: Kleavor\n|-damage|p2a: Kleavor|0 fnt\n|faint|p2a: Kleavor\n|\n|upkeep\n|\n|t:|1776621158\n|switch|p2a: Garchomp|Garchomp, L50, F|100/100\n|turn|3\n|\n|t:|1776621163\n|switch|p1a: Hippowdon|Hippowdon, L50, M|100/100\n|-damage|p1a: Hippowdon|94/100|[from] Stealth Rock\n|-weather|Sandstorm|[from] ability: Sand Stream|[of] p1a: Hippowdon\n|move|p2a: Garchomp|Earthquake|p1a: Hippowdon\n|-crit|p1a: Hippowdon\n|-damage|p1a: Hippowdon|40/100\n|\n|-weather|Sandstorm|[upkeep]\n|upkeep\n|turn|4\n|\n|t:|1776621170\n|switch|p2a: Meganium|Meganium, L50, F|100/100\n|move|p1a: Hippowdon|Slack Off|p1a: Hippowdon\n|-heal|p1a: Hippowdon|90/100\n|\n|-weather|Sandstorm|[upkeep]\n|-damage|p2a: Meganium|94/100|[from] Sandstorm\n|upkeep\n|turn|5\n|\n|t:|1776621180\n|switch|p1a: Aegislash|Aegislash, L50, F|78/100\n|-damage|p1a: Aegislash|72/100|[from] Stealth Rock\n|detailschange|p2a: Meganium|Meganium-Mega, L50, F\n|-mega|p2a: Meganium|Meganium|Meganiumite\n|move|p2a: Meganium|Solar Beam||[still]\n|-prepare|p2a: Meganium|Solar Beam\n|-activate|p2a: Meganium|ability: Mega Sol\n|-anim|p2a: Meganium|Solar Beam|p1a: Aegislash\n|-resisted|p1a: Aegislash|1\n|-damage|p1a: Aegislash|41/100\n|\n|-weather|Sandstorm|[upkeep]\n|-damage|p2a: Meganium|88/100|[from] Sandstorm\n|upkeep\n|turn|6\n|\n|t:|1776621197\n|switch|p2a: Garchomp|Garchomp, L50, F|100/100\n|-formechange|p1a: Aegislash|Aegislash-Blade|\n|move|p1a: Aegislash|Flash Cannon|p2a: Garchomp\n|-damage|p2a: Garchomp|46/100\n|\n|-weather|Sandstorm|[upkeep]\n|upkeep\n|turn|7\n|\n|t:|1776621204\n|move|p2a: Garchomp|Earthquake|p1a: Aegislash\n|-supereffective|p1a: Aegislash|1\n|-damage|p1a: Aegislash|0 fnt\n|faint|p1a: Aegislash\n|\n|-weather|none\n|upkeep\n|\n|t:|1776621208\n|switch|p1a: Hippowdon|Hippowdon, L50, M|90/100\n|-damage|p1a: Hippowdon|84/100|[from] Stealth Rock\n|-weather|Sandstorm|[from] ability: Sand Stream|[of] p1a: Hippowdon\n|turn|8\n|l| KRIS_RISK_305\n|\n|t:|1776621213\n|switch|p2a: Meganium|Meganium-Mega, L50, F|88/100\n|move|p1a: Hippowdon|Yawn|p2a: Meganium\n|-start|p2a: Meganium|move: Yawn|[of] p1a: Hippowdon\n|\n|-weather|Sandstorm|[upkeep]\n|-damage|p2a: Meganium|82/100|[from] Sandstorm\n|upkeep\n|turn|9\n|\n|t:|1776621224\n|switch|p2a: Garchomp|Garchomp, L50, F|46/100\n|move|p1a: Hippowdon|Stealth Rock|p2a: Garchomp\n|-sidestart|p2: Loutre du Dzrt|move: Stealth Rock\n|\n|-weather|Sandstorm|[upkeep]\n|upkeep\n|turn|10\n|\n|t:|1776621232\n|move|p2a: Garchomp|Earthquake|p1a: Hippowdon\n|-damage|p1a: Hippowdon|47/100\n|move|p1a: Hippowdon|Yawn|p2a: Garchomp\n|-start|p2a: Garchomp|move: Yawn|[of] p1a: Hippowdon\n|\n|-weather|Sandstorm|[upkeep]\n|upkeep\n|turn|11\n|\n|t:|1776621239\n|switch|p2a: Meganium|Meganium-Mega, L50, F|82/100\n|-damage|p2a: Meganium|70/100|[from] Stealth Rock\n|move|p1a: Hippowdon|Yawn|p2a: Meganium\n|-start|p2a: Meganium|move: Yawn|[of] p1a: Hippowdon\n|\n|-weather|Sandstorm|[upkeep]\n|-damage|p2a: Meganium|64/100|[from] Sandstorm\n|upkeep\n|turn|12\n|j| KRIS_RISK_305\n|\n|t:|1776621245\n|move|p2a: Meganium|Solar Beam||[still]\n|-prepare|p2a: Meganium|Solar Beam\n|-activate|p2a: Meganium|ability: Mega Sol\n|-anim|p2a: Meganium|Solar Beam|p1a: Hippowdon\n|-supereffective|p1a: Hippowdon|1\n|-damage|p1a: Hippowdon|0 fnt\n|faint|p1a: Hippowdon\n|\n|-weather|none\n|-end|p2a: Meganium|move: Yawn|[silent]\n|-status|p2a: Meganium|slp\n|upkeep\n|\n|t:|1776621248\n|switch|p1a: Venusaur|Venusaur, L50, M|100/100\n|-damage|p1a: Venusaur|88/100|[from] Stealth Rock\n|turn|13\n|l| KRIS_RISK_305\n|\n|t:|1776621252\n|detailschange|p1a: Venusaur|Venusaur-Mega, L50, M\n|-mega|p1a: Venusaur|Venusaur|Venusaurite\n|cant|p2a: Meganium|slp\n|move|p1a: Venusaur|Sludge Wave|p2a: Meganium\n|-supereffective|p2a: Meganium|2\n|-crit|p2a: Meganium\n|-damage|p2a: Meganium|0 fnt\n|faint|p2a: Meganium\n|\n|upkeep\n|\n|t:|1776621256\n|switch|p2a: Garchomp|Garchomp, L50, F|46/100\n|-damage|p2a: Garchomp|40/100|[from] Stealth Rock\n|turn|14\n|j| solooooooooooor\n|\n|t:|1776621264\n|move|p2a: Garchomp|Outrage|p1a: Venusaur\n|-damage|p1a: Venusaur|40/100\n|move|p1a: Venusaur|Giga Drain|p2a: Garchomp\n|-damage|p2a: Garchomp|4/100\n|-heal|p1a: Venusaur|57/100|[from] drain|[of] p2a: Garchomp\n|\n|upkeep\n|turn|15\n|\n|t:|1776621269\n|move|p2a: Garchomp|Outrage|p1a: Venusaur|[from] lockedmove\n|-damage|p1a: Venusaur|9/100\n|move|p1a: Venusaur|Giga Drain|p2a: Garchomp\n|-damage|p2a: Garchomp|0 fnt\n|-heal|p1a: Venusaur|11/100|[from] drain|[of] p2a: Garchomp\n|faint|p2a: Garchomp\n|\n|win|adfsdfsdfsdaf\n|raw|adfsdfsdfsdaf's rating: 1309 &rarr; <strong>1334</strong><br />(+25 for winning)\n|raw|Loutre du Dzrt's rating: 1391 &rarr; <strong>1366</strong><br />(-25 for losing)\n",
  "uploadtime": 1776621272,
  "views": 1,
  "formatid": "gen9championsbssregma",
  "rating": 1334,
  "private": 0,
  "password": null
}