{
  "id": "gen9championsbssregma-2583328362",
  "format": "[Gen 9 Champions] BSS Reg M-A",
  "players": [
    "AC180",
    "OOSIKO"
  ],
  "log": "|j|\u203dAC180\n|j|\u2606OOSIKO\n|t:|1776167321\n|gametype|singles\n|player|p1|AC180|102|1367\n|player|p2|OOSIKO|elesa|1271\n|gen|9\n|tier|[Gen 9 Champions] BSS Reg M-A\n|rated|\n|rule|Species Clause: Limit one of each Pok\u00e9mon\n|rule|Item Clause: Limit 1 of each item\n|clearpoke\n|poke|p1|Garchomp, L50, F|\n|poke|p1|Umbreon, L50, M|\n|poke|p1|Gengar, L50, F|\n|poke|p1|Archaludon, L50, M|\n|poke|p1|Primarina, L50, M|\n|poke|p1|Scizor, L50, M|\n|poke|p2|Tyranitar, L50, F|\n|poke|p2|Corviknight, L50, F|\n|poke|p2|Emboar, L50, M|\n|poke|p2|Rotom-Wash, L50|\n|poke|p2|Sinistcha-Masterpiece, L50|\n|poke|p2|Garchomp, L50, M|\n|teampreview|3\n|inactive|Battle timer is ON: inactive players will automatically lose when time's up. (requested by OOSIKO)\n|\n|t:|1776167374\n|teamsize|p1|3\n|teamsize|p2|3\n|start\n|switch|p1a: Garchomp|Garchomp, L50, F|100/100\n|switch|p2a: Emboar|Emboar, L50, M|100/100\n|turn|1\n|\n|t:|1776167379\n|switch|p2a: Corviknight|Corviknight, L50, F|100/100\n|-ability|p2a: Corviknight|Pressure\n|move|p1a: Garchomp|Stealth Rock|p2a: Corviknight\n|-sidestart|p2: OOSIKO|move: Stealth Rock\n|\n|upkeep\n|turn|2\n|\n|t:|1776167386\n|move|p1a: Garchomp|Rock Tomb|p2a: Corviknight\n|-damage|p2a: Corviknight|88/100\n|-unboost|p2a: Corviknight|spe|1\n|move|p2a: Corviknight|Body Press|p1a: Garchomp\n|-damage|p1a: Garchomp|76/100\n|-damage|p2a: Corviknight|76/100|[from] ability: Rough Skin|[of] p1a: Garchomp\n|\n|-heal|p2a: Corviknight|82/100|[from] item: Leftovers\n|upkeep\n|turn|3\n|\n|t:|1776167400\n|switch|p1a: Primarina|Primarina, L50, M|100/100\n|move|p2a: Corviknight|Body Press|p1a: Primarina\n|-resisted|p1a: Primarina|1\n|-damage|p1a: Primarina|85/100\n|\n|-heal|p2a: Corviknight|88/100|[from] item: Leftovers\n|upkeep\n|turn|4\n|\n|t:|1776167409\n|move|p1a: Primarina|Encore|p2a: Corviknight\n|-start|p2a: Corviknight|Encore\n|move|p2a: Corviknight|Body Press|p1a: Primarina\n|-resisted|p1a: Primarina|1\n|-damage|p1a: Primarina|71/100\n|\n|-heal|p2a: Corviknight|94/100|[from] item: Leftovers\n|upkeep\n|turn|5\n|\n|t:|1776167416\n|switch|p2a: Sinistcha|Sinistcha-Masterpiece, L50|100/100\n|-damage|p2a: Sinistcha|88/100|[from] Stealth Rock\n|move|p1a: Primarina|Sparkling Aria|p2a: Sinistcha\n|-resisted|p2a: Sinistcha|1\n|-damage|p2a: Sinistcha|71/100\n|\n|upkeep\n|turn|6\n|\n|t:|1776167431\n|switch|p1a: Garchomp|Garchomp, L50, F|76/100\n|move|p2a: Sinistcha|Calm Mind|p2a: Sinistcha\n|-boost|p2a: Sinistcha|spa|1\n|-boost|p2a: Sinistcha|spd|1\n|\n|upkeep\n|turn|7\n|\n|t:|1776167449\n|move|p1a: Garchomp|Rock Tomb|p2a: Sinistcha\n|-damage|p2a: Sinistcha|54/100\n|-unboost|p2a: Sinistcha|spe|1\n|move|p2a: Sinistcha|Strength Sap|p1a: Garchomp\n|-unboost|p1a: Garchomp|atk|1\n|-heal|p2a: Sinistcha|100/100\n|\n|upkeep\n|turn|8\n|\n|t:|1776167460\n|switch|p1a: Primarina|Primarina, L50, M|71/100\n|move|p2a: Sinistcha|Matcha Gotcha|p1a: Primarina\n|-supereffective|p1a: Primarina|1\n|-damage|p1a: Primarina|2/100\n|\n|upkeep\n|turn|9\n|\n|t:|1776167468\n|move|p1a: Primarina|Encore|p2a: Sinistcha\n|-start|p2a: Sinistcha|Encore\n|move|p2a: Sinistcha|Matcha Gotcha|p1a: Primarina\n|-supereffective|p1a: Primarina|1\n|-damage|p1a: Primarina|0 fnt\n|faint|p1a: Primarina\n|\n|upkeep\n|\n|t:|1776167475\n|switch|p1a: Scizor|Scizor, L50, M|100/100\n|turn|10\n|\n|t:|1776167479\n|switch|p2a: Emboar|Emboar, L50, M|100/100\n|-damage|p2a: Emboar|88/100|[from] Stealth Rock\n|detailschange|p1a: Scizor|Scizor-Mega, L50, M\n|-mega|p1a: Scizor|Scizor|Scizorite\n|move|p1a: Scizor|Swords Dance|p1a: Scizor\n|-boost|p1a: Scizor|atk|2\n|\n|upkeep\n|turn|11\n|\n|t:|1776167493\n|detailschange|p2a: Emboar|Emboar-Mega, L50, M\n|-mega|p2a: Emboar|Emboar|Emboarite\n|-ability|p2a: Emboar|Mold Breaker\n|move|p1a: Scizor|Dual Wingbeat|p2a: Emboar\n|-supereffective|p2a: Emboar|1\n|-crit|p2a: Emboar\n|-damage|p2a: Emboar|0 fnt\n|faint|p2a: Emboar\n|-hitcount|p2: Emboar|1\n|\n|upkeep\n|\n|t:|1776167499\n|switch|p2a: Corviknight|Corviknight, L50, F|94/100\n|-damage|p2a: Corviknight|81/100|[from] Stealth Rock\n|-ability|p2a: Corviknight|Pressure\n|turn|12\n|\n|t:|1776167513\n|move|p1a: Scizor|U-turn|p2a: Corviknight\n|-resisted|p2a: Corviknight|2\n|-damage|p2a: Corviknight|69/100\n|\n|t:|1776167516\n|switch|p1a: Garchomp|Garchomp, L50, F|76/100|[from] U-turn\n|move|p2a: Corviknight|Body Press|p1a: Garchomp\n|-damage|p1a: Garchomp|48/100\n|-damage|p2a: Corviknight|57/100|[from] ability: Rough Skin|[of] p1a: Garchomp\n|\n|-heal|p2a: Corviknight|62/100|[from] item: Leftovers\n|upkeep\n|turn|13\n|j| p74\n|\n|t:|1776167530\n|move|p1a: Garchomp|Outrage|p2a: Corviknight\n|-resisted|p2a: Corviknight|1\n|-damage|p2a: Corviknight|44/100\n|move|p2a: Corviknight|Roost|p2a: Corviknight\n|-heal|p2a: Corviknight|95/100\n|-singleturn|p2a: Corviknight|move: Roost\n|\n|-heal|p2a: Corviknight|100/100|[from] item: Leftovers\n|upkeep\n|turn|14\n|\n|t:|1776167539\n|move|p1a: Garchomp|Outrage|p2a: Corviknight|[from] lockedmove\n|-resisted|p2a: Corviknight|1\n|-damage|p2a: Corviknight|83/100\n|move|p2a: Corviknight|Body Press|p1a: Garchomp\n|-damage|p1a: Garchomp|22/100\n|-damage|p2a: Corviknight|71/100|[from] ability: Rough Skin|[of] p1a: Garchomp\n|\n|-heal|p2a: Corviknight|77/100|[from] item: Leftovers\n|upkeep\n|turn|15\n|\n|t:|1776167551\n|move|p1a: Garchomp|Outrage|p2a: Corviknight|[from] lockedmove\n|-resisted|p2a: Corviknight|1\n|-damage|p2a: Corviknight|57/100\n|-start|p1a: Garchomp|confusion|[fatigue]\n|move|p2a: Corviknight|Roost|p2a: Corviknight\n|-heal|p2a: Corviknight|100/100\n|-singleturn|p2a: Corviknight|move: Roost\n|\n|upkeep\n|turn|16\n|\n|t:|1776167565\n|-activate|p1a: Garchomp|confusion\n|-damage|p1a: Garchomp|8/100|[from] confusion\n|move|p2a: Corviknight|Body Press|p1a: Garchomp\n|-damage|p1a: Garchomp|0 fnt\n|-damage|p2a: Corviknight|88/100|[from] ability: Rough Skin|[of] p1a: Garchomp\n|faint|p1a: Garchomp\n|\n|-heal|p2a: Corviknight|94/100|[from] item: Leftovers\n|upkeep\n|\n|t:|1776167573\n|switch|p1a: Scizor|Scizor-Mega, L50, M|100/100\n|turn|17\n|\n|t:|1776167576\n|move|p1a: Scizor|Swords Dance|p1a: Scizor\n|-boost|p1a: Scizor|atk|2\n|move|p2a: Corviknight|Taunt|p1a: Scizor\n|-start|p1a: Scizor|move: Taunt\n|\n|-heal|p2a: Corviknight|99/100|[from] item: Leftovers\n|upkeep\n|turn|18\n|\n|t:|1776167588\n|move|p1a: Scizor|Dual Wingbeat|p2a: Corviknight\n|-resisted|p2a: Corviknight|1\n|-damage|p2a: Corviknight|84/100\n|-resisted|p2a: Corviknight|1\n|-damage|p2a: Corviknight|68/100\n|-hitcount|p2a: Corviknight|2\n|move|p2a: Corviknight|Body Press|p1a: Scizor\n|-damage|p1a: Scizor|78/100\n|\n|-heal|p2a: Corviknight|74/100|[from] item: Leftovers\n|upkeep\n|turn|19\n|\n|t:|1776167597\n|move|p1a: Scizor|Dual Wingbeat|p2a: Corviknight\n|-resisted|p2a: Corviknight|1\n|-damage|p2a: Corviknight|60/100\n|-resisted|p2a: Corviknight|1\n|-damage|p2a: Corviknight|43/100\n|-hitcount|p2a: Corviknight|2\n|move|p2a: Corviknight|Body Press|p1a: Scizor\n|-damage|p1a: Scizor|56/100\n|\n|-heal|p2a: Corviknight|49/100|[from] item: Leftovers\n|upkeep\n|turn|20\n|\n|t:|1776167608\n|move|p1a: Scizor|Dual Wingbeat|p2a: Corviknight\n|-resisted|p2a: Corviknight|1\n|-damage|p2a: Corviknight|32/100\n|-resisted|p2a: Corviknight|1\n|-damage|p2a: Corviknight|15/100\n|-hitcount|p2a: Corviknight|2\n|move|p2a: Corviknight|Roost|p2a: Corviknight\n|-heal|p2a: Corviknight|65/100\n|-singleturn|p2a: Corviknight|move: Roost\n|\n|-heal|p2a: Corviknight|71/100|[from] item: Leftovers\n|-end|p1a: Scizor|move: Taunt\n|upkeep\n|turn|21\n|\n|t:|1776167619\n|move|p1a: Scizor|Swords Dance|p1a: Scizor\n|-boost|p1a: Scizor|atk|2\n|move|p2a: Corviknight|Taunt|p1a: Scizor\n|-start|p1a: Scizor|move: Taunt\n|\n|-heal|p2a: Corviknight|77/100|[from] item: Leftovers\n|upkeep\n|turn|22\n|\n|t:|1776167626\n|move|p1a: Scizor|Dual Wingbeat|p2a: Corviknight\n|-resisted|p2a: Corviknight|1\n|-damage|p2a: Corviknight|53/100\n|-resisted|p2a: Corviknight|1\n|-damage|p2a: Corviknight|30/100\n|-hitcount|p2a: Corviknight|2\n|move|p2a: Corviknight|Roost|p2a: Corviknight\n|-heal|p2a: Corviknight|80/100\n|-singleturn|p2a: Corviknight|move: Roost\n|\n|-heal|p2a: Corviknight|86/100|[from] item: Leftovers\n|upkeep\n|turn|23\n|\n|t:|1776167642\n|move|p1a: Scizor|Dual Wingbeat|p2a: Corviknight\n|-resisted|p2a: Corviknight|1\n|-damage|p2a: Corviknight|64/100\n|-resisted|p2a: Corviknight|1\n|-damage|p2a: Corviknight|40/100\n|-hitcount|p2a: Corviknight|2\n|move|p2a: Corviknight|Roost|p2a: Corviknight\n|-heal|p2a: Corviknight|91/100\n|-singleturn|p2a: Corviknight|move: Roost\n|\n|-heal|p2a: Corviknight|97/100|[from] item: Leftovers\n|upkeep\n|turn|24\n|\n|t:|1776167654\n|move|p1a: Scizor|Bullet Punch|p2a: Corviknight\n|-resisted|p2a: Corviknight|1\n|-damage|p2a: Corviknight|63/100\n|move|p2a: Corviknight|Roost|p2a: Corviknight\n|-heal|p2a: Corviknight|100/100\n|-singleturn|p2a: Corviknight|move: Roost\n|\n|-end|p1a: Scizor|move: Taunt\n|upkeep\n|turn|25\n|\n|t:|1776167663\n|move|p1a: Scizor|Swords Dance|p1a: Scizor\n|-boost|p1a: Scizor|atk|2\n|move|p2a: Corviknight|Taunt|p1a: Scizor\n|-start|p1a: Scizor|move: Taunt\n|\n|upkeep\n|turn|26\n|\n|t:|1776167669\n|move|p1a: Scizor|Bullet Punch|p2a: Corviknight\n|-resisted|p2a: Corviknight|1\n|-damage|p2a: Corviknight|57/100\n|move|p2a: Corviknight|Body Press|p1a: Scizor\n|-damage|p1a: Scizor|34/100\n|\n|-heal|p2a: Corviknight|62/100|[from] item: Leftovers\n|upkeep\n|turn|27\n|\n|t:|1776167682\n|move|p1a: Scizor|Dual Wingbeat|p2a: Corviknight\n|-resisted|p2a: Corviknight|1\n|-damage|p2a: Corviknight|33/100\n|-resisted|p2a: Corviknight|1\n|-damage|p2a: Corviknight|3/100\n|-hitcount|p2a: Corviknight|2\n|move|p2a: Corviknight|Body Press|p1a: Scizor\n|-damage|p1a: Scizor|11/100\n|\n|-heal|p2a: Corviknight|9/100|[from] item: Leftovers\n|upkeep\n|turn|28\n|\n|t:|1776167692\n|move|p1a: Scizor|Bullet Punch|p2a: Corviknight\n|-resisted|p2a: Corviknight|1\n|-damage|p2a: Corviknight|0 fnt\n|faint|p2a: Corviknight\n|\n|-end|p1a: Scizor|move: Taunt\n|upkeep\n|\n|t:|1776167695\n|switch|p2a: Sinistcha|Sinistcha-Masterpiece, L50|100/100\n|-damage|p2a: Sinistcha|88/100|[from] Stealth Rock\n|turn|29\n|inactive|AC180 has 30 seconds left.\n|l|\u203dAC180\n|inactive|AC180 disconnected and has a minute to reconnect!\n|player|p1|\n|inactive|AC180 has 20 seconds left.\n|inactive|AC180 has 15 seconds left.\n|inactive|AC180 has 10 seconds left.\n|inactive|AC180 has 5 seconds left.\n|-message|AC180 lost due to inactivity.\n|\n|win|OOSIKO\n|raw|AC180's rating: 1367 &rarr; <strong>1342</strong><br />(-25 for losing)\n|raw|OOSIKO's rating: 1271 &rarr; <strong>1303</strong><br />(+32 for winning)\n|l|\u2606OOSIKO\n|player|p2|\n",
  "uploadtime": 1776167857,
  "views": 7,
  "formatid": "gen9championsbssregma",
  "rating": 1303,
  "private": 0,
  "password": null
}