{
  "id": "gen9championsbssregma-2583102844",
  "format": "[Gen 9 Champions] BSS Reg M-A",
  "players": [
    "Mitarashi",
    "misakamikoto 9982"
  ],
  "log": "|j|\u2606Mitarashi\n|j|\u2606misakamikoto 9982\n|t:|1776142296\n|gametype|singles\n|player|p1|Mitarashi|265|1244\n|player|p2|misakamikoto 9982|dawn|1311\n|gen|9\n|tier|[Gen 9 Champions] BSS Reg M-A\n|rated|\n|rule|Species Clause: Limit one of each Pok\u00e9mon\n|rule|Item Clause: Limit 1 of each item\n|clearpoke\n|poke|p1|Tyranitar, L50, F|\n|poke|p1|Corviknight, L50, F|\n|poke|p1|Toxapex, L50, F|\n|poke|p2|Pelipper, L50, F|\n|poke|p2|Archaludon, L50, M|\n|poke|p2|Garchomp, L50, M|\n|poke|p2|Basculegion, L50, M|\n|poke|p2|Meganium, L50, F|\n|poke|p2|Sneasler, L50, M|\n|teampreview|3\n|inactive|Battle timer is ON: inactive players will automatically lose when time's up. (requested by misakamikoto 9982)\n|\n|t:|1776142314\n|teamsize|p1|3\n|teamsize|p2|3\n|start\n|switch|p1a: Corviknight|Corviknight, L50, F, shiny|100/100\n|switch|p2a: Meganium|Meganium, L50, F, shiny|100/100\n|turn|1\n|\n|t:|1776142323\n|switch|p1a: Toxapex|Toxapex, L50, F|100/100\n|detailschange|p2a: Meganium|Meganium-Mega, L50, F, shiny\n|-mega|p2a: Meganium|Meganium|Meganiumite\n|move|p2a: Meganium|Weather Ball|p1a: Toxapex\n|-resisted|p1a: Toxapex|1\n|-damage|p1a: Toxapex|83/100\n|\n|-heal|p1a: Toxapex|89/100|[from] item: Leftovers\n|upkeep\n|turn|2\n|\n|t:|1776142334\n|switch|p2a: Archaludon|Archaludon, L50, M|100/100\n|move|p1a: Toxapex|Toxic|p2a: Archaludon\n|-immune|p2a: Archaludon\n|\n|-heal|p1a: Toxapex|95/100|[from] item: Leftovers\n|upkeep\n|turn|3\n|j| p74\n|\n|t:|1776142344\n|switch|p2a: Pelipper|Pelipper, L50, F|100/100\n|-weather|RainDance|[from] ability: Drizzle|[of] p2a: Pelipper\n|switch|p1a: Tyranitar|Tyranitar, L50, F, shiny|100/100\n|-weather|Sandstorm|[from] ability: Sand Stream|[of] p1a: Tyranitar\n|\n|-weather|Sandstorm|[upkeep]\n|-damage|p2a: Pelipper|95/100|[from] Sandstorm\n|upkeep\n|turn|4\n|\n|t:|1776142358\n|switch|p2a: Archaludon|Archaludon, L50, M|100/100\n|detailschange|p1a: Tyranitar|Tyranitar-Mega, L50, F, shiny\n|-mega|p1a: Tyranitar|Tyranitar|Tyranitarite\n|move|p1a: Tyranitar|Thunder Punch|p2a: Archaludon\n|-resisted|p2a: Archaludon|1\n|-damage|p2a: Archaludon|85/100\n|\n|-weather|Sandstorm|[upkeep]\n|-heal|p2a: Archaludon|91/100|[from] item: Leftovers\n|upkeep\n|turn|5\n|\n|t:|1776142369\n|switch|p2a: Pelipper|Pelipper, L50, F|95/100\n|-weather|RainDance|[from] ability: Drizzle|[of] p2a: Pelipper\n|move|p1a: Tyranitar|Low Kick|p2a: Pelipper\n|-resisted|p2a: Pelipper|1\n|-damage|p2a: Pelipper|84/100\n|\n|-weather|RainDance|[upkeep]\n|upkeep\n|turn|6\n|\n|t:|1776142381\n|switch|p1a: Toxapex|Toxapex, L50, F|100/100\n|move|p2a: Pelipper|U-turn|p1a: Toxapex\n|-resisted|p1a: Toxapex|1\n|-damage|p1a: Toxapex|97/100\n|\n|t:|1776142383\n|switch|p2a: Archaludon|Archaludon, L50, M|91/100|[from] U-turn\n|\n|-weather|RainDance|[upkeep]\n|-heal|p2a: Archaludon|97/100|[from] item: Leftovers\n|-heal|p1a: Toxapex|100/100|[from] item: Leftovers\n|upkeep\n|turn|7\n|\n|t:|1776142394\n|switch|p1a: Tyranitar|Tyranitar-Mega, L50, F, shiny|100/100\n|-weather|Sandstorm|[from] ability: Sand Stream|[of] p1a: Tyranitar\n|move|p2a: Archaludon|Electro Shot||[still]\n|-prepare|p2a: Archaludon|Electro Shot\n|-boost|p2a: Archaludon|spa|1\n|\n|-weather|Sandstorm|[upkeep]\n|-heal|p2a: Archaludon|100/100|[from] item: Leftovers\n|upkeep\n|turn|8\n|\n|t:|1776142404\n|move|p2a: Archaludon|Electro Shot|p1a: Tyranitar|[from] lockedmove\n|-damage|p1a: Tyranitar|65/100\n|move|p1a: Tyranitar|Low Kick|p2a: Archaludon\n|-supereffective|p2a: Archaludon|1\n|-damage|p2a: Archaludon|34/100\n|\n|-weather|Sandstorm|[upkeep]\n|-heal|p2a: Archaludon|40/100|[from] item: Leftovers\n|upkeep\n|turn|9\n|inactive|misakamikoto 9982 has 30 seconds left.\n|inactive|misakamikoto 9982 has 20 seconds left.\n|inactive|misakamikoto 9982 has 15 seconds left.\n|inactive|misakamikoto 9982 has 10 seconds left.\n|\n|t:|1776142455\n|move|p2a: Archaludon|Flash Cannon|p1a: Tyranitar\n|-supereffective|p1a: Tyranitar|1\n|-damage|p1a: Tyranitar|9/100\n|-unboost|p1a: Tyranitar|spd|1\n|move|p1a: Tyranitar|Knock Off|p2a: Archaludon\n|-damage|p2a: Archaludon|0 fnt\n|-enditem|p2a: Archaludon|Leftovers|[from] move: Knock Off|[of] p1a: Tyranitar\n|faint|p2a: Archaludon\n|\n|-weather|Sandstorm|[upkeep]\n|upkeep\n|\n|t:|1776142462\n|switch|p2a: Meganium|Meganium-Mega, L50, F, shiny|100/100\n|turn|10\n|\n|t:|1776142472\n|switch|p1a: Toxapex|Toxapex, L50, F|100/100\n|move|p2a: Meganium|Solar Beam||[still]\n|-prepare|p2a: Meganium|Solar Beam\n|-activate|p2a: Meganium|ability: Mega Sol\n|-anim|p2a: Meganium|Solar Beam|p1a: Toxapex\n|-damage|p1a: Toxapex|58/100\n|\n|-weather|Sandstorm|[upkeep]\n|-damage|p2a: Meganium|95/100|[from] Sandstorm\n|-damage|p1a: Toxapex|53/100|[from] Sandstorm\n|-heal|p1a: Toxapex|58/100|[from] item: Leftovers\n|upkeep\n|turn|11\n|\n|t:|1776142484\n|move|p2a: Meganium|Solar Beam||[still]\n|-prepare|p2a: Meganium|Solar Beam\n|-activate|p2a: Meganium|ability: Mega Sol\n|-anim|p2a: Meganium|Solar Beam|p1a: Toxapex\n|-damage|p1a: Toxapex|12/100\n|move|p1a: Toxapex|Toxic|p2a: Meganium\n|-status|p2a: Meganium|tox\n|\n|-weather|none\n|-heal|p1a: Toxapex|18/100|[from] item: Leftovers\n|-damage|p2a: Meganium|89/100 tox|[from] psn\n|upkeep\n|turn|12\n|\n|t:|1776142497\n|move|p1a: Toxapex|Baneful Bunker|p1a: Toxapex\n|-singleturn|p1a: Toxapex|move: Protect\n|move|p2a: Meganium|Weather Ball|p1a: Toxapex\n|-activate|p1a: Toxapex|move: Protect\n|\n|-heal|p1a: Toxapex|23/100|[from] item: Leftovers\n|-damage|p2a: Meganium|77/100 tox|[from] psn\n|upkeep\n|turn|13\n|\n|t:|1776142509\n|switch|p1a: Tyranitar|Tyranitar-Mega, L50, F, shiny|9/100\n|-weather|Sandstorm|[from] ability: Sand Stream|[of] p1a: Tyranitar\n|move|p2a: Meganium|Solar Beam||[still]\n|-prepare|p2a: Meganium|Solar Beam\n|-activate|p2a: Meganium|ability: Mega Sol\n|-anim|p2a: Meganium|Solar Beam|p1a: Tyranitar\n|-supereffective|p1a: Tyranitar|1\n|-damage|p1a: Tyranitar|0 fnt\n|faint|p1a: Tyranitar\n|\n|-weather|Sandstorm|[upkeep]\n|-damage|p2a: Meganium|71/100 tox|[from] Sandstorm\n|-damage|p2a: Meganium|54/100 tox|[from] psn\n|upkeep\n|\n|t:|1776142524\n|switch|p1a: Toxapex|Toxapex, L50, F|57/100\n|turn|14\n|\n|t:|1776142528\n|move|p2a: Meganium|Synthesis|p2a: Meganium\n|-heal|p2a: Meganium|100/100 tox\n|move|p1a: Toxapex|Toxic|p2a: Meganium\n|-fail|p2a: Meganium|tox\n|\n|-weather|Sandstorm|[upkeep]\n|-damage|p2a: Meganium|95/100 tox|[from] Sandstorm\n|-damage|p1a: Toxapex|51/100|[from] Sandstorm\n|-heal|p1a: Toxapex|57/100|[from] item: Leftovers\n|-damage|p2a: Meganium|71/100 tox|[from] psn\n|upkeep\n|turn|15\n|\n|t:|1776142539\n|switch|p2a: Pelipper|Pelipper, L50, F|84/100\n|-weather|RainDance|[from] ability: Drizzle|[of] p2a: Pelipper\n|move|p1a: Toxapex|Recover|p1a: Toxapex\n|-heal|p1a: Toxapex|100/100\n|\n|-weather|RainDance|[upkeep]\n|upkeep\n|turn|16\n|\n|t:|1776142550\n|move|p2a: Pelipper|U-turn|p1a: Toxapex\n|-resisted|p1a: Toxapex|1\n|-damage|p1a: Toxapex|97/100\n|\n|t:|1776142551\n|switch|p2a: Meganium|Meganium-Mega, L50, F, shiny|71/100 tox|[from] U-turn\n|move|p1a: Toxapex|Toxic|p2a: Meganium\n|-fail|p2a: Meganium|tox\n|\n|-weather|RainDance|[upkeep]\n|-heal|p1a: Toxapex|100/100|[from] item: Leftovers\n|-damage|p2a: Meganium|66/100 tox|[from] psn\n|upkeep\n|turn|17\n|\n|t:|1776142564\n|move|p2a: Meganium|Solar Beam||[still]\n|-prepare|p2a: Meganium|Solar Beam\n|-activate|p2a: Meganium|ability: Mega Sol\n|-anim|p2a: Meganium|Solar Beam|p1a: Toxapex\n|-damage|p1a: Toxapex|60/100\n|move|p1a: Toxapex|Chilling Water|p2a: Meganium\n|-resisted|p2a: Meganium|1\n|-damage|p2a: Meganium|57/100 tox\n|-unboost|p2a: Meganium|atk|1\n|\n|-weather|RainDance|[upkeep]\n|-heal|p1a: Toxapex|65/100|[from] item: Leftovers\n|-damage|p2a: Meganium|46/100 tox|[from] psn\n|upkeep\n|turn|18\n|\n|t:|1776142577\n|move|p2a: Meganium|Synthesis|p2a: Meganium\n|-heal|p2a: Meganium|100/100 tox\n|move|p1a: Toxapex|Recover|p1a: Toxapex\n|-heal|p1a: Toxapex|100/100\n|\n|-weather|RainDance|[upkeep]\n|-damage|p2a: Meganium|83/100 tox|[from] psn\n|upkeep\n|turn|19\n|\n|t:|1776142586\n|switch|p2a: Pelipper|Pelipper, L50, F|84/100\n|move|p1a: Toxapex|Chilling Water|p2a: Pelipper\n|-resisted|p2a: Pelipper|1\n|-damage|p2a: Pelipper|73/100\n|-unboost|p2a: Pelipper|atk|1\n|\n|-weather|none\n|upkeep\n|turn|20\n|\n|t:|1776142602\n|move|p2a: Pelipper|U-turn|p1a: Toxapex\n|-resisted|p1a: Toxapex|1\n|-damage|p1a: Toxapex|98/100\n|\n|t:|1776142604\n|switch|p2a: Meganium|Meganium-Mega, L50, F, shiny|83/100 tox|[from] U-turn\n|move|p1a: Toxapex|Toxic|p2a: Meganium\n|-fail|p2a: Meganium|tox\n|\n|-heal|p1a: Toxapex|100/100|[from] item: Leftovers\n|-damage|p2a: Meganium|77/100 tox|[from] psn\n|upkeep\n|turn|21\n|\n|t:|1776142620\n|move|p1a: Toxapex|Baneful Bunker|p1a: Toxapex\n|-singleturn|p1a: Toxapex|move: Protect\n|move|p2a: Meganium|Solar Beam||[still]\n|-prepare|p2a: Meganium|Solar Beam\n|-activate|p2a: Meganium|ability: Mega Sol\n|-anim|p2a: Meganium|Solar Beam|p1a: Toxapex\n|-activate|p1a: Toxapex|move: Protect\n|\n|-damage|p2a: Meganium|66/100 tox|[from] psn\n|upkeep\n|turn|22\n|\n|t:|1776142632\n|move|p2a: Meganium|Solar Beam||[still]\n|-prepare|p2a: Meganium|Solar Beam\n|-activate|p2a: Meganium|ability: Mega Sol\n|-anim|p2a: Meganium|Solar Beam|p1a: Toxapex\n|-damage|p1a: Toxapex|60/100\n|move|p1a: Toxapex|Chilling Water|p2a: Meganium\n|-resisted|p2a: Meganium|1\n|-damage|p2a: Meganium|60/100 tox\n|-unboost|p2a: Meganium|atk|1\n|\n|-heal|p1a: Toxapex|65/100|[from] item: Leftovers\n|-damage|p2a: Meganium|43/100 tox|[from] psn\n|upkeep\n|turn|23\n|\n|t:|1776142645\n|switch|p2a: Pelipper|Pelipper, L50, F|73/100\n|-weather|RainDance|[from] ability: Drizzle|[of] p2a: Pelipper\n|move|p1a: Toxapex|Recover|p1a: Toxapex\n|-heal|p1a: Toxapex|100/100\n|\n|-weather|RainDance|[upkeep]\n|upkeep\n|turn|24\n|\n|t:|1776142657\n|move|p2a: Pelipper|U-turn|p1a: Toxapex\n|-resisted|p1a: Toxapex|1\n|-damage|p1a: Toxapex|97/100\n|\n|t:|1776142660\n|switch|p2a: Meganium|Meganium-Mega, L50, F, shiny|43/100 tox|[from] U-turn\n|move|p1a: Toxapex|Chilling Water|p2a: Meganium\n|-resisted|p2a: Meganium|1\n|-damage|p2a: Meganium|35/100 tox\n|-unboost|p2a: Meganium|atk|1\n|\n|-weather|RainDance|[upkeep]\n|-heal|p1a: Toxapex|100/100|[from] item: Leftovers\n|-damage|p2a: Meganium|30/100 tox|[from] psn\n|upkeep\n|turn|25\n|\n|t:|1776142672\n|move|p2a: Meganium|Synthesis|p2a: Meganium\n|-heal|p2a: Meganium|96/100 tox\n|move|p1a: Toxapex|Chilling Water|p2a: Meganium\n|-resisted|p2a: Meganium|1\n|-damage|p2a: Meganium|88/100 tox\n|-unboost|p2a: Meganium|atk|1\n|\n|-weather|RainDance|[upkeep]\n|-damage|p2a: Meganium|77/100 tox|[from] psn\n|upkeep\n|turn|26\n|\n|t:|1776142682\n|switch|p2a: Pelipper|Pelipper, L50, F|73/100\n|move|p1a: Toxapex|Toxic|p2a: Pelipper\n|-status|p2a: Pelipper|tox\n|\n|-weather|RainDance|[upkeep]\n|-damage|p2a: Pelipper|67/100 tox|[from] psn\n|upkeep\n|turn|27\n|\n|t:|1776142693\n|switch|p2a: Meganium|Meganium-Mega, L50, F, shiny|77/100 tox\n|move|p1a: Toxapex|Baneful Bunker||[still]\n|-fail|p1a: Toxapex\n|\n|-weather|none\n|-damage|p2a: Meganium|71/100 tox|[from] psn\n|upkeep\n|turn|28\n|\n|t:|1776142702\n|switch|p2a: Pelipper|Pelipper, L50, F|67/100 tox\n|-weather|RainDance|[from] ability: Drizzle|[of] p2a: Pelipper\n|move|p1a: Toxapex|Chilling Water|p2a: Pelipper\n|-resisted|p2a: Pelipper|1\n|-damage|p2a: Pelipper|55/100 tox\n|-unboost|p2a: Pelipper|atk|1\n|\n|-weather|RainDance|[upkeep]\n|-damage|p2a: Pelipper|49/100 tox|[from] psn\n|upkeep\n|-enditem|p2a: Pelipper|Sitrus Berry|[eat]\n|-heal|p2a: Pelipper|74/100 tox|[from] item: Sitrus Berry\n|turn|29\n|\n|t:|1776142717\n|move|p1a: Toxapex|Baneful Bunker|p1a: Toxapex\n|-singleturn|p1a: Toxapex|move: Protect\n|move|p2a: Pelipper|U-turn|p1a: Toxapex\n|-activate|p1a: Toxapex|move: Protect\n|\n|-weather|RainDance|[upkeep]\n|-damage|p2a: Pelipper|62/100 tox|[from] psn\n|upkeep\n|turn|30\n|\n|t:|1776142725\n|switch|p2a: Meganium|Meganium-Mega, L50, F, shiny|71/100 tox\n|move|p1a: Toxapex|Chilling Water|p2a: Meganium\n|-resisted|p2a: Meganium|1\n|-damage|p2a: Meganium|62/100 tox\n|-unboost|p2a: Meganium|atk|1\n|\n|-weather|RainDance|[upkeep]\n|-damage|p2a: Meganium|57/100 tox|[from] psn\n|upkeep\n|turn|31\n|\n|t:|1776142736\n|switch|p2a: Pelipper|Pelipper, L50, F|62/100 tox\n|move|p1a: Toxapex|Chilling Water|p2a: Pelipper\n|-resisted|p2a: Pelipper|1\n|-damage|p2a: Pelipper|51/100 tox\n|-unboost|p2a: Pelipper|atk|1\n|\n|-weather|RainDance|[upkeep]\n|-damage|p2a: Pelipper|45/100 tox|[from] psn\n|upkeep\n|turn|32\n|\n|t:|1776142749\n|move|p2a: Pelipper|Roost|p2a: Pelipper\n|-heal|p2a: Pelipper|95/100 tox\n|-singleturn|p2a: Pelipper|move: Roost\n|move|p1a: Toxapex|Chilling Water|p2a: Pelipper\n|-resisted|p2a: Pelipper|1\n|-damage|p2a: Pelipper|84/100 tox\n|-unboost|p2a: Pelipper|atk|1\n|\n|-weather|none\n|-damage|p2a: Pelipper|72/100 tox|[from] psn\n|upkeep\n|turn|33\n|-message|Mitarashi forfeited.\n|\n|win|misakamikoto 9982\n|raw|Mitarashi's rating: 1244 &rarr; <strong>1222</strong><br />(-22 for losing)\n|raw|misakamikoto 9982's rating: 1289 &rarr; <strong>1311</strong><br />(+22 for winning)\n|l|\u2606Mitarashi\n|player|p1|\n|l|\u2606misakamikoto 9982\n|player|p2|\n",
  "uploadtime": 1776142943,
  "views": 2,
  "formatid": "gen9championsbssregma",
  "rating": 1222,
  "private": 0,
  "password": null
}