{
  "id": "gen9championsbssregma-2581171641",
  "format": "[Gen 9 Champions] BSS Reg M-A",
  "players": [
    "Esiolamondhax",
    "shafiq742347"
  ],
  "log": "|j|\u2606Esiolamondhax\n|j|\u2606shafiq742347\n|t:|1775966904\n|gametype|singles\n|player|p1|Esiolamondhax|aromalady-gen3rs|1046\n|player|p2|shafiq742347|1|1078\n|gen|9\n|tier|[Gen 9 Champions] BSS Reg M-A\n|rated|\n|rule|Species Clause: Limit one of each Pok\u00e9mon\n|rule|Item Clause: Limit 1 of each item\n|clearpoke\n|poke|p1|Slurpuff, L50, F|\n|poke|p1|Ditto, L50|\n|poke|p1|Blastoise, L50, F|\n|poke|p1|Lucario, L50, M|\n|poke|p1|Weavile, L50, M|\n|poke|p1|Scizor, L50, F|\n|poke|p2|Garchomp, L50, M|\n|poke|p2|Azumarill, L50, F|\n|poke|p2|Sableye, L50, F|\n|poke|p2|Feraligatr, L50, F|\n|poke|p2|Ampharos, L50, M|\n|poke|p2|Meganium, L50, F|\n|teampreview|3\n|j| alex20101010\n|inactive|Battle timer is ON: inactive players will automatically lose when time's up. (requested by shafiq742347)\n|inactive|Esiolamondhax has 60 seconds left.\n|inactive|shafiq742347 has 60 seconds left.\n|\n|t:|1775966966\n|teamsize|p1|3\n|teamsize|p2|3\n|start\n|switch|p1a: Blastoise|Blastoise, L50, F|100/100\n|switch|p2a: Sableye|Sableye, L50, F, shiny|100/100\n|turn|1\n|\n|t:|1775966981\n|detailschange|p1a: Blastoise|Blastoise-Mega, L50, F\n|-mega|p1a: Blastoise|Blastoise|Blastoisinite\n|move|p2a: Sableye|Light Screen|p2a: Sableye\n|-sidestart|p2: shafiq742347|move: Light Screen\n|move|p1a: Blastoise|Water Pulse|p2a: Sableye\n|-damage|p2a: Sableye|63/100\n|\n|upkeep\n|turn|2\n|j| eggyhvevo\n|c| eggyhvevo|yo\n|\n|t:|1775966996\n|switch|p2a: Ampharos|Ampharos, L50, M|100/100\n|move|p1a: Blastoise|Water Pulse|p2a: Ampharos\n|-damage|p2a: Ampharos|72/100\n|\n|upkeep\n|turn|3\n|\n|t:|1775967012\n|switch|p1a: Scizor|Scizor, L50, F|100/100\n|move|p2a: Ampharos|Charge|p2a: Ampharos\n|-boost|p2a: Ampharos|spd|1\n|-start|p2a: Ampharos|Charge\n|\n|upkeep\n|turn|4\n|\n|t:|1775967021\n|move|p1a: Scizor|Bug Bite|p2a: Ampharos\n|-damage|p2a: Ampharos|19/100\n|-enditem|p2a: Ampharos|Shuca Berry|[from] stealeat|[move] Bug Bite|[of] p1a: Scizor\n|-status|p1a: Scizor|par|[from] ability: Static|[of] p2a: Ampharos\n|move|p2a: Ampharos|Thunderbolt|p1a: Scizor\n|-damage|p1a: Scizor|0 fnt\n|faint|p1a: Scizor\n|-end|p2a: Ampharos|Charge|[silent]\n|\n|upkeep\n|\n|t:|1775967043\n|switch|p1a: Blastoise|Blastoise-Mega, L50, F|100/100\n|turn|5\n|\n|t:|1775967059\n|move|p1a: Blastoise|Water Pulse|p2a: Ampharos\n|-crit|p2a: Ampharos\n|-damage|p2a: Ampharos|0 fnt\n|faint|p2a: Ampharos\n|\n|-sideend|p2: shafiq742347|move: Light Screen\n|upkeep\n|c| eggyhvevo|haxgou\n|\n|t:|1775967078\n|switch|p2a: Sableye|Sableye, L50, F, shiny|63/100\n|turn|6\n|c|\u2606Esiolamondhax|eggcellent\n|\n|t:|1775967084\n|move|p2a: Sableye|Light Screen|p2a: Sableye\n|-sidestart|p2: shafiq742347|move: Light Screen\n|move|p1a: Blastoise|Water Pulse|p2a: Sableye\n|-damage|p2a: Sableye|31/100\n|-start|p2a: Sableye|confusion\n|\n|upkeep\n|turn|7\n|\n|t:|1775967093\n|switch|p2a: Feraligatr|Feraligatr, L50, F|100/100\n|move|p1a: Blastoise|Shell Smash|p1a: Blastoise\n|-unboost|p1a: Blastoise|def|1\n|-unboost|p1a: Blastoise|spd|1\n|-boost|p1a: Blastoise|atk|2\n|-boost|p1a: Blastoise|spa|2\n|-boost|p1a: Blastoise|spe|2\n|\n|upkeep\n|turn|8\n|c| eggyhvevo|haxgou\n|\n|t:|1775967107\n|move|p1a: Blastoise|Aura Sphere|p2a: Feraligatr\n|-damage|p2a: Feraligatr|36/100\n|move|p2a: Feraligatr|Dragon Dance|p2a: Feraligatr\n|-boost|p2a: Feraligatr|atk|1\n|-boost|p2a: Feraligatr|spe|1\n|\n|upkeep\n|turn|9\n|\n|t:|1775967119\n|move|p1a: Blastoise|Aura Sphere|p2a: Feraligatr\n|-damage|p2a: Feraligatr|0 fnt\n|faint|p2a: Feraligatr\n|\n|upkeep\n|c|\u2606Esiolamondhax|gg\n|-message|shafiq742347 forfeited.\n|\n|win|Esiolamondhax\n|raw|Esiolamondhax's rating: 1046 &rarr; <strong>1082</strong><br />(+36 for winning)\n|raw|shafiq742347's rating: 1078 &rarr; <strong>1054</strong><br />(-24 for losing)\n|l|\u2606shafiq742347\n|player|p2|\n|c|\u2606Esiolamondhax|bss is ez game\n|c| eggyhvevo|\uff1f\n",
  "uploadtime": 1775967191,
  "views": 14,
  "formatid": "gen9championsbssregma",
  "rating": 1054,
  "private": 0,
  "password": null
}