{
  "id": "gen9championsbssregma-2586188221",
  "format": "[Gen 9 Champions] BSS Reg M-A",
  "players": [
    "demiru_09",
    "zaliyeyuan"
  ],
  "log": "|j|\u2606demiru_09\n|j|\u2606zaliyeyuan\n|t:|1776410144\n|gametype|singles\n|player|p1|demiru_09|170|1428\n|player|p2|zaliyeyuan|artist-gen4|1365\n|gen|9\n|tier|[Gen 9 Champions] BSS Reg M-A\n|rated|\n|rule|Species Clause: Limit one of each Pok\u00e9mon\n|rule|Item Clause: Limit 1 of each item\n|clearpoke\n|poke|p1|Dragonite, L50, F|\n|poke|p1|Garchomp, L50, M|\n|poke|p1|Floette-Eternal, L50, F|\n|poke|p1|Skeledirge, L50, M|\n|poke|p1|Aegislash, L50, F|\n|poke|p1|Toxapex, L50, F|\n|poke|p2|Starmie, L50|\n|poke|p2|Hydreigon, L50, F|\n|poke|p2|Hippowdon, L50, F|\n|poke|p2|Rotom-Wash, L50|\n|poke|p2|Aegislash, L50, F|\n|poke|p2|Floette-Eternal, L50, F|\n|teampreview|3\n|j| p74\n|inactive|Battle timer is ON: inactive players will automatically lose when time's up. (requested by demiru_09)\n|\n|t:|1776410237\n|teamsize|p1|3\n|teamsize|p2|3\n|start\n|switch|p1a: Floette|Floette-Eternal, L50, F|100/100\n|switch|p2a: Starmie|Starmie, L50, shiny|100/100\n|turn|1\n|\n|t:|1776410248\n|detailschange|p2a: Starmie|Starmie-Mega, L50, shiny\n|-mega|p2a: Starmie|Starmie|Starminite\n|detailschange|p1a: Floette|Floette-Mega, L50, F\n|-mega|p1a: Floette|Floette|Floettite\n|-ability|p1a: Floette|Fairy Aura\n|move|p2a: Starmie|Liquidation|p1a: Floette\n|-damage|p1a: Floette|36/100\n|-unboost|p1a: Floette|def|1\n|move|p1a: Floette|Moonblast|p2a: Starmie\n|-damage|p2a: Starmie|10/100\n|\n|upkeep\n|turn|2\n|\n|t:|1776410261\n|switch|p1a: Garchomp|Garchomp, L50, M|100/100\n|move|p2a: Starmie|Liquidation|p1a: Garchomp\n|-damage|p1a: Garchomp|30/100\n|-damage|p2a: Starmie|0 fnt|[from] ability: Rough Skin|[of] p1a: Garchomp\n|faint|p2a: Starmie\n|\n|upkeep\n|inactive|zaliyeyuan has 30 seconds left.\n|inactive|zaliyeyuan has 20 seconds left.\n|\n|t:|1776410297\n|switch|p2a: Rotom|Rotom-Wash, L50|100/100\n|turn|3\n|\n|t:|1776410307\n|move|p1a: Garchomp|Outrage|p2a: Rotom\n|-damage|p2a: Rotom|55/100\n|move|p2a: Rotom|Hydro Pump|p1a: Garchomp|[miss]\n|-miss|p2a: Rotom|p1a: Garchomp\n|\n|-heal|p2a: Rotom|60/100|[from] item: Leftovers\n|upkeep\n|turn|4\n|\n|t:|1776410316\n|move|p1a: Garchomp|Outrage|p2a: Rotom|[from] lockedmove\n|-damage|p2a: Rotom|10/100\n|-start|p1a: Garchomp|confusion|[fatigue]\n|move|p2a: Rotom|Hydro Pump|p1a: Garchomp\n|-damage|p1a: Garchomp|0 fnt\n|faint|p1a: Garchomp\n|\n|-heal|p2a: Rotom|16/100|[from] item: Leftovers\n|upkeep\n|\n|t:|1776410327\n|switch|p1a: Floette|Floette-Mega, L50, F|36/100\n|-ability|p1a: Floette|Fairy Aura\n|turn|5\n|\n|t:|1776410334\n|move|p1a: Floette|Draining Kiss|p2a: Rotom\n|-damage|p2a: Rotom|0 fnt\n|-heal|p1a: Floette|47/100|[from] drain|[of] p2a: Rotom\n|faint|p2a: Rotom\n|\n|upkeep\n|\n|t:|1776410341\n|switch|p2a: Hydreigon|Hydreigon, L50, F, shiny|100/100\n|turn|6\n|\n|t:|1776410346\n|move|p2a: Hydreigon|Fire Blast|p1a: Floette\n|-damage|p1a: Floette|18/100\n|move|p1a: Floette|Draining Kiss|p2a: Hydreigon\n|-supereffective|p2a: Hydreigon|2\n|-damage|p2a: Hydreigon|0 fnt\n|-heal|p1a: Floette|91/100|[from] drain|[of] p2a: Hydreigon\n|faint|p2a: Hydreigon\n|\n|win|demiru_09\n|raw|demiru_09's rating: 1428 &rarr; <strong>1444</strong><br />(+16 for winning)\n|raw|zaliyeyuan's rating: 1365 &rarr; <strong>1349</strong><br />(-16 for losing)\n|l|\u2606zaliyeyuan\n|player|p2|\n|l|\u2606demiru_09\n|player|p1|\n",
  "uploadtime": 1776410439,
  "views": 2,
  "formatid": "gen9championsbssregma",
  "rating": 1349,
  "private": 0,
  "password": null
}