{
  "id": "gen9championsbssregma-2584697555",
  "format": "[Gen 9 Champions] BSS Reg M-A",
  "players": [
    "DerpySuX",
    "Manu016"
  ],
  "log": "|j|\u2606DerpySuX\n|j|\u2606Manu016\n|inactive|Battle timer is ON: inactive players will automatically lose when time's up.\n|t:|1776277476\n|gametype|singles\n|player|p1|DerpySuX|#derpysux|\n|player|p2|Manu016|hilbert-wonderlauncher|\n|gen|9\n|tier|[Gen 9 Champions] BSS Reg M-A\n|rated|Tournament battle\n|rule|Species Clause: Limit one of each Pok\u00e9mon\n|rule|Item Clause: Limit 1 of each item\n|clearpoke\n|poke|p1|Charizard, L50, F|\n|poke|p1|Hippowdon, L50, M|\n|poke|p1|Primarina, L50, F|\n|poke|p1|Meowscarada, L50, F|\n|poke|p1|Sneasler, L50, F|\n|poke|p1|Starmie, L50|\n|poke|p2|Starmie, L50|\n|poke|p2|Skarmory, L50, M|\n|poke|p2|Dragonite, L50, M|\n|poke|p2|Hatterene, L50, F|\n|poke|p2|Samurott-Hisui, L50, F|\n|poke|p2|Volcarona, L50, F|\n|teampreview|3\n|inactive|DerpySuX also wants the timer to be on.\n|j| Cra3k\n|j| Starlight222\n|j| lag=bad\n|c|\u2606DerpySuX|hf\n|inactive|DerpySuX has 60 seconds left.\n|inactive|Manu016 has 60 seconds left.\n|\n|t:|1776277523\n|teamsize|p1|3\n|teamsize|p2|3\n|start\n|switch|p1a: ALLMIGHT|Starmie, L50|100/100\n|switch|p2a: Skarmory|Skarmory, L50, M, shiny|100/100\n|turn|1\n|\n|t:|1776277535\n|detailschange|p1a: ALLMIGHT|Starmie-Mega, L50\n|-mega|p1a: ALLMIGHT|Starmie|Starminite\n|move|p1a: ALLMIGHT|Liquidation|p2a: Skarmory\n|-damage|p2a: Skarmory|48/100\n|move|p2a: Skarmory|Stealth Rock|p1a: ALLMIGHT\n|-sidestart|p1: DerpySuX|move: Stealth Rock\n|\n|-heal|p2a: Skarmory|54/100|[from] item: Leftovers\n|upkeep\n|turn|2\n|j| googee\n|l| googee\n|\n|t:|1776277552\n|move|p1a: ALLMIGHT|Liquidation|p2a: Skarmory\n|-damage|p2a: Skarmory|6/100\n|move|p2a: Skarmory|Brave Bird|p1a: ALLMIGHT\n|-damage|p1a: ALLMIGHT|56/100\n|-damage|p2a: Skarmory|0 fnt|[from] Recoil\n|faint|p2a: Skarmory\n|\n|upkeep\n|\n|t:|1776277558\n|switch|p2a: Starmie|Starmie, L50|100/100\n|turn|3\n|\n|t:|1776277564\n|detailschange|p2a: Starmie|Starmie-Mega, L50\n|-mega|p2a: Starmie|Starmie|Starminite\n|move|p2a: Starmie|Thunderbolt|p1a: ALLMIGHT\n|-supereffective|p1a: ALLMIGHT|1\n|-damage|p1a: ALLMIGHT|0 fnt\n|faint|p1a: ALLMIGHT\n|\n|upkeep\n|\n|t:|1776277568\n|switch|p1a: CIRCUS CONTRAPTION|Meowscarada, L50, F|100/100\n|-damage|p1a: CIRCUS CONTRAPTION|88/100|[from] Stealth Rock\n|turn|4\n|\n|t:|1776277578\n|switch|p2a: Dragonite|Dragonite, L50, M|100/100\n|move|p1a: CIRCUS CONTRAPTION|Flower Trick|p2a: Dragonite\n|-start|p1a: CIRCUS CONTRAPTION|typechange|Grass|[from] ability: Protean\n|-resisted|p2a: Dragonite|2\n|-crit|p2a: Dragonite\n|-damage|p2a: Dragonite|94/100\n|\n|upkeep\n|turn|5\n|\n|t:|1776277587\n|switch|p1a: MOODENG|Hippowdon, L50, M|100/100\n|-damage|p1a: MOODENG|94/100|[from] Stealth Rock\n|-weather|Sandstorm|[from] ability: Sand Stream|[of] p1a: MOODENG\n|move|p2a: Dragonite|Dragon Dance|p2a: Dragonite\n|-boost|p2a: Dragonite|atk|1\n|-boost|p2a: Dragonite|spe|1\n|\n|-weather|Sandstorm|[upkeep]\n|-damage|p2a: Dragonite|88/100|[from] Sandstorm\n|-heal|p1a: MOODENG|100/100|[from] item: Leftovers\n|upkeep\n|turn|6\n|\n|t:|1776277596\n|move|p2a: Dragonite|Dragon Dance|p2a: Dragonite\n|-boost|p2a: Dragonite|atk|1\n|-boost|p2a: Dragonite|spe|1\n|move|p1a: MOODENG|Stealth Rock|p2a: Dragonite\n|-sidestart|p2: Manu016|move: Stealth Rock\n|\n|-weather|Sandstorm|[upkeep]\n|-damage|p2a: Dragonite|82/100|[from] Sandstorm\n|upkeep\n|turn|7\n|\n|t:|1776277603\n|move|p2a: Dragonite|Dragon Claw|p1a: MOODENG\n|-damage|p1a: MOODENG|57/100\n|move|p1a: MOODENG|Yawn|p2a: Dragonite\n|-start|p2a: Dragonite|move: Yawn|[of] p1a: MOODENG\n|\n|-weather|Sandstorm|[upkeep]\n|-damage|p2a: Dragonite|76/100|[from] Sandstorm\n|-heal|p1a: MOODENG|63/100|[from] item: Leftovers\n|upkeep\n|turn|8\n|\n|t:|1776277614\n|move|p2a: Dragonite|Dragon Dance|p2a: Dragonite\n|-boost|p2a: Dragonite|atk|1\n|-boost|p2a: Dragonite|spe|1\n|move|p1a: MOODENG|Yawn||[still]\n|-fail|p1a: MOODENG\n|\n|-weather|Sandstorm|[upkeep]\n|-damage|p2a: Dragonite|70/100|[from] Sandstorm\n|-heal|p1a: MOODENG|69/100|[from] item: Leftovers\n|-end|p2a: Dragonite|move: Yawn|[silent]\n|-status|p2a: Dragonite|slp\n|upkeep\n|turn|9\n|\n|t:|1776277623\n|cant|p2a: Dragonite|slp\n|move|p1a: MOODENG|Slack Off|p1a: MOODENG\n|-heal|p1a: MOODENG|100/100\n|\n|-weather|none\n|upkeep\n|turn|10\n|\n|t:|1776277629\n|cant|p2a: Dragonite|slp\n|move|p1a: MOODENG|Yawn||[still]\n|-fail|p1a: MOODENG\n|\n|upkeep\n|turn|11\n|\n|t:|1776277632\n|-curestatus|p2a: Dragonite|slp|[msg]\n|move|p2a: Dragonite|Dragon Claw|p1a: MOODENG\n|-damage|p1a: MOODENG|40/100\n|move|p1a: MOODENG|Yawn|p2a: Dragonite\n|-start|p2a: Dragonite|move: Yawn|[of] p1a: MOODENG\n|\n|-heal|p1a: MOODENG|46/100|[from] item: Leftovers\n|upkeep\n|turn|12\n|\n|t:|1776277638\n|move|p2a: Dragonite|Dragon Claw|p1a: MOODENG\n|-damage|p1a: MOODENG|0 fnt\n|faint|p1a: MOODENG\n|\n|-end|p2a: Dragonite|move: Yawn|[silent]\n|-status|p2a: Dragonite|slp\n|upkeep\n|\n|t:|1776277640\n|switch|p1a: CIRCUS CONTRAPTION|Meowscarada, L50, F|88/100\n|-damage|p1a: CIRCUS CONTRAPTION|76/100|[from] Stealth Rock\n|turn|13\n|\n|t:|1776277648\n|cant|p2a: Dragonite|slp\n|move|p1a: CIRCUS CONTRAPTION|Knock Off|p2a: Dragonite\n|-start|p1a: CIRCUS CONTRAPTION|typechange|Dark|[from] ability: Protean\n|-damage|p2a: Dragonite|16/100 slp\n|-enditem|p2a: Dragonite|Sitrus Berry|[from] move: Knock Off|[of] p1a: CIRCUS CONTRAPTION\n|\n|upkeep\n|turn|14\n|\n|t:|1776277654\n|cant|p2a: Dragonite|slp\n|move|p1a: CIRCUS CONTRAPTION|Knock Off|p2a: Dragonite\n|-damage|p2a: Dragonite|0 fnt\n|faint|p2a: Dragonite\n|\n|upkeep\n|\n|t:|1776277659\n|switch|p2a: Starmie|Starmie-Mega, L50|100/100\n|-damage|p2a: Starmie|89/100|[from] Stealth Rock\n|turn|15\n|\n|t:|1776277663\n|move|p1a: CIRCUS CONTRAPTION|Knock Off|p2a: Starmie\n|-supereffective|p2a: Starmie|1\n|-damage|p2a: Starmie|0 fnt\n|faint|p2a: Starmie\n|\n|win|DerpySuX\n|n|\u2606DerpySuX|derpysux\n|n|\u2606Manu016|manu016\n|n| Cra3k|cra3k\n|n| Starlight222|starlight222\n|n| lag=bad|lagbad\n",
  "uploadtime": 1776277663,
  "views": 18,
  "formatid": "gen9championsbssregma",
  "rating": null,
  "private": 0,
  "password": null
}