{
  "id": "gen9championsbssregma-2584180398",
  "format": "[Gen 9 Champions] BSS Reg M-A",
  "players": [
    "Helloguyslol",
    "ray-1055"
  ],
  "log": "|j|\u2606Helloguyslol\n|j|\u2606ray-1055\n|t:|1776235019\n|gametype|singles\n|player|p1|Helloguyslol|unknown|1322\n|player|p2|ray-1055|2|1244\n|gen|9\n|tier|[Gen 9 Champions] BSS Reg M-A\n|rated|\n|rule|Species Clause: Limit one of each Pok\u00e9mon\n|rule|Item Clause: Limit 1 of each item\n|clearpoke\n|poke|p1|Rotom-Heat, L50|\n|poke|p1|Hippowdon, L50, F|\n|poke|p1|Kingambit, L50, F|\n|poke|p1|Slowking-Galar, L50, F|\n|poke|p1|Meganium, L50, M|\n|poke|p1|Lopunny, L50, F|\n|poke|p2|Gengar, L50, M|\n|poke|p2|Charizard, L50, M|\n|poke|p2|Ditto, L50|\n|poke|p2|Corviknight, L50, F|\n|poke|p2|Palafin, L50, M|\n|poke|p2|Scizor, L50, M|\n|teampreview|3\n|inactive|Battle timer is ON: inactive players will automatically lose when time's up. (requested by Helloguyslol)\n|j| yoko1212\n|inactive|ray-1055 has 60 seconds left.\n|\n|t:|1776235051\n|teamsize|p1|3\n|teamsize|p2|3\n|start\n|switch|p1a: Rotom|Rotom-Heat, L50|100/100\n|switch|p2a: Palafin|Palafin, L50, M|100/100\n|turn|1\n|\n|t:|1776235058\n|move|p2a: Palafin|Wave Crash|p1a: Rotom\n|-supereffective|p1a: Rotom|1\n|-damage|p1a: Rotom|0 fnt\n|faint|p1a: Rotom\n|-damage|p2a: Palafin|71/100|[from] Recoil\n|\n|upkeep\n|\n|t:|1776235062\n|switch|p1a: Meganium|Meganium, L50, M|100/100\n|turn|2\n|\n|t:|1776235066\n|detailschange|p2a: Palafin|Palafin-Hero, L50, M\n|switch|p2a: Scizor|Scizor, L50, M|100/100\n|detailschange|p1a: Meganium|Meganium-Mega, L50, M\n|-mega|p1a: Meganium|Meganium|Meganiumite\n|move|p1a: Meganium|Weather Ball|p2a: Scizor\n|-supereffective|p2a: Scizor|2\n|-enditem|p2a: Scizor|Focus Sash\n|-damage|p2a: Scizor|1/100\n|\n|upkeep\n|turn|3\n|\n|t:|1776235069\n|switch|p1a: Slowking|Slowking-Galar, L50, F|100/100\n|move|p2a: Scizor|Bullet Punch|p1a: Slowking\n|-damage|p1a: Slowking|65/100\n|\n|upkeep\n|turn|4\n|\n|t:|1776235075\n|move|p2a: Scizor|Knock Off|p1a: Slowking\n|-supereffective|p1a: Slowking|1\n|-damage|p1a: Slowking|0 fnt\n|-enditem|p1a: Slowking|Mental Herb|[from] move: Knock Off|[of] p2a: Scizor\n|faint|p1a: Slowking\n|\n|upkeep\n|\n|t:|1776235077\n|switch|p1a: Meganium|Meganium-Mega, L50, M|100/100\n|turn|5\n|\n|t:|1776235079\n|move|p2a: Scizor|Bullet Punch|p1a: Meganium\n|-supereffective|p1a: Meganium|1\n|-damage|p1a: Meganium|38/100\n|move|p1a: Meganium|Weather Ball|p2a: Scizor\n|-supereffective|p2a: Scizor|2\n|-damage|p2a: Scizor|0 fnt\n|faint|p2a: Scizor\n|\n|upkeep\n|\n|t:|1776235082\n|switch|p2a: Gengar|Gengar, L50, M|100/100\n|turn|6\n|\n|t:|1776235084\n|detailschange|p2a: Gengar|Gengar-Mega, L50, M\n|-mega|p2a: Gengar|Gengar|Gengarite\n|move|p2a: Gengar|Sludge Wave|p1a: Meganium\n|-supereffective|p1a: Meganium|2\n|-damage|p1a: Meganium|0 fnt\n|faint|p1a: Meganium\n|\n|win|ray-1055\n|raw|Helloguyslol's rating: 1322 &rarr; <strong>1298</strong><br />(-24 for losing)\n|raw|ray-1055's rating: 1244 &rarr; <strong>1275</strong><br />(+31 for winning)\n|l|\u2606Helloguyslol\n|player|p1|\n",
  "uploadtime": 1776235108,
  "views": 12,
  "formatid": "gen9championsbssregma",
  "rating": 1275,
  "private": 0,
  "password": null
}