{
  "id": "gen9championsbssregma-2588561764",
  "format": "[Gen 9 Champions] BSS Reg M-A",
  "players": [
    "sky2132",
    "driflount drifloon"
  ],
  "log": "|j|\u2606sky2132\n|j|\u2606driflount drifloon\n|t:|1776645177\n|gametype|singles\n|player|p1|sky2132|2|1201\n|player|p2|driflount drifloon|brock|1164\n|gen|9\n|tier|[Gen 9 Champions] BSS Reg M-A\n|rated|\n|rule|Species Clause: Limit one of each Pok\u00e9mon\n|rule|Item Clause: Limit 1 of each item\n|clearpoke\n|poke|p1|Aegislash, L50, F|\n|poke|p1|Basculegion, L50, M|\n|poke|p1|Dragonite, L50, M|\n|poke|p1|Garchomp, L50, F|\n|poke|p1|Primarina, L50, M|\n|poke|p1|Kangaskhan, L50, F|\n|poke|p2|Espathra, L50, F|\n|poke|p2|Lopunny, L50, M|\n|poke|p2|Slowbro, L50, M|\n|poke|p2|Clefable, L50, M|\n|poke|p2|Corviknight, L50, F|\n|poke|p2|Incineroar, L50, M|\n|teampreview|3\n|inactive|Battle timer is ON: inactive players will automatically lose when time's up. (requested by driflount drifloon)\n|inactive|sky2132 has 60 seconds left.\n|inactive|driflount drifloon has 60 seconds left.\n|inactive|driflount drifloon has 30 seconds left.\n|\n|t:|1776645249\n|teamsize|p1|3\n|teamsize|p2|3\n|start\n|switch|p1a: Primarina|Primarina, L50, M|100/100\n|switch|p2a: SEXY CAN I|Lopunny, L50, M|100/100\n|turn|1\n|\n|t:|1776645256\n|move|p1a: Primarina|Protect|p1a: Primarina\n|-singleturn|p1a: Primarina|Protect\n|move|p2a: SEXY CAN I|Swords Dance|p2a: SEXY CAN I\n|-boost|p2a: SEXY CAN I|atk|2\n|\n|upkeep\n|turn|2\n|\n|t:|1776645264\n|move|p2a: SEXY CAN I|Encore|p1a: Primarina\n|-start|p1a: Primarina|Encore\n|move|p1a: Primarina|Protect||[still]\n|-fail|p1a: Primarina\n|\n|upkeep\n|turn|3\n|\n|t:|1776645282\n|switch|p1a: Basculegion|Basculegion, L50, M|100/100\n|detailschange|p2a: SEXY CAN I|Lopunny-Mega, L50, M\n|-mega|p2a: SEXY CAN I|Lopunny|Lopunnite\n|move|p2a: SEXY CAN I|Drain Punch|p1a: Basculegion\n|-damage|p1a: Basculegion|20/100\n|\n|upkeep\n|turn|4\n|\n|t:|1776645297\n|move|p2a: SEXY CAN I|Drain Punch|p1a: Basculegion\n|-damage|p1a: Basculegion|0 fnt\n|faint|p1a: Basculegion\n|\n|upkeep\n|\n|t:|1776645303\n|switch|p1a: Primarina|Primarina, L50, M|100/100\n|turn|5\n|\n|t:|1776645312\n|move|p2a: SEXY CAN I|Drain Punch|p1a: Primarina\n|-resisted|p1a: Primarina|1\n|-damage|p1a: Primarina|71/100\n|move|p1a: Primarina|Moonblast|p2a: SEXY CAN I\n|-supereffective|p2a: SEXY CAN I|1\n|-crit|p2a: SEXY CAN I\n|-damage|p2a: SEXY CAN I|0 fnt\n|faint|p2a: SEXY CAN I\n|\n|-heal|p1a: Primarina|76/100|[from] item: Leftovers\n|upkeep\n|\n|t:|1776645324\n|switch|p2a: Clefable|Clefable, L50, M|100/100\n|turn|6\n|\n|t:|1776645332\n|move|p2a: Clefable|Calm Mind|p2a: Clefable\n|-boost|p2a: Clefable|spa|1\n|-boost|p2a: Clefable|spd|1\n|move|p1a: Primarina|Perish Song|p1a: Primarina\n|-start|p1a: Primarina|perish3|[silent]\n|-start|p2a: Clefable|perish3|[silent]\n|-fieldactivate|move: Perish Song\n|\n|-heal|p1a: Primarina|82/100|[from] item: Leftovers\n|-start|p2a: Clefable|perish3\n|-start|p1a: Primarina|perish3\n|upkeep\n|turn|7\n|\n|t:|1776645349\n|switch|p2a: Corviknight|Corviknight, L50, F|100/100\n|-ability|p2a: Corviknight|Pressure\n|move|p1a: Primarina|Moonblast|p2a: Corviknight\n|-resisted|p2a: Corviknight|1\n|-damage|p2a: Corviknight|84/100\n|\n|-heal|p2a: Corviknight|90/100|[from] item: Leftovers\n|-heal|p1a: Primarina|88/100|[from] item: Leftovers\n|-start|p1a: Primarina|perish2\n|upkeep\n|turn|8\n|\n|t:|1776645373\n|switch|p2a: Clefable|Clefable, L50, M|100/100\n|move|p1a: Primarina|Surf|p2a: Clefable\n|-damage|p2a: Clefable|65/100\n|\n|-heal|p1a: Primarina|94/100|[from] item: Leftovers\n|-start|p1a: Primarina|perish1\n|upkeep\n|turn|9\n|\n|t:|1776645388\n|switch|p1a: Kangaskhan|Kangaskhan, L50, F|100/100\n|move|p2a: Clefable|Calm Mind|p2a: Clefable\n|-boost|p2a: Clefable|spa|1\n|-boost|p2a: Clefable|spd|1\n|\n|upkeep\n|turn|10\n|\n|t:|1776645401\n|detailschange|p1a: Kangaskhan|Kangaskhan-Mega, L50, F\n|-mega|p1a: Kangaskhan|Kangaskhan|Kangaskhanite\n|move|p1a: Kangaskhan|Fire Punch|p2a: Clefable\n|-damage|p2a: Clefable|42/100\n|-damage|p2a: Clefable|37/100\n|-hitcount|p2a: Clefable|2\n|move|p2a: Clefable|Draining Kiss|p1a: Kangaskhan\n|-damage|p1a: Kangaskhan|79/100\n|-heal|p2a: Clefable|52/100|[from] drain|[of] p1a: Kangaskhan\n|\n|upkeep\n|turn|11\n|\n|t:|1776645425\n|move|p1a: Kangaskhan|Double-Edge|p2a: Clefable\n|-damage|p2a: Clefable|0 fnt\n|faint|p2a: Clefable\n|-hitcount|p2: Clefable|1\n|-damage|p1a: Kangaskhan|61/100|[from] Recoil\n|\n|upkeep\n|\n|t:|1776645430\n|switch|p2a: Corviknight|Corviknight, L50, F|90/100\n|-ability|p2a: Corviknight|Pressure\n|turn|12\n|-message|driflount drifloon forfeited.\n|\n|win|sky2132\n|raw|sky2132's rating: 1201 &rarr; <strong>1223</strong><br />(+22 for winning)\n|raw|driflount drifloon's rating: 1164 &rarr; <strong>1142</strong><br />(-22 for losing)\n",
  "uploadtime": 1776645450,
  "views": 3,
  "formatid": "gen9championsbssregma",
  "rating": 1142,
  "private": 0,
  "password": null
}