{
  "id": "gen9championsbssregma-2587535533",
  "format": "[Gen 9 Champions] BSS Reg M-A",
  "players": [
    "joguri",
    "NeonMonke"
  ],
  "log": "|j|\u2606joguri\n|j|\u2606NeonMonke\n|t:|1776540173\n|gametype|singles\n|player|p1|joguri|dawn|1286\n|player|p2|NeonMonke|zinzolin|1198\n|gen|9\n|tier|[Gen 9 Champions] BSS Reg M-A\n|rated|\n|rule|Species Clause: Limit one of each Pok\u00e9mon\n|rule|Item Clause: Limit 1 of each item\n|clearpoke\n|poke|p1|Clefable, L50, F|\n|poke|p1|Garchomp, L50, M|\n|poke|p1|Glimmora, L50, M|\n|poke|p1|Lopunny, L50, F|\n|poke|p1|Primarina, L50, M|\n|poke|p1|Espathra, L50, F|\n|poke|p2|Chimecho, L50, F|\n|poke|p2|Emolga, L50, F|\n|poke|p2|Arcanine-Hisui, L50, M|\n|poke|p2|Skarmory, L50, M|\n|poke|p2|Appletun, L50, M|\n|poke|p2|Vaporeon, L50, F|\n|teampreview|3\n|inactive|Battle timer is ON: inactive players will automatically lose when time's up. (requested by joguri)\n|\n|t:|1776540203\n|teamsize|p1|3\n|teamsize|p2|3\n|start\n|switch|p1a: Espathra|Espathra, L50, F|100/100\n|switch|p2a: Mojito|Emolga, L50, F|100/100\n|turn|1\n|\n|t:|1776540217\n|move|p2a: Mojito|Taunt|p1a: Espathra\n|-start|p1a: Espathra|move: Taunt\n|cant|p1a: Espathra|move: Taunt|Calm Mind\n|\n|-ability|p1a: Espathra|Speed Boost|boost\n|-boost|p1a: Espathra|spe|1\n|upkeep\n|turn|2\n|\n|t:|1776540223\n|move|p1a: Espathra|Lumina Crash|p2a: Mojito\n|-crit|p2a: Mojito\n|-damage|p2a: Mojito|17/100\n|-unboost|p2a: Mojito|spd|2\n|move|p2a: Mojito|Nuzzle|p1a: Espathra\n|-damage|p1a: Espathra|95/100\n|-status|p1a: Espathra|par\n|\n|-heal|p1a: Espathra|100/100 par|[from] item: Leftovers\n|-ability|p1a: Espathra|Speed Boost|boost\n|-boost|p1a: Espathra|spe|1\n|upkeep\n|turn|3\n|\n|t:|1776540234\n|move|p2a: Mojito|U-turn|p1a: Espathra\n|-supereffective|p1a: Espathra|1\n|-damage|p1a: Espathra|81/100 par\n|\n|t:|1776540236\n|switch|p2a: Orchestra|Chimecho, L50, F|100/100|[from] U-turn\n|move|p1a: Espathra|Lumina Crash|p2a: Orchestra\n|-resisted|p2a: Orchestra|1\n|-damage|p2a: Orchestra|87/100\n|-unboost|p2a: Orchestra|spd|2\n|\n|-heal|p1a: Espathra|87/100 par|[from] item: Leftovers\n|-end|p1a: Espathra|move: Taunt\n|-ability|p1a: Espathra|Speed Boost|boost\n|-boost|p1a: Espathra|spe|1\n|upkeep\n|turn|4\n|inactive|joguri has 30 seconds left.\n|inactive|joguri has 20 seconds left.\n|inactive|joguri has 15 seconds left.\n|inactive|joguri has 10 seconds left.\n|\n|t:|1776540285\n|detailschange|p2a: Orchestra|Chimecho-Mega, L50, F\n|-mega|p2a: Orchestra|Chimecho|Chimechite\n|cant|p1a: Espathra|par\n|move|p2a: Orchestra|Calm Mind|p2a: Orchestra\n|-boost|p2a: Orchestra|spa|1\n|-boost|p2a: Orchestra|spd|1\n|\n|-heal|p1a: Espathra|93/100 par|[from] item: Leftovers\n|-ability|p1a: Espathra|Speed Boost|boost\n|-boost|p1a: Espathra|spe|1\n|upkeep\n|turn|5\n|\n|t:|1776540296\n|cant|p1a: Espathra|par\n|move|p2a: Orchestra|Calm Mind|p2a: Orchestra\n|-boost|p2a: Orchestra|spa|1\n|-boost|p2a: Orchestra|spd|1\n|\n|-heal|p1a: Espathra|99/100 par|[from] item: Leftovers\n|-ability|p1a: Espathra|Speed Boost|boost\n|-boost|p1a: Espathra|spe|1\n|upkeep\n|turn|6\n|\n|t:|1776540303\n|move|p1a: Espathra|Calm Mind|p1a: Espathra\n|-boost|p1a: Espathra|spa|1\n|-boost|p1a: Espathra|spd|1\n|move|p2a: Orchestra|Calm Mind|p2a: Orchestra\n|-boost|p2a: Orchestra|spa|1\n|-boost|p2a: Orchestra|spd|1\n|\n|-heal|p1a: Espathra|100/100 par|[from] item: Leftovers\n|-ability|p1a: Espathra|Speed Boost|boost\n|-boost|p1a: Espathra|spe|1\n|upkeep\n|turn|7\n|\n|t:|1776540313\n|move|p1a: Espathra|Calm Mind|p1a: Espathra\n|-boost|p1a: Espathra|spa|1\n|-boost|p1a: Espathra|spd|1\n|move|p2a: Orchestra|Flash Cannon|p1a: Espathra\n|-damage|p1a: Espathra|24/100 par\n|\n|-heal|p1a: Espathra|30/100 par|[from] item: Leftovers\n|upkeep\n|turn|8\n|\n|t:|1776540320\n|move|p1a: Espathra|Baton Pass|p1a: Espathra\n|\n|t:|1776540322\n|switch|p1a: Clefable|Clefable, L50, F|100/100|[from] Baton Pass\n|move|p2a: Orchestra|Flash Cannon|p1a: Clefable\n|-supereffective|p1a: Clefable|1\n|-damage|p1a: Clefable|53/100\n|\n|upkeep\n|turn|9\n|\n|t:|1776540332\n|move|p1a: Clefable|Calm Mind|p1a: Clefable\n|-boost|p1a: Clefable|spa|1\n|-boost|p1a: Clefable|spd|1\n|move|p2a: Orchestra|Flash Cannon|p1a: Clefable\n|-supereffective|p1a: Clefable|1\n|-damage|p1a: Clefable|13/100\n|\n|upkeep\n|turn|10\n|\n|t:|1776540353\n|move|p1a: Clefable|Moonlight|p1a: Clefable\n|-heal|p1a: Clefable|63/100\n|move|p2a: Orchestra|Flash Cannon|p1a: Clefable\n|-supereffective|p1a: Clefable|1\n|-damage|p1a: Clefable|30/100\n|\n|upkeep\n|turn|11\n|\n|t:|1776540361\n|move|p1a: Clefable|Moonlight|p1a: Clefable\n|-heal|p1a: Clefable|80/100\n|move|p2a: Orchestra|Flash Cannon|p1a: Clefable\n|-supereffective|p1a: Clefable|1\n|-damage|p1a: Clefable|44/100\n|\n|upkeep\n|turn|12\n|\n|t:|1776540367\n|move|p1a: Clefable|Calm Mind|p1a: Clefable\n|-boost|p1a: Clefable|spa|1\n|-boost|p1a: Clefable|spd|1\n|move|p2a: Orchestra|Flash Cannon|p1a: Clefable\n|-supereffective|p1a: Clefable|1\n|-damage|p1a: Clefable|16/100\n|\n|upkeep\n|turn|13\n|\n|t:|1776540373\n|move|p1a: Clefable|Moonlight|p1a: Clefable\n|-heal|p1a: Clefable|66/100\n|move|p2a: Orchestra|Flash Cannon|p1a: Clefable\n|-supereffective|p1a: Clefable|1\n|-damage|p1a: Clefable|36/100\n|\n|upkeep\n|turn|14\n|\n|t:|1776540379\n|move|p1a: Clefable|Calm Mind|p1a: Clefable\n|-boost|p1a: Clefable|spa|1\n|-boost|p1a: Clefable|spd|1\n|move|p2a: Orchestra|Flash Cannon|p1a: Clefable\n|-supereffective|p1a: Clefable|1\n|-damage|p1a: Clefable|11/100\n|\n|upkeep\n|turn|15\n|\n|t:|1776540385\n|move|p1a: Clefable|Moonlight|p1a: Clefable\n|-heal|p1a: Clefable|61/100\n|move|p2a: Orchestra|Flash Cannon|p1a: Clefable\n|-supereffective|p1a: Clefable|1\n|-damage|p1a: Clefable|36/100\n|\n|upkeep\n|turn|16\n|\n|t:|1776540391\n|move|p1a: Clefable|Calm Mind|p1a: Clefable\n|-boost|p1a: Clefable|spa|1\n|-boost|p1a: Clefable|spd|1\n|move|p2a: Orchestra|Flash Cannon|p1a: Clefable\n|-supereffective|p1a: Clefable|1\n|-damage|p1a: Clefable|14/100\n|\n|upkeep\n|turn|17\n|\n|t:|1776540398\n|move|p1a: Clefable|Moonlight|p1a: Clefable\n|-heal|p1a: Clefable|64/100\n|move|p2a: Orchestra|Flash Cannon|p1a: Clefable\n|-supereffective|p1a: Clefable|1\n|-damage|p1a: Clefable|40/100\n|\n|upkeep\n|turn|18\n|\n|t:|1776540413\n|move|p1a: Clefable|Stored Power|p2a: Orchestra\n|-resisted|p2a: Orchestra|2\n|-damage|p2a: Orchestra|14/100\n|move|p2a: Orchestra|Flash Cannon|p1a: Clefable\n|-supereffective|p1a: Clefable|1\n|-damage|p1a: Clefable|18/100\n|\n|upkeep\n|turn|19\n|\n|t:|1776540422\n|move|p1a: Clefable|Moonlight|p1a: Clefable\n|-heal|p1a: Clefable|68/100\n|move|p2a: Orchestra|Psychic|p1a: Clefable\n|-damage|p1a: Clefable|54/100\n|\n|upkeep\n|turn|20\n|\n|t:|1776540428\n|move|p1a: Clefable|Moonlight|p1a: Clefable\n|-heal|p1a: Clefable|100/100\n|move|p2a: Orchestra|Psychic|p1a: Clefable\n|-damage|p1a: Clefable|87/100\n|\n|upkeep\n|turn|21\n|-message|NeonMonke forfeited.\n|\n|win|joguri\n|raw|joguri's rating: 1286 &rarr; <strong>1305</strong><br />(+19 for winning)\n|raw|NeonMonke's rating: 1198 &rarr; <strong>1179</strong><br />(-19 for losing)\n|l|\u2606NeonMonke\n|player|p2|\n",
  "uploadtime": 1776540450,
  "views": 3,
  "formatid": "gen9championsbssregma",
  "rating": 1179,
  "private": 0,
  "password": null
}