{
  "id": "gen9championsbssregma-2584187184",
  "format": "[Gen 9 Champions] BSS Reg M-A",
  "players": [
    "Helloguyslol",
    "baisheng"
  ],
  "log": "|j|\u2606Helloguyslol\n|j|\u2606baisheng\n|t:|1776235840\n|gametype|singles\n|player|p1|Helloguyslol|unknown|1299\n|player|p2|baisheng|169|1431\n|gen|9\n|tier|[Gen 9 Champions] BSS Reg M-A\n|rated|\n|rule|Species Clause: Limit one of each Pok\u00e9mon\n|rule|Item Clause: Limit 1 of each item\n|clearpoke\n|poke|p1|Rotom-Heat, L50|\n|poke|p1|Hippowdon, L50, F|\n|poke|p1|Kingambit, L50, M|\n|poke|p1|Slowking-Galar, L50, M|\n|poke|p1|Meganium, L50, F|\n|poke|p1|Lopunny, L50, F|\n|poke|p2|Archaludon, L50, F|\n|poke|p2|Starmie, L50|\n|poke|p2|Garchomp, L50, M|\n|poke|p2|Floette-Eternal, L50, F|\n|poke|p2|Sneasler, L50, M|\n|poke|p2|Rotom-Fan, L50|\n|teampreview|3\n|inactive|Battle timer is ON: inactive players will automatically lose when time's up. (requested by Helloguyslol)\n|\n|t:|1776235861\n|teamsize|p1|3\n|teamsize|p2|3\n|start\n|switch|p1a: Lopunny|Lopunny, L50, F|100/100\n|switch|p2a: Archaludon|Archaludon, L50, F|100/100\n|turn|1\n|\n|t:|1776235865\n|detailschange|p1a: Lopunny|Lopunny-Mega, L50, F\n|-mega|p1a: Lopunny|Lopunny|Lopunnite\n|move|p1a: Lopunny|Fake Out|p2a: Archaludon\n|-resisted|p2a: Archaludon|1\n|-damage|p2a: Archaludon|94/100\n|-ability|p2a: Archaludon|Stamina|boost\n|-boost|p2a: Archaludon|def|1\n|cant|p2a: Archaludon|flinch\n|\n|upkeep\n|turn|2\n|\n|t:|1776235882\n|move|p1a: Lopunny|Close Combat|p2a: Archaludon\n|-supereffective|p2a: Archaludon|1\n|-damage|p2a: Archaludon|39/100\n|-unboost|p1a: Lopunny|def|1\n|-unboost|p1a: Lopunny|spd|1\n|-ability|p2a: Archaludon|Stamina|boost\n|-boost|p2a: Archaludon|def|1\n|-enditem|p2a: Archaludon|Sitrus Berry|[eat]\n|-heal|p2a: Archaludon|64/100|[from] item: Sitrus Berry\n|move|p2a: Archaludon|Stealth Rock|p1a: Lopunny\n|-sidestart|p1: Helloguyslol|move: Stealth Rock\n|\n|upkeep\n|turn|3\n|\n|t:|1776235887\n|switch|p1a: Slowking|Slowking-Galar, L50, M|100/100\n|-damage|p1a: Slowking|88/100|[from] Stealth Rock\n|move|p2a: Archaludon|Dragon Tail|p1a: Slowking\n|-damage|p1a: Slowking|64/100\n|drag|p1a: Lopunny|Lopunny-Mega, L50, F|100/100\n|-damage|p1a: Lopunny|95/100|[from] Stealth Rock\n|\n|upkeep\n|turn|4\n|\n|t:|1776235895\n|move|p1a: Lopunny|Close Combat|p2a: Archaludon\n|-supereffective|p2a: Archaludon|1\n|-damage|p2a: Archaludon|18/100\n|-unboost|p1a: Lopunny|def|1\n|-unboost|p1a: Lopunny|spd|1\n|-ability|p2a: Archaludon|Stamina|boost\n|-boost|p2a: Archaludon|def|1\n|move|p2a: Archaludon|Dragon Tail|p1a: Lopunny\n|-damage|p1a: Lopunny|50/100\n|drag|p1a: Rotom|Rotom-Heat, L50|100/100\n|-damage|p1a: Rotom|76/100|[from] Stealth Rock\n|\n|-heal|p1a: Rotom|81/100|[from] item: Leftovers\n|upkeep\n|turn|5\n|\n|t:|1776235902\n|move|p1a: Rotom|Overheat|p2a: Archaludon\n|-damage|p2a: Archaludon|0 fnt\n|-unboost|p1a: Rotom|spa|2\n|faint|p2a: Archaludon\n|\n|-heal|p1a: Rotom|87/100|[from] item: Leftovers\n|upkeep\n|\n|t:|1776235907\n|switch|p2a: Floette|Floette-Eternal, L50, F|100/100\n|turn|6\n|\n|t:|1776235910\n|detailschange|p2a: Floette|Floette-Mega, L50, F\n|-mega|p2a: Floette|Floette|Floettite\n|-ability|p2a: Floette|Fairy Aura\n|move|p2a: Floette|Calm Mind|p2a: Floette\n|-boost|p2a: Floette|spa|1\n|-boost|p2a: Floette|spd|1\n|move|p1a: Rotom|Volt Switch|p2a: Floette\n|-damage|p2a: Floette|93/100\n|\n|t:|1776235913\n|switch|p1a: Slowking|Slowking-Galar, L50, M|98/100|[from] Volt Switch\n|-damage|p1a: Slowking|85/100|[from] Stealth Rock\n|\n|upkeep\n|turn|7\n|\n|t:|1776235916\n|move|p2a: Floette|Substitute|p2a: Floette\n|-start|p2a: Floette|Substitute\n|-damage|p2a: Floette|68/100\n|move|p1a: Slowking|Toxic||[still]\n|-fail|p1a: Slowking\n|\n|upkeep\n|turn|8\n|\n|t:|1776235920\n|move|p2a: Floette|Calm Mind|p2a: Floette\n|-boost|p2a: Floette|spa|1\n|-boost|p2a: Floette|spd|1\n|move|p1a: Slowking|Psychic Noise|p2a: Floette\n|-damage|p2a: Floette|58/100\n|-start|p2a: Floette|move: Heal Block\n|\n|upkeep\n|turn|9\n|\n|t:|1776235925\n|move|p2a: Floette|Moonblast|p1a: Slowking\n|-resisted|p1a: Slowking|1\n|-damage|p1a: Slowking|44/100\n|move|p1a: Slowking|Psychic Noise|p2a: Floette\n|-damage|p2a: Floette|48/100\n|\n|-end|p2a: Floette|move: Heal Block\n|upkeep\n|turn|10\n|\n|t:|1776235933\n|move|p2a: Floette|Draining Kiss|p1a: Slowking\n|-resisted|p1a: Slowking|1\n|-damage|p1a: Slowking|23/100\n|-heal|p2a: Floette|65/100|[from] drain|[of] p1a: Slowking\n|move|p1a: Slowking|Psychic Noise|p2a: Floette\n|-damage|p2a: Floette|55/100\n|-start|p2a: Floette|move: Heal Block\n|\n|upkeep\n|turn|11\n|\n|t:|1776235939\n|switch|p1a: Rotom|Rotom-Heat, L50|87/100\n|-damage|p1a: Rotom|62/100|[from] Stealth Rock\n|move|p2a: Floette|Moonblast|p1a: Rotom\n|-resisted|p1a: Rotom|1\n|-damage|p1a: Rotom|6/100\n|\n|-heal|p1a: Rotom|12/100|[from] item: Leftovers\n|-end|p2a: Floette|move: Heal Block\n|upkeep\n|turn|12\n|\n|t:|1776235944\n|move|p2a: Floette|Draining Kiss|p1a: Rotom\n|-resisted|p1a: Rotom|1\n|-damage|p1a: Rotom|0 fnt\n|-heal|p2a: Floette|63/100|[from] drain|[of] p1a: Rotom\n|faint|p1a: Rotom\n|\n|upkeep\n|-message|Helloguyslol forfeited.\n|\n|win|baisheng\n|raw|Helloguyslol's rating: 1299 &rarr; <strong>1283</strong><br />(-16 for losing)\n|raw|baisheng's rating: 1431 &rarr; <strong>1444</strong><br />(+13 for winning)\n|l|\u2606Helloguyslol\n|player|p1|\n|l|\u2606baisheng\n|player|p2|\n|j|\u2606Helloguyslol\n|player|p1|Helloguyslol|unknown|\n|l|\u2606Helloguyslol\n|player|p1|\n",
  "uploadtime": 1776235986,
  "views": 18,
  "formatid": "gen9championsbssregma",
  "rating": 1283,
  "private": 0,
  "password": null
}