{
  "id": "gen9championsbssregma-2583546671",
  "format": "[Gen 9 Champions] BSS Reg M-A",
  "players": [
    "limjjoo",
    "Mattattac"
  ],
  "log": "|j|\u2606limjjoo\n|j|\u2606Mattattac\n|t:|1776182495\n|gametype|singles\n|player|p1|limjjoo|265|1106\n|player|p2|Mattattac|nate|1000\n|gen|9\n|tier|[Gen 9 Champions] BSS Reg M-A\n|rated|\n|rule|Species Clause: Limit one of each Pok\u00e9mon\n|rule|Item Clause: Limit 1 of each item\n|clearpoke\n|poke|p1|Charizard, L50, M|\n|poke|p1|Primarina, L50, F|\n|poke|p1|Meowscarada, L50, F|\n|poke|p1|Corviknight, L50, F|\n|poke|p1|Mimikyu, L50, F|\n|poke|p1|Glimmora, L50, F|\n|poke|p2|Ninetales-Alola, L50, F|\n|poke|p2|Froslass, L50, F|\n|poke|p2|Incineroar, L50, M|\n|poke|p2|Whimsicott, L50, M|\n|poke|p2|Garchomp, L50, M|\n|poke|p2|Basculegion, L50, M|\n|teampreview|3\n|c|\u2606Mattattac|yo\n|inactive|Battle timer is ON: inactive players will automatically lose when time's up. (requested by Mattattac)\n|\n|t:|1776182538\n|teamsize|p1|3\n|teamsize|p2|3\n|start\n|switch|p1a: Primarina|Primarina, L50, F|100/100\n|switch|p2a: Whimsicott|Whimsicott, L50, M|100/100\n|turn|1\n|\n|t:|1776182559\n|switch|p1a: Glimmora|Glimmora, L50, F|100/100\n|move|p2a: Whimsicott|Protect||[still]\n|-fail|p2a: Whimsicott\n|\n|upkeep\n|turn|2\n|\n|t:|1776182568\n|move|p2a: Whimsicott|Dazzling Gleam|p1a: Glimmora\n|-resisted|p1a: Glimmora|1\n|-damage|p1a: Glimmora|82/100\n|move|p1a: Glimmora|Sludge Wave|p2a: Whimsicott\n|-supereffective|p2a: Whimsicott|2\n|-enditem|p2a: Whimsicott|Focus Sash\n|-damage|p2a: Whimsicott|1/100\n|-status|p2a: Whimsicott|psn\n|\n|-damage|p2a: Whimsicott|0 fnt|[from] psn\n|faint|p2a: Whimsicott\n|upkeep\n|\n|t:|1776182572\n|switch|p2a: Incineroar|Incineroar, L50, M|100/100\n|-ability|p2a: Incineroar|Intimidate|boost\n|-unboost|p1a: Glimmora|atk|1\n|turn|3\n|\n|t:|1776182578\n|move|p1a: Glimmora|Earth Power|p2a: Incineroar\n|-supereffective|p2a: Incineroar|1\n|-damage|p2a: Incineroar|49/100\n|-enditem|p2a: Incineroar|Sitrus Berry|[eat]\n|-heal|p2a: Incineroar|74/100|[from] item: Sitrus Berry\n|move|p2a: Incineroar|Parting Shot|p1a: Glimmora\n|-unboost|p1a: Glimmora|atk|1\n|-unboost|p1a: Glimmora|spa|1\n|\n|t:|1776182581\n|switch|p2a: Ninetales|Ninetales-Alola, L50, F, shiny|100/100|[from] Parting Shot\n|-weather|Snowscape|[from] ability: Snow Warning|[of] p2a: Ninetales\n|\n|-weather|Snowscape|[upkeep]\n|upkeep\n|turn|4\n|\n|t:|1776182593\n|move|p1a: Glimmora|Stealth Rock|p2a: Ninetales\n|-sidestart|p2: Mattattac|move: Stealth Rock\n|move|p2a: Ninetales|Aurora Veil|p2a: Ninetales\n|-sidestart|p2: Mattattac|move: Aurora Veil\n|\n|-weather|Snowscape|[upkeep]\n|upkeep\n|turn|5\n|\n|t:|1776182599\n|move|p1a: Glimmora|Sludge Wave|p2a: Ninetales\n|-supereffective|p2a: Ninetales|1\n|-damage|p2a: Ninetales|65/100\n|move|p2a: Ninetales|Blizzard|p1a: Glimmora\n|-damage|p1a: Glimmora|32/100\n|-status|p1a: Glimmora|frz\n|\n|-weather|Snowscape|[upkeep]\n|-heal|p2a: Ninetales|72/100|[from] item: Leftovers\n|upkeep\n|turn|6\n|\n|t:|1776182607\n|cant|p1a: Glimmora|frz\n|move|p2a: Ninetales|Blizzard|p1a: Glimmora\n|-damage|p1a: Glimmora|0 fnt\n|faint|p1a: Glimmora\n|\n|-weather|Snowscape|[upkeep]\n|-heal|p2a: Ninetales|78/100|[from] item: Leftovers\n|upkeep\n|\n|t:|1776182617\n|switch|p1a: Charizard|Charizard, L50, M|100/100\n|turn|7\n|\n|t:|1776182623\n|switch|p2a: Incineroar|Incineroar, L50, M|74/100\n|-damage|p2a: Incineroar|49/100|[from] Stealth Rock\n|-ability|p2a: Incineroar|Intimidate|boost\n|-unboost|p1a: Charizard|atk|1\n|detailschange|p1a: Charizard|Charizard-Mega-X, L50, M\n|-mega|p1a: Charizard|Charizard|Charizardite X\n|move|p1a: Charizard|Flame Charge|p2a: Incineroar\n|-resisted|p2a: Incineroar|1\n|-damage|p2a: Incineroar|45/100\n|-boost|p1a: Charizard|spe|1\n|\n|-weather|none\n|upkeep\n|turn|8\n|\n|t:|1776182630\n|move|p2a: Incineroar|Fake Out|p1a: Charizard\n|-damage|p1a: Charizard|90/100\n|cant|p1a: Charizard|flinch\n|\n|-sideend|p2: Mattattac|move: Aurora Veil\n|upkeep\n|turn|9\n|\n|t:|1776182633\n|move|p1a: Charizard|Swords Dance|p1a: Charizard\n|-boost|p1a: Charizard|atk|2\n|move|p2a: Incineroar|Parting Shot|p1a: Charizard\n|-unboost|p1a: Charizard|atk|1\n|-unboost|p1a: Charizard|spa|1\n|\n|t:|1776182637\n|switch|p2a: Ninetales|Ninetales-Alola, L50, F, shiny|78/100|[from] Parting Shot\n|-damage|p2a: Ninetales|53/100|[from] Stealth Rock\n|-weather|Snowscape|[from] ability: Snow Warning|[of] p2a: Ninetales\n|\n|-weather|Snowscape|[upkeep]\n|-heal|p2a: Ninetales|59/100|[from] item: Leftovers\n|upkeep\n|turn|10\n|\n|t:|1776182644\n|move|p1a: Charizard|Flare Blitz|p2a: Ninetales\n|-supereffective|p2a: Ninetales|1\n|-damage|p2a: Ninetales|0 fnt\n|faint|p2a: Ninetales\n|-damage|p1a: Charizard|69/100|[from] Recoil\n|\n|-weather|Snowscape|[upkeep]\n|upkeep\n|\n|t:|1776182646\n|switch|p2a: Incineroar|Incineroar, L50, M|45/100\n|-damage|p2a: Incineroar|20/100|[from] Stealth Rock\n|-ability|p2a: Incineroar|Intimidate|boost\n|-unboost|p1a: Charizard|atk|1\n|turn|11\n|\n|t:|1776182650\n|move|p2a: Incineroar|Fake Out|p1a: Charizard\n|-damage|p1a: Charizard|59/100\n|cant|p1a: Charizard|flinch\n|\n|-weather|Snowscape|[upkeep]\n|upkeep\n|turn|12\n|\n|t:|1776182655\n|move|p1a: Charizard|Outrage|p2a: Incineroar\n|-damage|p2a: Incineroar|0 fnt\n|faint|p2a: Incineroar\n|\n|win|limjjoo\n|raw|limjjoo's rating: 1106 &rarr; <strong>1124</strong><br />(+18 for winning)\n|raw|Mattattac's rating: 1000 &rarr; <strong>1000</strong><br />(+0 for losing)\n|c|\u2606Mattattac|ggs\n|l|\u2606limjjoo\n|player|p1|\n",
  "uploadtime": 1776182661,
  "views": 5,
  "formatid": "gen9championsbssregma",
  "rating": 1000,
  "private": 0,
  "password": null
}