{
  "id": "gen9championsbssregma-2587323547",
  "format": "[Gen 9 Champions] BSS Reg M-A",
  "players": [
    "awamwdamkamd",
    "Lord Queefus"
  ],
  "log": "|j|\u2606awamwdamkamd\n|j|\u2606Lord Queefus\n|t:|1776522001\n|gametype|singles\n|player|p1|awamwdamkamd|2|1168\n|player|p2|Lord Queefus|swimmer-gen4dp|1228\n|gen|9\n|tier|[Gen 9 Champions] BSS Reg M-A\n|rated|\n|rule|Species Clause: Limit one of each Pok\u00e9mon\n|rule|Item Clause: Limit 1 of each item\n|clearpoke\n|poke|p1|Basculegion, L50, M|\n|poke|p1|Dragapult, L50, F|\n|poke|p1|Garchomp, L50, F|\n|poke|p1|Skarmory, L50, F|\n|poke|p1|Sylveon, L50, M|\n|poke|p1|Houndoom, L50, F|\n|poke|p2|Meowscarada, L50, M|\n|poke|p2|Medicham, L50, M|\n|poke|p2|Corviknight, L50, M|\n|poke|p2|Umbreon, L50, M|\n|poke|p2|Froslass, L50, F|\n|poke|p2|Rotom-Frost, L50|\n|teampreview|3\n|\n|t:|1776522093\n|teamsize|p1|3\n|teamsize|p2|3\n|start\n|switch|p1a: Skarmory|Skarmory, L50, F|100/100\n|switch|p2a: Meowscarada|Meowscarada, L50, M|100/100\n|turn|1\n|\n|t:|1776522117\n|move|p2a: Meowscarada|Knock Off|p1a: Skarmory\n|-start|p2a: Meowscarada|typechange|Dark|[from] ability: Protean\n|-crit|p1a: Skarmory\n|-damage|p1a: Skarmory|58/100\n|-ability|p1a: Skarmory|Weak Armor|boost\n|-unboost|p1a: Skarmory|def|1\n|-boost|p1a: Skarmory|spe|2\n|move|p1a: Skarmory|Swords Dance|p1a: Skarmory\n|-boost|p1a: Skarmory|atk|2\n|\n|upkeep\n|turn|2\n|\n|t:|1776522129\n|switch|p2a: Corviknight|Corviknight, L50, M|100/100\n|-ability|p2a: Corviknight|Pressure\n|detailschange|p1a: Skarmory|Skarmory-Mega, L50, F\n|-mega|p1a: Skarmory|Skarmory|Skarmorite\n|move|p1a: Skarmory|Iron Head|p2a: Corviknight\n|-resisted|p2a: Corviknight|1\n|-damage|p2a: Corviknight|71/100\n|\n|upkeep\n|turn|3\n|\n|t:|1776522143\n|move|p1a: Skarmory|Rock Slide|p2a: Corviknight\n|-damage|p2a: Corviknight|34/100\n|-enditem|p2a: Corviknight|Sitrus Berry|[eat]\n|-heal|p2a: Corviknight|59/100|[from] item: Sitrus Berry\n|move|p2a: Corviknight|Iron Defense|p2a: Corviknight\n|-boost|p2a: Corviknight|def|2\n|\n|upkeep\n|turn|4\n|\n|t:|1776522157\n|switch|p1a: Dragapult|Dragapult, L50, F|100/100\n|move|p2a: Corviknight|Roost|p2a: Corviknight\n|-heal|p2a: Corviknight|100/100\n|-singleturn|p2a: Corviknight|move: Roost\n|\n|upkeep\n|turn|5\n|\n|t:|1776522174\n|move|p1a: Dragapult|Thunder Wave|p2a: Corviknight\n|-status|p2a: Corviknight|par\n|move|p2a: Corviknight|Roost||[still]\n|-fail|p2a: Corviknight|heal\n|\n|upkeep\n|turn|6\n|\n|t:|1776522184\n|move|p1a: Dragapult|Hex|p2a: Corviknight\n|-damage|p2a: Corviknight|61/100 par\n|move|p2a: Corviknight|Roost|p2a: Corviknight\n|-heal|p2a: Corviknight|100/100 par\n|-singleturn|p2a: Corviknight|move: Roost\n|\n|upkeep\n|turn|7\n|\n|t:|1776522192\n|switch|p2a: Meowscarada|Meowscarada, L50, M|100/100\n|move|p1a: Dragapult|Hex|p2a: Meowscarada\n|-resisted|p2a: Meowscarada|1\n|-damage|p2a: Meowscarada|82/100\n|\n|upkeep\n|turn|8\n|\n|t:|1776522200\n|switch|p1a: Sylveon|Sylveon, L50, M|100/100\n|move|p2a: Meowscarada|Triple Axel|p1a: Sylveon\n|-start|p2a: Meowscarada|typechange|Ice|[from] ability: Protean\n|-damage|p1a: Sylveon|88/100\n|-damage|p1a: Sylveon|60/100\n|-damage|p1a: Sylveon|15/100\n|-hitcount|p1a: Sylveon|3\n|\n|upkeep\n|turn|9\n|\n|t:|1776522211\n|move|p2a: Meowscarada|Triple Axel|p1a: Sylveon\n|-damage|p1a: Sylveon|2/100\n|-damage|p1a: Sylveon|0 fnt\n|faint|p1a: Sylveon\n|-hitcount|p1: Sylveon|2\n|\n|upkeep\n|-message|awamwdamkamd forfeited.\n|\n|win|Lord Queefus\n|raw|awamwdamkamd's rating: 1168 &rarr; <strong>1147</strong><br />(-21 for losing)\n|raw|Lord Queefus's rating: 1228 &rarr; <strong>1249</strong><br />(+21 for winning)\n|l|\u2606awamwdamkamd\n|player|p1|\n",
  "uploadtime": 1776522224,
  "views": 3,
  "formatid": "gen9championsbssregma",
  "rating": 1147,
  "private": 0,
  "password": null
}