{
  "id": "gen9championsbssregma-2587098679",
  "format": "[Gen 9 Champions] BSS Reg M-A",
  "players": [
    "deokso king",
    "MeicoN"
  ],
  "log": "|j|\u2606deokso king\n|j|\u2606MeicoN\n|t:|1776493168\n|gametype|singles\n|player|p1|deokso king|bellelba|1313\n|player|p2|MeicoN|101|1345\n|gen|9\n|tier|[Gen 9 Champions] BSS Reg M-A\n|rated|\n|rule|Species Clause: Limit one of each Pok\u00e9mon\n|rule|Item Clause: Limit 1 of each item\n|clearpoke\n|poke|p1|Mimikyu, L50, F|\n|poke|p1|Primarina, L50, F|\n|poke|p1|Garchomp, L50, F|\n|poke|p1|Lucario, L50, M|\n|poke|p1|Charizard, L50, M|\n|poke|p1|Kingambit, L50, M|\n|poke|p2|Gengar, L50, M|\n|poke|p2|Charizard, L50, F|\n|poke|p2|Hippowdon, L50, F|\n|poke|p2|Primarina, L50, F|\n|poke|p2|Hydreigon, L50, M|\n|poke|p2|Kingambit, L50, F|\n|teampreview|3\n|inactive|Battle timer is ON: inactive players will automatically lose when time's up. (requested by deokso king)\n|inactive|MeicoN has 60 seconds left.\n|inactive|deokso king has 60 seconds left.\n|\n|t:|1776493223\n|teamsize|p1|3\n|teamsize|p2|3\n|start\n|switch|p1a: Primarina|Primarina, L50, F|100/100\n|switch|p2a: Primarina|Primarina, L50, F|100/100\n|turn|1\n|\n|t:|1776493230\n|move|p2a: Primarina|Moonblast|p1a: Primarina\n|-damage|p1a: Primarina|52/100\n|move|p1a: Primarina|Calm Mind|p1a: Primarina\n|-boost|p1a: Primarina|spa|1\n|-boost|p1a: Primarina|spd|1\n|\n|upkeep\n|turn|2\n|\n|t:|1776493237\n|move|p2a: Primarina|Moonblast|p1a: Primarina\n|-damage|p1a: Primarina|21/100\n|move|p1a: Primarina|Calm Mind|p1a: Primarina\n|-boost|p1a: Primarina|spa|1\n|-boost|p1a: Primarina|spd|1\n|\n|upkeep\n|turn|3\n|\n|t:|1776493244\n|move|p2a: Primarina|Moonblast|p1a: Primarina\n|-damage|p1a: Primarina|0 fnt\n|faint|p1a: Primarina\n|\n|upkeep\n|\n|t:|1776493249\n|switch|p1a: Charizard|Charizard, L50, M|100/100\n|turn|4\n|\n|t:|1776493253\n|switch|p2a: Kingambit|Kingambit, L50, F|100/100\n|detailschange|p1a: Charizard|Charizard-Mega-X, L50, M\n|-mega|p1a: Charizard|Charizard|Charizardite X\n|move|p1a: Charizard|Dragon Dance|p1a: Charizard\n|-boost|p1a: Charizard|atk|1\n|-boost|p1a: Charizard|spe|1\n|\n|upkeep\n|turn|5\n|\n|t:|1776493262\n|-end|p2a: Kingambit|fallenundefined|[silent]\n|switch|p2a: Hippowdon|Hippowdon, L50, F|100/100\n|-weather|Sandstorm|[from] ability: Sand Stream|[of] p2a: Hippowdon\n|move|p1a: Charizard|Flare Blitz|p2a: Hippowdon\n|-damage|p2a: Hippowdon|49/100\n|-enditem|p2a: Hippowdon|Sitrus Berry|[eat]\n|-heal|p2a: Hippowdon|74/100|[from] item: Sitrus Berry\n|-damage|p1a: Charizard|77/100|[from] Recoil\n|\n|-weather|Sandstorm|[upkeep]\n|-damage|p1a: Charizard|71/100|[from] Sandstorm\n|upkeep\n|turn|6\n|\n|t:|1776493278\n|move|p1a: Charizard|Dragon Claw|p2a: Hippowdon\n|-damage|p2a: Hippowdon|38/100\n|move|p2a: Hippowdon|Yawn|p1a: Charizard\n|-start|p1a: Charizard|move: Yawn|[of] p2a: Hippowdon\n|\n|-weather|Sandstorm|[upkeep]\n|-damage|p1a: Charizard|65/100|[from] Sandstorm\n|upkeep\n|turn|7\n|\n|t:|1776493298\n|move|p1a: Charizard|Flare Blitz|p2a: Hippowdon\n|-damage|p2a: Hippowdon|0 fnt\n|faint|p2a: Hippowdon\n|-damage|p1a: Charizard|48/100|[from] Recoil\n|\n|-weather|Sandstorm|[upkeep]\n|-damage|p1a: Charizard|42/100|[from] Sandstorm\n|-end|p1a: Charizard|move: Yawn|[silent]\n|-status|p1a: Charizard|slp\n|upkeep\n|\n|t:|1776493307\n|switch|p2a: Kingambit|Kingambit, L50, F|100/100\n|-activate|p2a: Kingambit|ability: Supreme Overlord\n|-start|p2a: Kingambit|fallen1|[silent]\n|turn|8\n|\n|t:|1776493312\n|cant|p1a: Charizard|slp\n|move|p2a: Kingambit|Swords Dance|p2a: Kingambit\n|-boost|p2a: Kingambit|atk|2\n|\n|-weather|Sandstorm|[upkeep]\n|-damage|p1a: Charizard|36/100 slp|[from] Sandstorm\n|upkeep\n|turn|9\n|j| p74\n|\n|t:|1776493320\n|move|p2a: Kingambit|Sucker Punch|p1a: Charizard\n|-damage|p1a: Charizard|0 fnt\n|faint|p1a: Charizard\n|\n|-weather|none\n|upkeep\n|\n|t:|1776493322\n|switch|p1a: Mimikyu|Mimikyu, L50, F|100/100\n|turn|10\n|\n|t:|1776493328\n|move|p1a: Mimikyu|Swords Dance|p1a: Mimikyu\n|-boost|p1a: Mimikyu|atk|2\n|move|p2a: Kingambit|Iron Head|p1a: Mimikyu\n|-activate|p1a: Mimikyu|ability: Disguise\n|-damage|p1a: Mimikyu|100/100\n|detailschange|p1a: Mimikyu|Mimikyu-Busted, L50, F\n|-damage|p1a: Mimikyu|88/100|[from] pokemon: Mimikyu-Busted\n|\n|upkeep\n|turn|11\n|\n|t:|1776493343\n|move|p2a: Kingambit|Sucker Punch|p1a: Mimikyu\n|-damage|p1a: Mimikyu|0 fnt\n|faint|p1a: Mimikyu\n|\n|win|MeicoN\n|raw|deokso king's rating: 1313 &rarr; <strong>1295</strong><br />(-18 for losing)\n|raw|MeicoN's rating: 1345 &rarr; <strong>1363</strong><br />(+18 for winning)\n|l|\u2606deokso king\n|player|p1|\n|l|\u2606MeicoN\n|player|p2|\n",
  "uploadtime": 1776494497,
  "views": 2,
  "formatid": "gen9championsbssregma",
  "rating": 1295,
  "private": 0,
  "password": null
}