{
  "id": "gen9championsbssregma-2584001045",
  "format": "[Gen 9 Champions] BSS Reg M-A",
  "players": [
    "tfazumarill",
    "Kin+ak"
  ],
  "log": "|j|\u2606tfazumarill\n|j|\u2606Kin+ak\n|inactive|Battle timer is ON: inactive players will automatically lose when time's up.\n|t:|1776215647\n|gametype|singles\n|player|p1|tfazumarill|miku-water|\n|player|p2|Kin+ak|wally-masters|\n|gen|9\n|tier|[Gen 9 Champions] BSS Reg M-A\n|rated|Tournament battle\n|rule|Species Clause: Limit one of each Pok\u00e9mon\n|rule|Item Clause: Limit 1 of each item\n|clearpoke\n|poke|p1|Starmie, L50|\n|poke|p1|Bellibolt, L50, M|\n|poke|p1|Corviknight, L50, F|\n|poke|p1|Clefable, L50, M|\n|poke|p1|Garchomp, L50, M|\n|poke|p1|Greninja-*, L50, M|\n|poke|p2|Aegislash, L50, F|\n|poke|p2|Altaria, L50, F|\n|poke|p2|Meganium, L50, M|\n|poke|p2|Vivillon-Sun, L50, M|\n|poke|p2|Gallade, L50, M|\n|poke|p2|Zoroark-Hisui, L50, M|\n|teampreview|3\n|j|#DerpySuX\n|c|\u2606tfazumarill|gl hf!\n|c|\u2606Kin+ak|glhf\n|inactive|tfazumarill has 60 seconds left.\n|inactive|Kin+ak has 60 seconds left.\n|inactive|tfazumarill has 30 seconds left.\n|\n|t:|1776215707\n|teamsize|p1|3\n|teamsize|p2|3\n|start\n|switch|p1a: Greninja|Greninja, L50, M|100/100\n|switch|p2a: Vivillon|Vivillon-Sun, L50, M, shiny|100/100\n|turn|1\n|\n|t:|1776215719\n|move|p1a: Greninja|Surf|p2a: Vivillon\n|-start|p1a: Greninja|typechange|Water|[from] ability: Protean\n|-damage|p2a: Vivillon|28/100\n|move|p2a: Vivillon|Sleep Powder|p1a: Greninja\n|-status|p1a: Greninja|slp|[from] move: Sleep Powder\n|\n|upkeep\n|turn|2\n|\n|t:|1776215728\n|switch|p1a: Starmie|Starmie, L50|100/100\n|move|p2a: Vivillon|Quiver Dance|p2a: Vivillon\n|-boost|p2a: Vivillon|spa|1\n|-boost|p2a: Vivillon|spd|1\n|-boost|p2a: Vivillon|spe|1\n|\n|upkeep\n|turn|3\n|\n|t:|1776215734\n|detailschange|p1a: Starmie|Starmie-Mega, L50\n|-mega|p1a: Starmie|Starmie|Starminite\n|move|p1a: Starmie|Aqua Jet|p2a: Vivillon\n|-damage|p2a: Vivillon|0 fnt\n|faint|p2a: Vivillon\n|\n|upkeep\n|\n|t:|1776215740\n|switch|p2a: Meganium|Meganium, L50, M|100/100\n|turn|4\n|\n|t:|1776215744\n|detailschange|p2a: Meganium|Meganium-Mega, L50, M\n|-mega|p2a: Meganium|Meganium|Meganiumite\n|move|p1a: Starmie|Flip Turn|p2a: Meganium\n|-resisted|p2a: Meganium|1\n|-damage|p2a: Meganium|75/100\n|\n|t:|1776215751\n|switch|p1a: Bellibolt|Bellibolt, L50, M|100/100|[from] Flip Turn\n|move|p2a: Meganium|Solar Beam||[still]\n|-prepare|p2a: Meganium|Solar Beam\n|-activate|p2a: Meganium|ability: Mega Sol\n|-anim|p2a: Meganium|Solar Beam|p1a: Bellibolt\n|-damage|p1a: Bellibolt|49/100\n|-start|p1a: Bellibolt|Charge|Solar Beam|[from] ability: Electromorphosis\n|-enditem|p1a: Bellibolt|Sitrus Berry|[eat]\n|-heal|p1a: Bellibolt|74/100|[from] item: Sitrus Berry\n|\n|upkeep\n|turn|5\n|j| melbelle\n|\n|t:|1776215773\n|move|p2a: Meganium|Earth Power|p1a: Bellibolt\n|-supereffective|p1a: Bellibolt|1\n|-damage|p1a: Bellibolt|25/100\n|-start|p1a: Bellibolt|Charge|Earth Power|[from] ability: Electromorphosis\n|move|p1a: Bellibolt|Volt Switch|p2a: Meganium\n|-resisted|p2a: Meganium|1\n|-damage|p2a: Meganium|56/100\n|-end|p1a: Bellibolt|Charge|[silent]\n|\n|t:|1776215782\n|switch|p1a: Starmie|Starmie-Mega, L50|100/100|[from] Volt Switch\n|\n|upkeep\n|turn|6\n|\n|t:|1776215790\n|switch|p2a: Aegislash|Aegislash, L50, F|100/100\n|move|p1a: Starmie|Psycho Cut|p2a: Aegislash\n|-resisted|p2a: Aegislash|1\n|-damage|p2a: Aegislash|74/100\n|\n|-heal|p2a: Aegislash|80/100|[from] item: Leftovers\n|upkeep\n|turn|7\n|j| correcthorse666\n|\n|t:|1776215800\n|move|p1a: Starmie|Flip Turn|p2a: Aegislash\n|-damage|p2a: Aegislash|29/100\n|\n|t:|1776215804\n|switch|p1a: Bellibolt|Bellibolt, L50, M|25/100|[from] Flip Turn\n|-formechange|p2a: Aegislash|Aegislash-Blade|\n|move|p2a: Aegislash|Shadow Ball|p1a: Bellibolt\n|-damage|p1a: Bellibolt|0 fnt\n|faint|p1a: Bellibolt\n|\n|-heal|p2a: Aegislash|35/100|[from] item: Leftovers\n|upkeep\n|\n|t:|1776215811\n|switch|p1a: Starmie|Starmie-Mega, L50|100/100\n|turn|8\n|\n|t:|1776215815\n|-formechange|p2a: Aegislash|Aegislash|\n|move|p2a: Aegislash|King's Shield|p2a: Aegislash\n|-singleturn|p2a: Aegislash|Protect\n|move|p1a: Starmie|Psycho Cut|p2a: Aegislash\n|-activate|p2a: Aegislash|move: Protect\n|\n|-heal|p2a: Aegislash|41/100|[from] item: Leftovers\n|upkeep\n|turn|9\n|\n|t:|1776215819\n|-formechange|p2a: Aegislash|Aegislash-Blade|\n|move|p2a: Aegislash|Shadow Sneak|p1a: Starmie\n|-supereffective|p1a: Starmie|1\n|-damage|p1a: Starmie|55/100\n|move|p1a: Starmie|Liquidation|p2a: Aegislash\n|-damage|p2a: Aegislash|0 fnt\n|faint|p2a: Aegislash\n|\n|upkeep\n|\n|t:|1776215824\n|switch|p2a: Meganium|Meganium-Mega, L50, M|56/100\n|turn|10\n|\n|t:|1776215827\n|move|p1a: Starmie|Psycho Cut|p2a: Meganium\n|-damage|p2a: Meganium|0 fnt\n|faint|p2a: Meganium\n|\n|win|tfazumarill\n|n|\u2606tfazumarill|tfazumarill\n|n|\u2606Kin+ak|kinak\n|n|+DerpySuX|derpysux\n|n| melbelle|melbelle\n|n| correcthorse666|correcthorse666\n",
  "uploadtime": 1776215827,
  "views": 3,
  "formatid": "gen9championsbssregma",
  "rating": null,
  "private": 0,
  "password": null
}