{
  "id": "gen9championsbssregma-2581199178",
  "format": "[Gen 9 Champions] BSS Reg M-A",
  "players": [
    "turfrta",
    "HeroForDays"
  ],
  "log": "|j|\u2606turfrta\n|j|\u2606HeroForDays\n|t:|1775969881\n|gametype|singles\n|player|p1|turfrta|170|1143\n|player|p2|HeroForDays|170|1116\n|gen|9\n|tier|[Gen 9 Champions] BSS Reg M-A\n|rated|\n|rule|Species Clause: Limit one of each Pok\u00e9mon\n|rule|Item Clause: Limit 1 of each item\n|clearpoke\n|poke|p1|Greninja-*, L50, F|\n|poke|p1|Floette-Eternal, L50, F|\n|poke|p1|Scovillain, L50, M|\n|poke|p1|Clefable, L50, M|\n|poke|p1|Espathra, L50, M|\n|poke|p1|Corviknight, L50, F|\n|poke|p2|Tyranitar, L50, M|\n|poke|p2|Excadrill, L50, F|\n|poke|p2|Garchomp, L50, F|\n|poke|p2|Tyrantrum, L50, M|\n|poke|p2|Corviknight, L50, M|\n|poke|p2|Garganacl, L50, M|\n|teampreview|3\n|\n|t:|1775969910\n|teamsize|p1|3\n|teamsize|p2|3\n|start\n|switch|p1a: Scovillain|Scovillain, L50, M|100/100\n|switch|p2a: Tyrantrum|Tyrantrum, L50, M|100/100\n|turn|1\n|\n|t:|1775969928\n|detailschange|p1a: Scovillain|Scovillain-Mega, L50, M\n|-mega|p1a: Scovillain|Scovillain|Scovillainite\n|move|p2a: Tyrantrum|Stone Edge|p1a: Scovillain\n|-supereffective|p1a: Scovillain|1\n|-damage|p1a: Scovillain|0 fnt\n|-status|p2a: Tyrantrum|brn|[from] ability: Spicy Spray|[of] p1a: Scovillain\n|faint|p1a: Scovillain\n|\n|-damage|p2a: Tyrantrum|95/100 brn|[from] brn\n|upkeep\n|\n|t:|1775969935\n|switch|p1a: Espathra|Espathra, L50, M|100/100\n|turn|2\n|\n|t:|1775969964\n|switch|p2a: Tyranitar|Tyranitar, L50, M|100/100\n|-weather|Sandstorm|[from] ability: Sand Stream|[of] p2a: Tyranitar\n|move|p1a: Espathra|Calm Mind|p1a: Espathra\n|-boost|p1a: Espathra|spa|1\n|-boost|p1a: Espathra|spd|1\n|\n|-weather|Sandstorm|[upkeep]\n|-damage|p1a: Espathra|94/100|[from] Sandstorm\n|-ability|p1a: Espathra|Speed Boost|boost\n|-boost|p1a: Espathra|spe|1\n|upkeep\n|turn|3\n|\n|t:|1775969977\n|detailschange|p2a: Tyranitar|Tyranitar-Mega, L50, M\n|-mega|p2a: Tyranitar|Tyranitar|Tyranitarite\n|move|p1a: Espathra|Protect|p1a: Espathra\n|-singleturn|p1a: Espathra|Protect\n|move|p2a: Tyranitar|Knock Off|p1a: Espathra\n|-activate|p1a: Espathra|move: Protect\n|\n|-weather|Sandstorm|[upkeep]\n|-damage|p1a: Espathra|88/100|[from] Sandstorm\n|-ability|p1a: Espathra|Speed Boost|boost\n|-boost|p1a: Espathra|spe|1\n|upkeep\n|turn|4\n|\n|t:|1775969986\n|move|p1a: Espathra|Baton Pass|p1a: Espathra\n|\n|t:|1775969988\n|switch|p1a: Corviknight|Corviknight, L50, F|100/100|[from] Baton Pass\n|move|p2a: Tyranitar|Knock Off|p1a: Corviknight\n|-damage|p1a: Corviknight|57/100\n|-enditem|p1a: Corviknight|Lum Berry|[from] move: Knock Off|[of] p2a: Tyranitar\n|\n|-weather|Sandstorm|[upkeep]\n|upkeep\n|turn|5\n|\n|t:|1775969997\n|move|p1a: Corviknight|Bulk Up|p1a: Corviknight\n|-boost|p1a: Corviknight|atk|1\n|-boost|p1a: Corviknight|def|1\n|move|p2a: Tyranitar|Fire Punch|p1a: Corviknight\n|-supereffective|p1a: Corviknight|1\n|-damage|p1a: Corviknight|27/100\n|\n|-weather|Sandstorm|[upkeep]\n|upkeep\n|turn|6\n|\n|t:|1775970001\n|move|p1a: Corviknight|Roost|p1a: Corviknight\n|-heal|p1a: Corviknight|78/100\n|-singleturn|p1a: Corviknight|move: Roost\n|move|p2a: Tyranitar|Fire Punch|p1a: Corviknight\n|-supereffective|p1a: Corviknight|1\n|-damage|p1a: Corviknight|48/100\n|\n|-weather|none\n|upkeep\n|turn|7\n|\n|t:|1775970005\n|move|p1a: Corviknight|Bulk Up|p1a: Corviknight\n|-boost|p1a: Corviknight|atk|1\n|-boost|p1a: Corviknight|def|1\n|move|p2a: Tyranitar|Fire Punch|p1a: Corviknight\n|-supereffective|p1a: Corviknight|1\n|-damage|p1a: Corviknight|24/100\n|\n|upkeep\n|turn|8\n|\n|t:|1775970020\n|switch|p2a: Tyrantrum|Tyrantrum, L50, M|95/100 brn\n|move|p1a: Corviknight|Roost|p1a: Corviknight\n|-heal|p1a: Corviknight|74/100\n|-singleturn|p1a: Corviknight|move: Roost\n|\n|-damage|p2a: Tyrantrum|89/100 brn|[from] brn\n|upkeep\n|turn|9\n|\n|t:|1775970036\n|move|p1a: Corviknight|Taunt|p2a: Tyrantrum\n|-start|p2a: Tyrantrum|move: Taunt\n|move|p2a: Tyrantrum|Fire Fang|p1a: Corviknight|[miss]\n|-miss|p2a: Tyrantrum|p1a: Corviknight\n|\n|-damage|p2a: Tyrantrum|84/100 brn|[from] brn\n|upkeep\n|turn|10\n|\n|t:|1775970042\n|move|p1a: Corviknight|Bulk Up|p1a: Corviknight\n|-boost|p1a: Corviknight|atk|1\n|-boost|p1a: Corviknight|def|1\n|move|p2a: Tyrantrum|Fire Fang|p1a: Corviknight\n|-supereffective|p1a: Corviknight|1\n|-damage|p1a: Corviknight|64/100\n|\n|-damage|p2a: Tyrantrum|78/100 brn|[from] brn\n|upkeep\n|turn|11\n|\n|t:|1775970044\n|move|p1a: Corviknight|Power Trip|p2a: Tyrantrum\n|-damage|p2a: Tyrantrum|0 fnt\n|faint|p2a: Tyrantrum\n|\n|upkeep\n|\n|t:|1775970046\n|switch|p2a: Tyranitar|Tyranitar-Mega, L50, M|100/100\n|-weather|Sandstorm|[from] ability: Sand Stream|[of] p2a: Tyranitar\n|turn|12\n|\n|t:|1775970049\n|move|p1a: Corviknight|Bulk Up|p1a: Corviknight\n|-boost|p1a: Corviknight|atk|1\n|-boost|p1a: Corviknight|def|1\n|move|p2a: Tyranitar|Fire Punch|p1a: Corviknight\n|-supereffective|p1a: Corviknight|1\n|-damage|p1a: Corviknight|49/100\n|\n|-weather|Sandstorm|[upkeep]\n|upkeep\n|turn|13\n|\n|t:|1775970051\n|move|p1a: Corviknight|Roost|p1a: Corviknight\n|-heal|p1a: Corviknight|99/100\n|-singleturn|p1a: Corviknight|move: Roost\n|move|p2a: Tyranitar|Fire Punch|p1a: Corviknight\n|-supereffective|p1a: Corviknight|1\n|-damage|p1a: Corviknight|83/100\n|\n|-weather|Sandstorm|[upkeep]\n|upkeep\n|turn|14\n|\n|t:|1775970053\n|move|p1a: Corviknight|Power Trip|p2a: Tyranitar\n|-resisted|p2a: Tyranitar|1\n|-damage|p2a: Tyranitar|57/100\n|move|p2a: Tyranitar|Fire Punch|p1a: Corviknight\n|-supereffective|p1a: Corviknight|1\n|-damage|p1a: Corviknight|67/100\n|\n|-weather|Sandstorm|[upkeep]\n|upkeep\n|turn|15\n|\n|t:|1775970056\n|move|p1a: Corviknight|Bulk Up|p1a: Corviknight\n|-boost|p1a: Corviknight|atk|1\n|-boost|p1a: Corviknight|def|1\n|move|p2a: Tyranitar|Fire Punch|p1a: Corviknight\n|-supereffective|p1a: Corviknight|1\n|-damage|p1a: Corviknight|53/100\n|\n|-weather|Sandstorm|[upkeep]\n|upkeep\n|turn|16\n|\n|t:|1775970060\n|move|p1a: Corviknight|Roost|p1a: Corviknight\n|-heal|p1a: Corviknight|100/100\n|-singleturn|p1a: Corviknight|move: Roost\n|move|p2a: Tyranitar|Fire Punch|p1a: Corviknight\n|-supereffective|p1a: Corviknight|1\n|-damage|p1a: Corviknight|87/100\n|\n|-weather|none\n|upkeep\n|turn|17\n|\n|t:|1775970063\n|move|p1a: Corviknight|Bulk Up|p1a: Corviknight\n|-boost|p1a: Corviknight|atk|1\n|-boost|p1a: Corviknight|def|1\n|move|p2a: Tyranitar|Fire Punch|p1a: Corviknight\n|-supereffective|p1a: Corviknight|1\n|-damage|p1a: Corviknight|74/100\n|\n|upkeep\n|turn|18\n|\n|t:|1775970064\n|move|p1a: Corviknight|Power Trip|p2a: Tyranitar\n|-resisted|p2a: Tyranitar|1\n|-damage|p2a: Tyranitar|0 fnt\n|faint|p2a: Tyranitar\n|\n|upkeep\n|\n|t:|1775970066\n|switch|p2a: Chomper|Garchomp, L50, F, shiny|100/100\n|turn|19\n|-message|HeroForDays forfeited.\n|\n|win|turfrta\n|raw|turfrta's rating: 1170 &rarr; <strong>1191</strong><br />(+21 for winning)\n|raw|HeroForDays's rating: 1116 &rarr; <strong>1095</strong><br />(-21 for losing)\n|l|\u2606HeroForDays\n|player|p2|\n",
  "uploadtime": 1775970075,
  "views": 8,
  "formatid": "gen9championsbssregma",
  "rating": 1095,
  "private": 0,
  "password": null
}