{
  "id": "gen9championsbssregma-2584257000",
  "format": "[Gen 9 Champions] BSS Reg M-A",
  "players": [
    "bay tree",
    "Duho"
  ],
  "log": "|j|\u2606bay tree\n|j|\u2606Duho\n|t:|1776243988\n|gametype|singles\n|player|p1|bay tree|265|1209\n|player|p2|Duho|whitney|1237\n|gen|9\n|tier|[Gen 9 Champions] BSS Reg M-A\n|rated|\n|rule|Species Clause: Limit one of each Pok\u00e9mon\n|rule|Item Clause: Limit 1 of each item\n|clearpoke\n|poke|p1|Lopunny, L50, M|\n|poke|p1|Hippowdon, L50, M|\n|poke|p1|Slowking-Galar, L50, M|\n|poke|p1|Primarina, L50, M|\n|poke|p1|Ceruledge, L50, M|\n|poke|p1|Samurott-Hisui, L50, F|\n|poke|p2|Mamoswine, L50, F|\n|poke|p2|Vivillon-Fancy, L50, F|\n|poke|p2|Mimikyu, L50, M|\n|poke|p2|Kangaskhan, L50, F|\n|poke|p2|Emboar, L50, M|\n|poke|p2|Primarina, L50, F|\n|teampreview|3\n|inactive|Battle timer is ON: inactive players will automatically lose when time's up. (requested by Duho)\n|j| p74\n|\n|t:|1776244016\n|teamsize|p1|3\n|teamsize|p2|3\n|start\n|switch|p1a: Lopunny|Lopunny, L50, M|100/100\n|switch|p2a: Mamoswine|Mamoswine, L50, F|100/100\n|turn|1\n|\n|t:|1776244024\n|switch|p2a: Kangaskhan|Kangaskhan, L50, F|100/100\n|detailschange|p1a: Lopunny|Lopunny-Mega, L50, M\n|-mega|p1a: Lopunny|Lopunny|Lopunnite\n|move|p1a: Lopunny|Fake Out|p2a: Kangaskhan\n|-damage|p2a: Kangaskhan|76/100\n|\n|upkeep\n|turn|2\n|\n|t:|1776244032\n|detailschange|p2a: Kangaskhan|Kangaskhan-Mega, L50, F\n|-mega|p2a: Kangaskhan|Kangaskhan|Kangaskhanite\n|move|p2a: Kangaskhan|Fake Out|p1a: Lopunny\n|-damage|p1a: Lopunny|70/100\n|-damage|p1a: Lopunny|64/100\n|-hitcount|p1a: Lopunny|2\n|cant|p1a: Lopunny|flinch\n|\n|upkeep\n|turn|3\n|\n|t:|1776244041\n|move|p1a: Lopunny|Close Combat|p2a: Kangaskhan\n|-supereffective|p2a: Kangaskhan|1\n|-damage|p2a: Kangaskhan|0 fnt\n|-unboost|p1a: Lopunny|def|1\n|-unboost|p1a: Lopunny|spd|1\n|faint|p2a: Kangaskhan\n|\n|upkeep\n|\n|t:|1776244042\n|switch|p2a: Mamoswine|Mamoswine, L50, F|100/100\n|turn|4\n|\n|t:|1776244057\n|move|p1a: Lopunny|U-turn|p2a: Mamoswine\n|-damage|p2a: Mamoswine|74/100\n|\n|t:|1776244064\n|switch|p1a: Hippowdon|Hippowdon, L50, M, shiny|100/100|[from] U-turn\n|-weather|Sandstorm|[from] ability: Sand Stream|[of] p1a: Hippowdon\n|move|p2a: Mamoswine|Rock Tomb|p1a: Hippowdon\n|-resisted|p1a: Hippowdon|1\n|-damage|p1a: Hippowdon|94/100\n|-unboost|p1a: Hippowdon|spe|1\n|\n|-weather|Sandstorm|[upkeep]\n|-heal|p1a: Hippowdon|99/100|[from] item: Leftovers\n|upkeep\n|turn|5\n|\n|t:|1776244077\n|move|p2a: Mamoswine|Icicle Spear|p1a: Hippowdon\n|-supereffective|p1a: Hippowdon|1\n|-damage|p1a: Hippowdon|82/100\n|-supereffective|p1a: Hippowdon|1\n|-damage|p1a: Hippowdon|65/100\n|-hitcount|p1a: Hippowdon|2\n|move|p1a: Hippowdon|Earthquake|p2a: Mamoswine\n|-damage|p2a: Mamoswine|32/100\n|\n|-weather|Sandstorm|[upkeep]\n|-heal|p1a: Hippowdon|71/100|[from] item: Leftovers\n|upkeep\n|turn|6\n|\n|t:|1776244091\n|move|p1a: Hippowdon|Protect|p1a: Hippowdon\n|-singleturn|p1a: Hippowdon|Protect\n|move|p2a: Mamoswine|Rock Tomb|p1a: Hippowdon\n|-activate|p1a: Hippowdon|move: Protect\n|\n|-weather|Sandstorm|[upkeep]\n|-heal|p1a: Hippowdon|77/100|[from] item: Leftovers\n|upkeep\n|turn|7\n|\n|t:|1776244102\n|move|p2a: Mamoswine|Icicle Spear|p1a: Hippowdon\n|-supereffective|p1a: Hippowdon|1\n|-damage|p1a: Hippowdon|60/100\n|-supereffective|p1a: Hippowdon|1\n|-damage|p1a: Hippowdon|43/100\n|-supereffective|p1a: Hippowdon|1\n|-damage|p1a: Hippowdon|27/100\n|-supereffective|p1a: Hippowdon|1\n|-damage|p1a: Hippowdon|10/100\n|-supereffective|p1a: Hippowdon|1\n|-damage|p1a: Hippowdon|0 fnt\n|faint|p1a: Hippowdon\n|-hitcount|p1: Hippowdon|5\n|\n|-weather|Sandstorm|[upkeep]\n|upkeep\n|\n|t:|1776244115\n|switch|p1a: Lopunny|Lopunny-Mega, L50, M|64/100\n|turn|8\n|\n|t:|1776244119\n|move|p1a: Lopunny|Fake Out|p2a: Mamoswine\n|-damage|p2a: Mamoswine|6/100\n|cant|p2a: Mamoswine|flinch\n|\n|-weather|none\n|upkeep\n|turn|9\n|\n|t:|1776244128\n|move|p2a: Mamoswine|Ice Shard|p1a: Lopunny\n|-damage|p1a: Lopunny|34/100\n|move|p1a: Lopunny|U-turn|p2a: Mamoswine\n|-damage|p2a: Mamoswine|0 fnt\n|faint|p2a: Mamoswine\n|\n|t:|1776244135\n|switch|p1a: Slowking|Slowking-Galar, L50, M, shiny|100/100|[from] U-turn\n|\n|upkeep\n|\n|t:|1776244137\n|switch|p2a: Vivillon|Vivillon-Fancy, L50, F|100/100\n|turn|10\n|\n|t:|1776244145\n|move|p2a: Vivillon|Sleep Powder|p1a: Slowking\n|-status|p1a: Slowking|slp|[from] move: Sleep Powder\n|cant|p1a: Slowking|slp\n|\n|upkeep\n|turn|11\n|\n|t:|1776244168\n|move|p2a: Vivillon|Substitute|p2a: Vivillon\n|-start|p2a: Vivillon|Substitute\n|-damage|p2a: Vivillon|76/100\n|-curestatus|p1a: Slowking|slp|[msg]\n|move|p1a: Slowking|Toxic||[still]\n|-fail|p1a: Slowking\n|\n|-heal|p2a: Vivillon|81/100|[from] item: Leftovers\n|upkeep\n|turn|12\n|\n|t:|1776244178\n|move|p2a: Vivillon|Sleep Powder|p1a: Slowking\n|-status|p1a: Slowking|slp|[from] move: Sleep Powder\n|cant|p1a: Slowking|slp\n|\n|-heal|p2a: Vivillon|87/100|[from] item: Leftovers\n|upkeep\n|turn|13\n|\n|t:|1776244186\n|move|p2a: Vivillon|Quiver Dance|p2a: Vivillon\n|-boost|p2a: Vivillon|spa|1\n|-boost|p2a: Vivillon|spd|1\n|-boost|p2a: Vivillon|spe|1\n|cant|p1a: Slowking|slp\n|\n|-heal|p2a: Vivillon|93/100|[from] item: Leftovers\n|upkeep\n|turn|14\n|-message|bay tree forfeited.\n|\n|win|Duho\n|raw|bay tree's rating: 1209 &rarr; <strong>1186</strong><br />(-23 for losing)\n|raw|Duho's rating: 1237 &rarr; <strong>1260</strong><br />(+23 for winning)\n|l|\u2606bay tree\n|player|p1|\n|l|\u2606Duho\n|player|p2|\n",
  "uploadtime": 1776244510,
  "views": 8,
  "formatid": "gen9championsbssregma",
  "rating": 1186,
  "private": 0,
  "password": null
}