{
  "id": "gen9championsbssregma-2583471930",
  "format": "[Gen 9 Champions] BSS Reg M-A",
  "players": [
    "ko090905",
    "wounddia"
  ],
  "log": "|j|\u2606ko090905\n|j|\u2606wounddia\n|t:|1776177814\n|gametype|singles\n|player|p1|ko090905|169|1209\n|player|p2|wounddia|elesa|1289\n|gen|9\n|tier|[Gen 9 Champions] BSS Reg M-A\n|rated|\n|rule|Species Clause: Limit one of each Pok\u00e9mon\n|rule|Item Clause: Limit 1 of each item\n|clearpoke\n|poke|p1|Gengar, L50, F|\n|poke|p1|Umbreon, L50, F|\n|poke|p1|Garchomp, L50, F|\n|poke|p1|Dragonite, L50, F|\n|poke|p1|Corviknight, L50, F|\n|poke|p1|Primarina, L50, F|\n|poke|p2|Charizard, L50, M|\n|poke|p2|Froslass, L50, F|\n|poke|p2|Garchomp, L50, M|\n|poke|p2|Glimmora, L50, F|\n|poke|p2|Corviknight, L50, F|\n|poke|p2|Diggersby, L50, M|\n|teampreview|3\n|inactive|Battle timer is ON: inactive players will automatically lose when time's up. (requested by wounddia)\n|inactive|ko090905 has 60 seconds left.\n|\n|t:|1776177897\n|teamsize|p1|3\n|teamsize|p2|3\n|start\n|switch|p1a: Gengar|Gengar, L50, F|100/100\n|switch|p2a: Froslass|Froslass, L50, F|100/100\n|turn|1\n|inactive|ko090905 has 30 seconds left.\n|inactive|wounddia has 30 seconds left.\n|inactive|ko090905 has 20 seconds left.\n|\n|t:|1776177933\n|detailschange|p1a: Gengar|Gengar-Mega, L50, F\n|-mega|p1a: Gengar|Gengar|Gengarite\n|move|p1a: Gengar|Substitute|p1a: Gengar\n|-start|p1a: Gengar|Substitute\n|-damage|p1a: Gengar|76/100\n|move|p2a: Froslass|Spikes|p1a: Gengar\n|-sidestart|p1: ko090905|Spikes\n|\n|upkeep\n|turn|2\n|\n|t:|1776177947\n|move|p1a: Gengar|Nasty Plot|p1a: Gengar\n|-boost|p1a: Gengar|spa|2\n|move|p2a: Froslass|Hex|p1a: Gengar\n|-supereffective|p1a: Gengar|1\n|-end|p1a: Gengar|Substitute\n|\n|upkeep\n|turn|3\n|inactive|wounddia has 30 seconds left.\n|\n|t:|1776177972\n|move|p1a: Gengar|Shadow Ball|p2a: Froslass\n|-supereffective|p2a: Froslass|1\n|-damage|p2a: Froslass|0 fnt\n|faint|p2a: Froslass\n|\n|upkeep\n|\n|t:|1776177974\n|switch|p2a: Garchomp|Garchomp, L50, M|100/100\n|turn|4\n|\n|t:|1776177988\n|switch|p1a: Dragonite|Dragonite, L50, F|100/100\n|move|p2a: Garchomp|Earthquake|p1a: Dragonite\n|-immune|p1a: Dragonite\n|\n|upkeep\n|turn|5\n|\n|t:|1776178009\n|switch|p1a: Primarina|Primarina, L50, F|100/100\n|-damage|p1a: Primarina|88/100|[from] Spikes\n|move|p2a: Garchomp|Outrage|p1a: Primarina\n|-immune|p1a: Primarina\n|\n|upkeep\n|turn|6\n|\n|t:|1776178022\n|move|p2a: Garchomp|Poison Jab|p1a: Primarina|[miss]\n|-miss|p2a: Garchomp|p1a: Primarina\n|move|p1a: Primarina|Flip Turn|p2a: Garchomp\n|-damage|p2a: Garchomp|83/100\n|-damage|p1a: Primarina|76/100|[from] ability: Rough Skin|[of] p2a: Garchomp\n|\n|t:|1776178043\n|switch|p1a: Dragonite|Dragonite, L50, F|100/100|[from] Flip Turn\n|\n|upkeep\n|turn|7\n|\n|t:|1776178051\n|move|p2a: Garchomp|Stone Edge|p1a: Dragonite\n|-supereffective|p1a: Dragonite|1\n|-damage|p1a: Dragonite|67/100\n|move|p1a: Dragonite|Draco Meteor|p2a: Garchomp\n|-supereffective|p2a: Garchomp|1\n|-damage|p2a: Garchomp|0 fnt\n|-unboost|p1a: Dragonite|spa|2\n|faint|p2a: Garchomp\n|\n|upkeep\n|\n|t:|1776178054\n|switch|p2a: Charizard|Charizard, L50, M|100/100\n|turn|8\n|\n|t:|1776178077\n|move|p1a: Dragonite|Extreme Speed|p2a: Charizard\n|-damage|p2a: Charizard|72/100\n|move|p2a: Charizard|Swords Dance|p2a: Charizard\n|-boost|p2a: Charizard|atk|2\n|\n|upkeep\n|turn|9\n|\n|t:|1776178093\n|move|p2a: Charizard|Flame Charge|p1a: Dragonite\n|-resisted|p1a: Dragonite|1\n|-damage|p1a: Dragonite|48/100\n|-boost|p2a: Charizard|spe|1\n|move|p1a: Dragonite|Roost|p1a: Dragonite\n|-heal|p1a: Dragonite|98/100\n|-singleturn|p1a: Dragonite|move: Roost\n|\n|upkeep\n|turn|10\n|\n|t:|1776178103\n|detailschange|p2a: Charizard|Charizard-Mega-X, L50, M\n|-mega|p2a: Charizard|Charizard|Charizardite X\n|move|p1a: Dragonite|Extreme Speed|p2a: Charizard\n|-damage|p2a: Charizard|50/100\n|move|p2a: Charizard|Outrage|p1a: Dragonite\n|-supereffective|p1a: Dragonite|1\n|-damage|p1a: Dragonite|0 fnt\n|faint|p1a: Dragonite\n|\n|upkeep\n|\n|t:|1776178121\n|switch|p1a: Gengar|Gengar-Mega, L50, F|76/100\n|-damage|p1a: Gengar|64/100|[from] Spikes\n|turn|11\n|\n|t:|1776178141\n|move|p2a: Charizard|Outrage|p1a: Gengar|[from] lockedmove\n|-damage|p1a: Gengar|0 fnt\n|faint|p1a: Gengar\n|-start|p2a: Charizard|confusion|[fatigue]\n|\n|upkeep\n|\n|t:|1776178153\n|switch|p1a: Primarina|Primarina, L50, F|76/100\n|-damage|p1a: Primarina|64/100|[from] Spikes\n|turn|12\n|\n|t:|1776178161\n|-activate|p2a: Charizard|confusion\n|move|p2a: Charizard|Flare Blitz|p1a: Primarina\n|-resisted|p1a: Primarina|1\n|-damage|p1a: Primarina|0 fnt\n|faint|p1a: Primarina\n|-damage|p2a: Charizard|27/100|[from] Recoil\n|\n|win|wounddia\n|raw|ko090905's rating: 1209 &rarr; <strong>1190</strong><br />(-19 for losing)\n|raw|wounddia's rating: 1289 &rarr; <strong>1308</strong><br />(+19 for winning)\n|l|\u2606ko090905\n|player|p1|\n",
  "uploadtime": 1776178176,
  "views": 9,
  "formatid": "gen9championsbssregma",
  "rating": 1190,
  "private": 0,
  "password": null
}