{
  "id": "gen9championsbssregma-2587077381",
  "format": "[Gen 9 Champions] BSS Reg M-A",
  "players": [
    "FlorenceWu",
    "Danny3over"
  ],
  "log": "|j|\u2606FlorenceWu\n|j|\u2606Danny3over\n|t:|1776490286\n|gametype|singles\n|player|p1|FlorenceWu|101|1308\n|player|p2|Danny3over|twins-gen4dp|1443\n|gen|9\n|tier|[Gen 9 Champions] BSS Reg M-A\n|rated|\n|rule|Species Clause: Limit one of each Pok\u00e9mon\n|rule|Item Clause: Limit 1 of each item\n|clearpoke\n|poke|p1|Blastoise, L50, M|\n|poke|p1|Archaludon, L50, F|\n|poke|p1|Basculegion, L50, M|\n|poke|p1|Kangaskhan, L50, F|\n|poke|p1|Umbreon, L50, M|\n|poke|p1|Conkeldurr, L50, F|\n|poke|p2|Starmie, L50|\n|poke|p2|Hydreigon, L50, F|\n|poke|p2|Corviknight, L50, F|\n|poke|p2|Kingambit, L50, F|\n|poke|p2|Hippowdon, L50, F|\n|poke|p2|Sneasler, L50, M|\n|teampreview|3\n|inactive|Battle timer is ON: inactive players will automatically lose when time's up. (requested by FlorenceWu)\n|\n|t:|1776490313\n|teamsize|p1|3\n|teamsize|p2|3\n|start\n|switch|p1a: Basculegion|Basculegion, L50, M|100/100\n|switch|p2a: Starmie|Starmie, L50|100/100\n|turn|1\n|\n|t:|1776490318\n|switch|p2a: Hydreigon|Hydreigon, L50, F|100/100\n|move|p1a: Basculegion|Flip Turn|p2a: Hydreigon\n|-resisted|p2a: Hydreigon|1\n|-damage|p2a: Hydreigon|75/100\n|\n|t:|1776490323\n|switch|p1a: Blastoise|Blastoise, L50, M|100/100|[from] Flip Turn\n|\n|upkeep\n|turn|2\n|\n|t:|1776490327\n|detailschange|p1a: Blastoise|Blastoise-Mega, L50, M\n|-mega|p1a: Blastoise|Blastoise|Blastoisinite\n|move|p2a: Hydreigon|Draco Meteor|p1a: Blastoise\n|-damage|p1a: Blastoise|36/100\n|-unboost|p2a: Hydreigon|spa|2\n|move|p1a: Blastoise|Shell Smash|p1a: Blastoise\n|-unboost|p1a: Blastoise|def|1\n|-unboost|p1a: Blastoise|spd|1\n|-boost|p1a: Blastoise|atk|2\n|-boost|p1a: Blastoise|spa|2\n|-boost|p1a: Blastoise|spe|2\n|\n|upkeep\n|turn|3\n|\n|t:|1776490340\n|switch|p2a: Sneasler|Sneasler, L50, M|100/100\n|move|p1a: Blastoise|Aura Sphere|p2a: Sneasler\n|-resisted|p2a: Sneasler|1\n|-damage|p2a: Sneasler|36/100\n|\n|upkeep\n|turn|4\n|\n|t:|1776490346\n|move|p2a: Sneasler|Fake Out|p1a: Blastoise\n|-damage|p1a: Blastoise|15/100\n|cant|p1a: Blastoise|flinch\n|\n|upkeep\n|turn|5\n|\n|t:|1776490354\n|switch|p2a: Starmie|Starmie, L50|100/100\n|move|p1a: Blastoise|Dark Pulse|p2a: Starmie\n|-supereffective|p2a: Starmie|1\n|-damage|p2a: Starmie|0 fnt\n|faint|p2a: Starmie\n|\n|upkeep\n|\n|t:|1776490358\n|switch|p2a: Sneasler|Sneasler, L50, M|36/100\n|turn|6\n|\n|t:|1776490367\n|switch|p1a: Basculegion|Basculegion, L50, M|100/100\n|move|p2a: Sneasler|Fake Out|p1a: Basculegion\n|-immune|p1a: Basculegion\n|\n|upkeep\n|turn|7\n|\n|t:|1776490371\n|move|p1a: Basculegion|Flip Turn|p2a: Sneasler\n|-damage|p2a: Sneasler|0 fnt\n|faint|p2a: Sneasler\n|\n|t:|1776490373\n|switch|p1a: Blastoise|Blastoise-Mega, L50, M|15/100|[from] Flip Turn\n|\n|upkeep\n|\n|t:|1776490376\n|switch|p2a: Hydreigon|Hydreigon, L50, F|75/100\n|turn|8\n|\n|t:|1776490378\n|move|p2a: Hydreigon|Dark Pulse|p1a: Blastoise\n|-damage|p1a: Blastoise|0 fnt\n|faint|p1a: Blastoise\n|\n|upkeep\n|j| p74\n|\n|t:|1776490380\n|switch|p1a: Umbreon|Umbreon, L50, M|100/100\n|turn|9\n|-message|Danny3over forfeited.\n|\n|win|FlorenceWu\n|raw|FlorenceWu's rating: 1298 &rarr; <strong>1333</strong><br />(+35 for winning)\n|raw|Danny3over's rating: 1443 &rarr; <strong>1415</strong><br />(-28 for losing)\n|l|\u2606Danny3over\n|player|p2|\n|l|\u2606FlorenceWu\n|player|p1|\n",
  "uploadtime": 1776490553,
  "views": 2,
  "formatid": "gen9championsbssregma",
  "rating": 1333,
  "private": 0,
  "password": null
}