{
  "id": "gen9championsbssregma-2583192153",
  "format": "[Gen 9 Champions] BSS Reg M-A",
  "players": [
    "laziji",
    "fletchyfletchy"
  ],
  "log": "|j|\u2606laziji\n|j|\u2606fletchyfletchy\n|t:|1776153069\n|gametype|singles\n|player|p1|laziji|1|1058\n|player|p2|fletchyfletchy|liko|1000\n|gen|9\n|tier|[Gen 9 Champions] BSS Reg M-A\n|rated|\n|rule|Species Clause: Limit one of each Pok\u00e9mon\n|rule|Item Clause: Limit 1 of each item\n|clearpoke\n|poke|p1|Corviknight, L50, M|\n|poke|p1|Lopunny, L50, F|\n|poke|p1|Garchomp, L50, F|\n|poke|p1|Mimikyu, L50, F|\n|poke|p1|Rotom-Wash, L50|\n|poke|p1|Volcarona, L50, F|\n|poke|p2|Aegislash, L50, M|\n|poke|p2|Basculegion, L50, M|\n|poke|p2|Sneasler, L50, F|\n|poke|p2|Meganium, L50, M|\n|poke|p2|Kangaskhan, L50, F|\n|poke|p2|Volcarona, L50, M|\n|teampreview|3\n|c|\u2606fletchyfletchy|haiii\n|\n|t:|1776153106\n|teamsize|p1|3\n|teamsize|p2|3\n|start\n|switch|p1a: Garchomp|Garchomp, L50, F|100/100\n|switch|p2a: Kangaskhan|Kangaskhan, L50, F|100/100\n|turn|1\n|\n|t:|1776153123\n|detailschange|p2a: Kangaskhan|Kangaskhan-Mega, L50, F\n|-mega|p2a: Kangaskhan|Kangaskhan|Kangaskhanite\n|move|p1a: Garchomp|Stealth Rock|p2a: Kangaskhan\n|-sidestart|p2: fletchyfletchy|move: Stealth Rock\n|move|p2a: Kangaskhan|Double-Edge|p1a: Garchomp\n|-damage|p1a: Garchomp|38/100\n|-damage|p2a: Kangaskhan|88/100|[from] ability: Rough Skin|[of] p1a: Garchomp\n|-damage|p1a: Garchomp|24/100\n|-damage|p2a: Kangaskhan|76/100|[from] ability: Rough Skin|[of] p1a: Garchomp\n|-hitcount|p1a: Garchomp|2\n|-damage|p2a: Kangaskhan|50/100|[from] Recoil\n|\n|upkeep\n|turn|2\n|\n|t:|1776153136\n|move|p1a: Garchomp|Outrage|p2a: Kangaskhan\n|-damage|p2a: Kangaskhan|0 fnt\n|faint|p2a: Kangaskhan\n|\n|upkeep\n|\n|t:|1776153141\n|switch|p2a: Volcarona|Volcarona, L50, M|100/100\n|-damage|p2a: Volcarona|50/100|[from] Stealth Rock\n|-enditem|p2a: Volcarona|Sitrus Berry|[eat]\n|-heal|p2a: Volcarona|75/100|[from] item: Sitrus Berry\n|turn|3\n|\n|t:|1776153147\n|move|p1a: Garchomp|Outrage|p2a: Volcarona|[from] lockedmove\n|-damage|p2a: Volcarona|0 fnt\n|faint|p2a: Volcarona\n|-start|p1a: Garchomp|confusion|[fatigue]\n|\n|upkeep\n|\n|t:|1776153150\n|switch|p2a: Aegislash|Aegislash, L50, M|100/100\n|-damage|p2a: Aegislash|95/100|[from] Stealth Rock\n|turn|4\n|\n|t:|1776153160\n|-activate|p1a: Garchomp|confusion\n|move|p1a: Garchomp|Earthquake|p2a: Aegislash\n|-supereffective|p2a: Aegislash|1\n|-damage|p2a: Aegislash|8/100\n|move|p2a: Aegislash|Swords Dance|p2a: Aegislash\n|-boost|p2a: Aegislash|atk|2\n|\n|-heal|p2a: Aegislash|14/100|[from] item: Leftovers\n|upkeep\n|turn|5\n|\n|t:|1776153169\n|-formechange|p2a: Aegislash|Aegislash-Blade|\n|move|p2a: Aegislash|Shadow Sneak|p1a: Garchomp\n|-damage|p1a: Garchomp|0 fnt\n|-damage|p2a: Aegislash|2/100|[from] ability: Rough Skin|[of] p1a: Garchomp\n|faint|p1a: Garchomp\n|\n|-heal|p2a: Aegislash|8/100|[from] item: Leftovers\n|upkeep\n|\n|t:|1776153177\n|switch|p1a: Lopunny|Lopunny, L50, F|100/100\n|turn|6\n|\n|t:|1776153194\n|detailschange|p1a: Lopunny|Lopunny-Mega, L50, F\n|-mega|p1a: Lopunny|Lopunny|Lopunnite\n|move|p1a: Lopunny|Fake Out|p2a: Aegislash\n|-resisted|p2a: Aegislash|1\n|-damage|p2a: Aegislash|0 fnt\n|faint|p2a: Aegislash\n|\n|win|laziji\n|raw|laziji's rating: 1058 &rarr; <strong>1084</strong><br />(+26 for winning)\n|raw|fletchyfletchy's rating: 1000 &rarr; <strong>1000</strong><br />(+0 for losing)\n",
  "uploadtime": 1776153194,
  "views": 8,
  "formatid": "gen9championsbssregma",
  "rating": 1000,
  "private": 0,
  "password": null
}