{
  "id": "gen9championsbssregma-2587320535",
  "format": "[Gen 9 Champions] BSS Reg M-A",
  "players": [
    "joguri",
    "unica11"
  ],
  "log": "|j|\u2606joguri\n|j|\u2606unica11\n|t:|1776521723\n|gametype|singles\n|player|p1|joguri|dawn|1261\n|player|p2|unica11|lucas|1206\n|gen|9\n|tier|[Gen 9 Champions] BSS Reg M-A\n|rated|\n|rule|Species Clause: Limit one of each Pok\u00e9mon\n|rule|Item Clause: Limit 1 of each item\n|clearpoke\n|poke|p1|Clefable, L50, M|\n|poke|p1|Espathra, L50, F|\n|poke|p1|Charizard, L50, F|\n|poke|p1|Hippowdon, L50, M|\n|poke|p1|Rotom-Wash, L50, shiny|\n|poke|p1|Garchomp, L50, M|\n|poke|p2|Dragapult, L50, F|\n|poke|p2|Lopunny, L50, M|\n|poke|p2|Rotom-Wash, L50|\n|poke|p2|Archaludon, L50, M|\n|poke|p2|Mimikyu, L50, F|\n|poke|p2|Delphox, L50, F|\n|teampreview|3\n|inactive|Battle timer is ON: inactive players will automatically lose when time's up. (requested by joguri)\n|\n|t:|1776521740\n|teamsize|p1|3\n|teamsize|p2|3\n|start\n|switch|p1a: Hippowdon|Hippowdon, L50, M|100/100\n|switch|p2a: Mimikyu|Mimikyu, L50, F|100/100\n|-weather|Sandstorm|[from] ability: Sand Stream|[of] p1a: Hippowdon\n|turn|1\n|\n|t:|1776521750\n|move|p2a: Mimikyu|Taunt|p1a: Hippowdon\n|-start|p1a: Hippowdon|move: Taunt\n|cant|p1a: Hippowdon|move: Taunt|Yawn\n|\n|-weather|Sandstorm|[upkeep]\n|-damage|p2a: Mimikyu|94/100|[from] Sandstorm\n|upkeep\n|turn|2\n|\n|t:|1776521765\n|switch|p1a: Espathra|Espathra, L50, F|100/100\n|move|p2a: Mimikyu|Swords Dance|p2a: Mimikyu\n|-boost|p2a: Mimikyu|atk|2\n|\n|-weather|Sandstorm|[upkeep]\n|-damage|p1a: Espathra|95/100|[from] Sandstorm\n|-damage|p2a: Mimikyu|88/100|[from] Sandstorm\n|-heal|p1a: Espathra|100/100|[from] item: Leftovers\n|upkeep\n|turn|3\n|\n|t:|1776521776\n|move|p1a: Espathra|Protect|p1a: Espathra\n|-singleturn|p1a: Espathra|Protect\n|move|p2a: Mimikyu|Taunt|p1a: Espathra\n|-activate|p1a: Espathra|move: Protect\n|\n|-weather|Sandstorm|[upkeep]\n|-damage|p1a: Espathra|95/100|[from] Sandstorm\n|-damage|p2a: Mimikyu|82/100|[from] Sandstorm\n|-heal|p1a: Espathra|100/100|[from] item: Leftovers\n|-ability|p1a: Espathra|Speed Boost|boost\n|-boost|p1a: Espathra|spe|1\n|upkeep\n|turn|4\n|inactive|joguri has 30 seconds left.\n|\n|t:|1776521803\n|move|p1a: Espathra|Lumina Crash|p2a: Mimikyu\n|-activate|p2a: Mimikyu|ability: Disguise\n|-damage|p2a: Mimikyu|82/100\n|-unboost|p2a: Mimikyu|spd|2\n|detailschange|p2a: Mimikyu|Mimikyu-Busted, L50, F\n|-damage|p2a: Mimikyu|70/100|[from] pokemon: Mimikyu-Busted\n|move|p2a: Mimikyu|Taunt|p1a: Espathra\n|-start|p1a: Espathra|move: Taunt\n|\n|-weather|Sandstorm|[upkeep]\n|-damage|p1a: Espathra|95/100|[from] Sandstorm\n|-damage|p2a: Mimikyu|63/100|[from] Sandstorm\n|-heal|p1a: Espathra|100/100|[from] item: Leftovers\n|-ability|p1a: Espathra|Speed Boost|boost\n|-boost|p1a: Espathra|spe|1\n|upkeep\n|turn|5\n|\n|t:|1776521820\n|switch|p2a: Archaludon|Archaludon, L50, M|100/100\n|move|p1a: Espathra|Lumina Crash|p2a: Archaludon\n|-resisted|p2a: Archaludon|1\n|-damage|p2a: Archaludon|82/100\n|-unboost|p2a: Archaludon|spd|2\n|-ability|p2a: Archaludon|Stamina|boost\n|-boost|p2a: Archaludon|def|1\n|-enditem|p2a: Archaludon|White Herb\n|-clearnegativeboost|p2a: Archaludon|[silent]\n|\n|-weather|none\n|-ability|p1a: Espathra|Speed Boost|boost\n|-boost|p1a: Espathra|spe|1\n|upkeep\n|turn|6\n|\n|t:|1776521835\n|move|p1a: Espathra|Lumina Crash|p2a: Archaludon\n|-resisted|p2a: Archaludon|1\n|-damage|p2a: Archaludon|63/100\n|-unboost|p2a: Archaludon|spd|2\n|-ability|p2a: Archaludon|Stamina|boost\n|-boost|p2a: Archaludon|def|1\n|move|p2a: Archaludon|Draco Meteor|p1a: Espathra\n|-damage|p1a: Espathra|15/100\n|-unboost|p2a: Archaludon|spa|2\n|\n|-heal|p1a: Espathra|21/100|[from] item: Leftovers\n|-ability|p1a: Espathra|Speed Boost|boost\n|-boost|p1a: Espathra|spe|1\n|upkeep\n|turn|7\n|\n|t:|1776521855\n|move|p1a: Espathra|Lumina Crash|p2a: Archaludon\n|-resisted|p2a: Archaludon|1\n|-crit|p2a: Archaludon\n|-damage|p2a: Archaludon|8/100\n|-unboost|p2a: Archaludon|spd|2\n|-ability|p2a: Archaludon|Stamina|boost\n|-boost|p2a: Archaludon|def|1\n|move|p2a: Archaludon|Draco Meteor|p1a: Espathra|[miss]\n|-miss|p2a: Archaludon|p1a: Espathra\n|\n|-heal|p1a: Espathra|27/100|[from] item: Leftovers\n|-end|p1a: Espathra|move: Taunt\n|-ability|p1a: Espathra|Speed Boost|boost\n|-boost|p1a: Espathra|spe|1\n|upkeep\n|turn|8\n|\n|t:|1776521871\n|move|p1a: Espathra|Lumina Crash|p2a: Archaludon\n|-resisted|p2a: Archaludon|1\n|-damage|p2a: Archaludon|0 fnt\n|faint|p2a: Archaludon\n|\n|-heal|p1a: Espathra|33/100|[from] item: Leftovers\n|-ability|p1a: Espathra|Speed Boost|boost\n|-boost|p1a: Espathra|spe|1\n|upkeep\n|\n|t:|1776521880\n|switch|p2a: Lopunny|Lopunny, L50, M|100/100\n|turn|9\n|\n|t:|1776521890\n|detailschange|p2a: Lopunny|Lopunny-Mega, L50, M\n|-mega|p2a: Lopunny|Lopunny|Lopunnite\n|move|p1a: Espathra|Protect|p1a: Espathra\n|-singleturn|p1a: Espathra|Protect\n|move|p2a: Lopunny|Fake Out|p1a: Espathra\n|-activate|p1a: Espathra|move: Protect\n|\n|-heal|p1a: Espathra|39/100|[from] item: Leftovers\n|upkeep\n|turn|10\n|\n|t:|1776521903\n|move|p1a: Espathra|Baton Pass|p1a: Espathra\n|\n|t:|1776521904\n|switch|p1a: Clefable|Clefable, L50, M|100/100|[from] Baton Pass\n|move|p2a: Lopunny|U-turn|p1a: Clefable\n|-resisted|p1a: Clefable|1\n|-damage|p1a: Clefable|89/100\n|\n|t:|1776521911\n|switch|p2a: Mimikyu|Mimikyu-Busted, L50, F|63/100|[from] U-turn\n|\n|upkeep\n|turn|11\n|\n|t:|1776521922\n|move|p2a: Mimikyu|Shadow Sneak|p1a: Clefable\n|-damage|p1a: Clefable|74/100\n|move|p1a: Clefable|Stored Power|p2a: Mimikyu\n|-damage|p2a: Mimikyu|31/100\n|-enditem|p2a: Mimikyu|Sitrus Berry|[eat]\n|-heal|p2a: Mimikyu|55/100|[from] item: Sitrus Berry\n|\n|upkeep\n|turn|12\n|\n|t:|1776521931\n|move|p2a: Mimikyu|Shadow Sneak|p1a: Clefable\n|-damage|p1a: Clefable|58/100\n|move|p1a: Clefable|Cosmic Power|p1a: Clefable\n|-boost|p1a: Clefable|def|1\n|-boost|p1a: Clefable|spd|1\n|\n|upkeep\n|turn|13\n|\n|t:|1776521942\n|detailschange|p1a: Clefable|Clefable-Mega, L50, M\n|-mega|p1a: Clefable|Clefable|Clefablite\n|move|p1a: Clefable|Cosmic Power|p1a: Clefable\n|-boost|p1a: Clefable|def|1\n|-boost|p1a: Clefable|spd|1\n|move|p2a: Mimikyu|Taunt|p1a: Clefable\n|move|p1a: Clefable|Taunt|p2a: Mimikyu|[from] ability: Magic Bounce\n|-start|p2a: Mimikyu|move: Taunt\n|\n|upkeep\n|turn|14\n|-message|unica11 forfeited.\n|\n|win|joguri\n|raw|joguri's rating: 1261 &rarr; <strong>1282</strong><br />(+21 for winning)\n|raw|unica11's rating: 1206 &rarr; <strong>1185</strong><br />(-21 for losing)\n|l|\u2606unica11\n|player|p2|\n",
  "uploadtime": 1776521958,
  "views": 5,
  "formatid": "gen9championsbssregma",
  "rating": 1185,
  "private": 0,
  "password": null
}