{
  "id": "gen9championsbssregma-2587944918",
  "format": "[Gen 9 Champions] BSS Reg M-A",
  "players": [
    "Benjamin2025",
    "asasdfaf"
  ],
  "log": "|j|\u2606Benjamin2025\n|j|\u2606asasdfaf\n|t:|1776582794\n|gametype|singles\n|player|p1|Benjamin2025|266|1134\n|player|p2|asasdfaf|265|1164\n|gen|9\n|tier|[Gen 9 Champions] BSS Reg M-A\n|rated|\n|rule|Species Clause: Limit one of each Pok\u00e9mon\n|rule|Item Clause: Limit 1 of each item\n|clearpoke\n|poke|p1|Garchomp, L50, M|\n|poke|p1|Primarina, L50, F|\n|poke|p1|Slowking-Galar, L50, F|\n|poke|p1|Rotom-Heat, L50|\n|poke|p1|Lopunny, L50, M|\n|poke|p1|Kangaskhan, L50, F|\n|poke|p2|Feraligatr, L50, F|\n|poke|p2|Aegislash, L50, M|\n|poke|p2|Garchomp, L50, M|\n|poke|p2|Rotom-Heat, L50|\n|poke|p2|Venusaur, L50, F|\n|poke|p2|Clefable, L50, F|\n|teampreview|3\n|inactive|Battle timer is ON: inactive players will automatically lose when time's up. (requested by asasdfaf)\n|\n|t:|1776582818\n|teamsize|p1|3\n|teamsize|p2|3\n|start\n|switch|p1a: Garchomp|Garchomp, L50, M|100/100\n|switch|p2a: Aegislash|Aegislash, L50, M|100/100\n|turn|1\n|\n|t:|1776582839\n|move|p1a: Garchomp|Earthquake|p2a: Aegislash\n|-supereffective|p2a: Aegislash|1\n|-damage|p2a: Aegislash|13/100\n|-formechange|p2a: Aegislash|Aegislash-Blade|\n|move|p2a: Aegislash|Shadow Ball|p1a: Garchomp\n|-damage|p1a: Garchomp|47/100\n|-unboost|p1a: Garchomp|spd|1\n|\n|-heal|p2a: Aegislash|19/100|[from] item: Leftovers\n|upkeep\n|turn|2\n|\n|t:|1776582863\n|move|p1a: Garchomp|Earthquake|p2a: Aegislash\n|-supereffective|p2a: Aegislash|1\n|-damage|p2a: Aegislash|0 fnt\n|faint|p2a: Aegislash\n|\n|upkeep\n|\n|t:|1776582873\n|switch|p2a: Rotom|Rotom-Heat, L50|100/100\n|turn|3\n|\n|t:|1776582877\n|switch|p1a: Slowking|Slowking-Galar, L50, F|100/100\n|move|p2a: Rotom|Trick|p1a: Slowking\n|-activate|p2a: Rotom|move: Trick|[of] p1a: Slowking\n|-item|p1a: Slowking|Choice Scarf|[from] move: Trick\n|-item|p2a: Rotom|Leftovers|[from] move: Trick\n|\n|upkeep\n|turn|4\n|\n|t:|1776582891\n|move|p2a: Rotom|Discharge|p1a: Slowking\n|-crit|p1a: Slowking\n|-damage|p1a: Slowking|65/100\n|move|p1a: Slowking|Toxic|p2a: Rotom\n|-status|p2a: Rotom|tox\n|\n|-damage|p2a: Rotom|95/100 tox|[from] psn\n|upkeep\n|turn|5\n|\n|t:|1776582906\n|switch|p1a: Garchomp|Garchomp, L50, M|47/100\n|move|p2a: Rotom|Overheat|p1a: Garchomp\n|-resisted|p1a: Garchomp|1\n|-damage|p1a: Garchomp|13/100\n|-unboost|p2a: Rotom|spa|2\n|\n|-heal|p2a: Rotom|100/100 tox|[from] item: Leftovers\n|-damage|p2a: Rotom|89/100 tox|[from] psn\n|upkeep\n|turn|6\n|\n|t:|1776582923\n|move|p1a: Garchomp|Rock Slide|p2a: Rotom|[miss]\n|-miss|p1a: Garchomp|p2a: Rotom\n|move|p2a: Rotom|Overheat|p1a: Garchomp\n|-resisted|p1a: Garchomp|1\n|-damage|p1a: Garchomp|0 fnt\n|-unboost|p2a: Rotom|spa|2\n|faint|p1a: Garchomp\n|\n|-heal|p2a: Rotom|95/100 tox|[from] item: Leftovers\n|-damage|p2a: Rotom|78/100 tox|[from] psn\n|upkeep\n|\n|t:|1776582936\n|switch|p1a: Slowking|Slowking-Galar, L50, F|98/100\n|turn|7\n|\n|t:|1776582940\n|move|p2a: Rotom|Discharge|p1a: Slowking\n|-damage|p1a: Slowking|90/100\n|move|p1a: Slowking|Sludge Wave|p2a: Rotom\n|-damage|p2a: Rotom|30/100 tox\n|\n|-heal|p2a: Rotom|36/100 tox|[from] item: Leftovers\n|-damage|p2a: Rotom|14/100 tox|[from] psn\n|upkeep\n|turn|8\n|\n|t:|1776582953\n|move|p2a: Rotom|Discharge|p1a: Slowking\n|-damage|p1a: Slowking|82/100\n|move|p1a: Slowking|Sludge Wave|p2a: Rotom\n|-damage|p2a: Rotom|0 fnt\n|faint|p2a: Rotom\n|\n|upkeep\n|\n|t:|1776582957\n|switch|p2a: Feraligatr|Feraligatr, L50, F|100/100\n|turn|9\n|\n|t:|1776582967\n|detailschange|p2a: Feraligatr|Feraligatr-Mega, L50, F\n|-mega|p2a: Feraligatr|Feraligatr|Feraligite\n|move|p2a: Feraligatr|Dragon Dance|p2a: Feraligatr\n|-boost|p2a: Feraligatr|atk|1\n|-boost|p2a: Feraligatr|spe|1\n|move|p1a: Slowking|Sludge Wave|p2a: Feraligatr\n|-damage|p2a: Feraligatr|67/100\n|\n|upkeep\n|turn|10\n|\n|t:|1776582980\n|move|p2a: Feraligatr|Dragon Dance|p2a: Feraligatr\n|-boost|p2a: Feraligatr|atk|1\n|-boost|p2a: Feraligatr|spe|1\n|move|p1a: Slowking|Sludge Wave|p2a: Feraligatr\n|-damage|p2a: Feraligatr|31/100\n|\n|upkeep\n|turn|11\n|\n|t:|1776582987\n|move|p2a: Feraligatr|Liquidation|p1a: Slowking\n|-damage|p1a: Slowking|0 fnt\n|faint|p1a: Slowking\n|\n|upkeep\n|\n|t:|1776582991\n|switch|p1a: Kangaskhan|Kangaskhan, L50, F|100/100\n|turn|12\n|\n|t:|1776582997\n|detailschange|p1a: Kangaskhan|Kangaskhan-Mega, L50, F\n|-mega|p1a: Kangaskhan|Kangaskhan|Kangaskhanite\n|move|p2a: Feraligatr|Liquidation|p1a: Kangaskhan\n|-damage|p1a: Kangaskhan|28/100\n|move|p1a: Kangaskhan|Double-Edge|p2a: Feraligatr\n|-damage|p2a: Feraligatr|0 fnt\n|faint|p2a: Feraligatr\n|-hitcount|p2: Feraligatr|1\n|-damage|p1a: Kangaskhan|19/100|[from] Recoil\n|\n|win|Benjamin2025\n|raw|Benjamin2025's rating: 1134 &rarr; <strong>1161</strong><br />(+27 for winning)\n|raw|asasdfaf's rating: 1164 &rarr; <strong>1137</strong><br />(-27 for losing)\n",
  "uploadtime": 1776582999,
  "views": 1,
  "formatid": "gen9championsbssregma",
  "rating": 1137,
  "private": 0,
  "password": null
}