{
  "id": "gen9championsbssregma-2588526846",
  "format": "[Gen 9 Champions] BSS Reg M-A",
  "players": [
    "DerpySuX",
    "Palafin Enjoyer"
  ],
  "log": "|j|\u2606DerpySuX\n|j|\u2606Palafin Enjoyer\n|inactive|Battle timer is ON: inactive players will automatically lose when time's up.\n|t:|1776641757\n|gametype|singles\n|player|p1|DerpySuX|#derpysux|\n|player|p2|Palafin Enjoyer|yellow|\n|gen|9\n|tier|[Gen 9 Champions] BSS Reg M-A\n|rated|Tournament battle\n|rule|Species Clause: Limit one of each Pok\u00e9mon\n|rule|Item Clause: Limit 1 of each item\n|clearpoke\n|poke|p1|Charizard, L50, F|\n|poke|p1|Hippowdon, L50, M|\n|poke|p1|Primarina, L50, F|\n|poke|p1|Meowscarada, L50, F|\n|poke|p1|Sneasler, L50, F|\n|poke|p1|Starmie, L50|\n|poke|p2|Palafin, L50, M|\n|poke|p2|Floette-Eternal, L50, F|\n|poke|p2|Alakazam, L50, F|\n|poke|p2|Kingambit, L50, M, shiny|\n|poke|p2|Gliscor, L50, M, shiny|\n|poke|p2|Tsareena, L50, F, shiny|\n|teampreview|3\n|inactive|DerpySuX also wants the timer to be on.\n|c|\u2606DerpySuX|hf!\n|\n|t:|1776641787\n|teamsize|p1|3\n|teamsize|p2|3\n|start\n|switch|p1a: CIRCUS CONTRAPTION|Meowscarada, L50, F|100/100\n|switch|p2a: Alakazam|Alakazam, L50, F|100/100\n|turn|1\n|\n|t:|1776641792\n|move|p1a: CIRCUS CONTRAPTION|U-turn|p2a: Alakazam\n|-start|p1a: CIRCUS CONTRAPTION|typechange|Bug|[from] ability: Protean\n|-supereffective|p2a: Alakazam|1\n|-crit|p2a: Alakazam\n|-enditem|p2a: Alakazam|Focus Sash\n|-damage|p2a: Alakazam|1/100\n|\n|t:|1776641794\n|switch|p1a: FEMME FATALE|Sneasler, L50, F|100/100|[from] U-turn\n|move|p2a: Alakazam|Thunder Wave|p1a: FEMME FATALE\n|-status|p1a: FEMME FATALE|par\n|\n|upkeep\n|turn|2\n|\n|t:|1776641802\n|move|p2a: Alakazam|Psyshock|p1a: FEMME FATALE\n|-supereffective|p1a: FEMME FATALE|2\n|-enditem|p1a: FEMME FATALE|Focus Sash\n|-damage|p1a: FEMME FATALE|1/100 par\n|move|p1a: FEMME FATALE|Throat Chop|p2a: Alakazam\n|-supereffective|p2a: Alakazam|1\n|-damage|p2a: Alakazam|0 fnt\n|faint|p2a: Alakazam\n|\n|upkeep\n|\n|t:|1776641806\n|switch|p2a: Tsareena|Tsareena, L50, F, shiny|100/100\n|turn|3\n|\n|t:|1776641808\n|cant|p1a: FEMME FATALE|par\n|move|p2a: Tsareena|Rapid Spin|p1a: FEMME FATALE\n|-damage|p1a: FEMME FATALE|0 fnt\n|-boost|p2a: Tsareena|spe|1\n|faint|p1a: FEMME FATALE\n|\n|upkeep\n|\n|t:|1776641810\n|switch|p1a: WHEN DAY BREAKS|Charizard, L50, F|100/100\n|turn|4\n|\n|t:|1776641818\n|detailschange|p1a: WHEN DAY BREAKS|Charizard-Mega-Y, L50, F\n|-mega|p1a: WHEN DAY BREAKS|Charizard|Charizardite Y\n|-weather|SunnyDay|[from] ability: Drought|[of] p1a: WHEN DAY BREAKS\n|move|p1a: WHEN DAY BREAKS|Flame Charge|p2a: Tsareena\n|-supereffective|p2a: Tsareena|1\n|-crit|p2a: Tsareena\n|-enditem|p2a: Tsareena|Occa Berry|[eat]\n|-enditem|p2a: Tsareena|Occa Berry|[weaken]\n|-damage|p2a: Tsareena|61/100\n|-boost|p1a: WHEN DAY BREAKS|spe|1\n|move|p2a: Tsareena|Triple Axel|p1a: WHEN DAY BREAKS\n|-damage|p1a: WHEN DAY BREAKS|92/100\n|-damage|p1a: WHEN DAY BREAKS|75/100\n|-damage|p1a: WHEN DAY BREAKS|51/100\n|-hitcount|p1a: WHEN DAY BREAKS|3\n|\n|-weather|SunnyDay|[upkeep]\n|upkeep\n|turn|5\n|\n|t:|1776641831\n|move|p1a: WHEN DAY BREAKS|Flamethrower|p2a: Tsareena\n|-supereffective|p2a: Tsareena|1\n|-damage|p2a: Tsareena|0 fnt\n|faint|p2a: Tsareena\n|\n|-weather|SunnyDay|[upkeep]\n|upkeep\n|\n|t:|1776641832\n|switch|p2a: Floette|Floette-Eternal, L50, F|100/100\n|turn|6\n|\n|t:|1776641836\n|detailschange|p2a: Floette|Floette-Mega, L50, F\n|-mega|p2a: Floette|Floette|Floettite\n|-ability|p2a: Floette|Fairy Aura\n|move|p1a: WHEN DAY BREAKS|Flamethrower|p2a: Floette\n|-damage|p2a: Floette|41/100\n|move|p2a: Floette|Moonblast|p1a: WHEN DAY BREAKS\n|-resisted|p1a: WHEN DAY BREAKS|1\n|-damage|p1a: WHEN DAY BREAKS|14/100\n|\n|-weather|SunnyDay|[upkeep]\n|upkeep\n|turn|7\n|\n|t:|1776641839\n|move|p1a: WHEN DAY BREAKS|Flamethrower|p2a: Floette\n|-damage|p2a: Floette|0 fnt\n|faint|p2a: Floette\n|\n|win|DerpySuX\n|n|\u2606DerpySuX|derpysux\n|n|\u2606Palafin Enjoyer|palafinenjoyer\n|l|\u2606Palafin Enjoyer\n|player|p2|\n|c|\u2606DerpySuX|gg\n",
  "uploadtime": 1776641850,
  "views": 6,
  "formatid": "gen9championsbssregma",
  "rating": null,
  "private": 0,
  "password": null
}