{
  "id": "gen9championsbssregma-2582094174",
  "format": "[Gen 9 Champions] BSS Reg M-A",
  "players": [
    "karbain",
    "bregogo"
  ],
  "log": "|j|\u2606karbain\n|j|\u2606bregogo\n|t:|1776057108\n|gametype|singles\n|player|p1|karbain|170|1314\n|player|p2|bregogo|101|1213\n|gen|9\n|tier|[Gen 9 Champions] BSS Reg M-A\n|rated|\n|rule|Species Clause: Limit one of each Pok\u00e9mon\n|rule|Item Clause: Limit 1 of each item\n|clearpoke\n|poke|p1|Basculegion, L50, M|\n|poke|p1|Delphox, L50, M|\n|poke|p1|Lopunny, L50, M|\n|poke|p1|Corviknight, L50, F|\n|poke|p1|Bellibolt, L50, F|\n|poke|p1|Garchomp, L50, M|\n|poke|p2|Chandelure, L50, F|\n|poke|p2|Forretress, L50, M|\n|poke|p2|Meowscarada, L50, M|\n|poke|p2|Manectric, L50, M|\n|poke|p2|Zoroark-Hisui, L50, F|\n|poke|p2|Kingambit, L50, M|\n|teampreview|3\n|j| p74\n|inactive|Battle timer is ON: inactive players will automatically lose when time's up. (requested by bregogo)\n|\n|t:|1776057163\n|teamsize|p1|3\n|teamsize|p2|3\n|start\n|switch|p1a: Delphox|Delphox, L50, M|100/100\n|switch|p2a: Forretress|Forretress, L50, M|100/100\n|turn|1\n|\n|t:|1776057181\n|switch|p2a: Chandelure|Chandelure, L50, F|100/100\n|detailschange|p1a: Delphox|Delphox-Mega, L50, M\n|-mega|p1a: Delphox|Delphox|Delphoxite\n|move|p1a: Delphox|Substitute|p1a: Delphox\n|-start|p1a: Delphox|Substitute\n|-damage|p1a: Delphox|76/100\n|\n|upkeep\n|turn|2\n|\n|t:|1776057189\n|detailschange|p2a: Chandelure|Chandelure-Mega, L50, F\n|-mega|p2a: Chandelure|Chandelure|Chandelurite\n|move|p1a: Delphox|Psyshock|p2a: Chandelure\n|-damage|p2a: Chandelure|49/100\n|move|p2a: Chandelure|Shadow Ball|p1a: Delphox\n|-supereffective|p1a: Delphox|1\n|-damage|p1a: Delphox|0 fnt\n|faint|p1a: Delphox\n|\n|upkeep\n|j| ConquestGanda\n|\n|t:|1776057198\n|switch|p1a: Bellibolt|Bellibolt, L50, F|100/100\n|turn|3\n|\n|t:|1776057205\n|move|p2a: Chandelure|Flamethrower|p1a: Bellibolt\n|-damage|p1a: Bellibolt|50/100\n|-start|p1a: Bellibolt|Charge|Flamethrower|[from] ability: Electromorphosis\n|-enditem|p1a: Bellibolt|Sitrus Berry|[eat]\n|-heal|p1a: Bellibolt|75/100|[from] item: Sitrus Berry\n|move|p1a: Bellibolt|Parabolic Charge|p2a: Chandelure\n|-damage|p2a: Chandelure|0 fnt\n|-heal|p1a: Bellibolt|95/100|[from] drain|[of] p2a: Chandelure\n|faint|p2a: Chandelure\n|-end|p1a: Bellibolt|Charge|[silent]\n|\n|upkeep\n|\n|t:|1776057221\n|switch|p2a: Forretress|Forretress, L50, M|100/100\n|turn|4\n|-activate|p2a: Forretress|item: Quick Claw\n|\n|t:|1776057227\n|move|p2a: Forretress|Stealth Rock|p1a: Bellibolt\n|-sidestart|p1: karbain|move: Stealth Rock\n|move|p1a: Bellibolt|Parabolic Charge|p2a: Forretress\n|-damage|p2a: Forretress|57/100\n|-heal|p1a: Bellibolt|100/100|[from] drain|[of] p2a: Forretress\n|\n|upkeep\n|turn|5\n|\n|t:|1776057245\n|move|p1a: Bellibolt|Parabolic Charge|p2a: Forretress\n|-damage|p2a: Forretress|11/100\n|move|p2a: Forretress|Explosion|p1a: Bellibolt\n|-damage|p1a: Bellibolt|30/100\n|-start|p1a: Bellibolt|Charge|Explosion|[from] ability: Electromorphosis\n|faint|p2a: Forretress\n|\n|upkeep\n|\n|t:|1776057255\n|switch|p2a: Meowscarada|Meowscarada, L50, M|100/100\n|turn|6\n|\n|t:|1776057271\n|move|p2a: Meowscarada|Triple Axel|p1a: Bellibolt\n|-start|p2a: Meowscarada|typechange|Ice|[from] ability: Protean\n|-damage|p1a: Bellibolt|19/100\n|-start|p1a: Bellibolt|Charge|Triple Axel|[from] ability: Electromorphosis\n|-damage|p1a: Bellibolt|0 fnt\n|faint|p1a: Bellibolt\n|-hitcount|p1: Bellibolt|2\n|\n|upkeep\n|\n|t:|1776057279\n|switch|p1a: Corviknight|Corviknight, L50, F|100/100\n|-damage|p1a: Corviknight|88/100|[from] Stealth Rock\n|turn|7\n|\n|t:|1776057283\n|move|p2a: Meowscarada|Triple Axel|p1a: Corviknight|[miss]\n|-miss|p2a: Meowscarada|p1a: Corviknight\n|move|p1a: Corviknight|Iron Defense|p1a: Corviknight\n|-boost|p1a: Corviknight|def|2\n|\n|-heal|p1a: Corviknight|94/100|[from] item: Leftovers\n|upkeep\n|turn|8\n|\n|t:|1776057290\n|move|p2a: Meowscarada|Triple Axel|p1a: Corviknight\n|-damage|p1a: Corviknight|91/100\n|-damage|p1a: Corviknight|83/100\n|-damage|p1a: Corviknight|73/100\n|-hitcount|p1a: Corviknight|3\n|move|p1a: Corviknight|Body Press|p2a: Meowscarada\n|-supereffective|p2a: Meowscarada|1\n|-damage|p2a: Meowscarada|0 fnt\n|faint|p2a: Meowscarada\n|\n|win|karbain\n|raw|karbain's rating: 1314 &rarr; <strong>1328</strong><br />(+14 for winning)\n|raw|bregogo's rating: 1213 &rarr; <strong>1195</strong><br />(-18 for losing)\n|j| zmchih2\n|l|\u2606bregogo\n|player|p2|\n|l|\u2606karbain\n|player|p1|\n|l| zmchih2\n",
  "uploadtime": 1776057362,
  "views": 3,
  "formatid": "gen9championsbssregma",
  "rating": 1195,
  "private": 0,
  "password": null
}