{
  "id": "gen9championsbssregma-2583336232",
  "format": "[Gen 9 Champions] BSS Reg M-A",
  "players": [
    "BigMistakeBuddy",
    "Hinya"
  ],
  "log": "|j|\u2606BigMistakeBuddy\n|j|\u2606Hinya\n|t:|1776168027\n|gametype|singles\n|player|p1|BigMistakeBuddy|juan|1231\n|player|p2|Hinya|arezu|1202\n|gen|9\n|tier|[Gen 9 Champions] BSS Reg M-A\n|rated|\n|rule|Species Clause: Limit one of each Pok\u00e9mon\n|rule|Item Clause: Limit 1 of each item\n|clearpoke\n|poke|p1|Victreebel, L50, F|\n|poke|p1|Primarina, L50, M|\n|poke|p1|Goodra-Hisui, L50, F|\n|poke|p1|Gengar, L50, F|\n|poke|p1|Glimmora, L50, F|\n|poke|p1|Tauros-Paldea-Blaze, L50, M|\n|poke|p2|Garchomp, L50, M|\n|poke|p2|Banette, L50, M|\n|poke|p2|Meowscarada, L50, M|\n|poke|p2|Floette-Eternal, L50, F|\n|poke|p2|Aegislash, L50, M|\n|poke|p2|Archaludon, L50, M|\n|teampreview|3\n|inactive|Battle timer is ON: inactive players will automatically lose when time's up. (requested by Hinya)\n|\n|t:|1776168055\n|teamsize|p1|3\n|teamsize|p2|3\n|start\n|switch|p1a: Goodra|Goodra-Hisui, L50, F|100/100\n|switch|p2a: \ube0c\ub9ac\ub450\ub77c\uc2a4|Archaludon, L50, M|100/100\n|turn|1\n|\n|t:|1776168059\n|move|p2a: \ube0c\ub9ac\ub450\ub77c\uc2a4|Stealth Rock|p1a: Goodra\n|-sidestart|p1: BigMistakeBuddy|move: Stealth Rock\n|move|p1a: Goodra|Body Press|p2a: \ube0c\ub9ac\ub450\ub77c\uc2a4\n|-supereffective|p2a: \ube0c\ub9ac\ub450\ub77c\uc2a4|1\n|-damage|p2a: \ube0c\ub9ac\ub450\ub77c\uc2a4|73/100\n|-ability|p2a: \ube0c\ub9ac\ub450\ub77c\uc2a4|Stamina|boost\n|-boost|p2a: \ube0c\ub9ac\ub450\ub77c\uc2a4|def|1\n|\n|upkeep\n|turn|2\n|\n|t:|1776168066\n|move|p2a: \ube0c\ub9ac\ub450\ub77c\uc2a4|Substitute|p2a: \ube0c\ub9ac\ub450\ub77c\uc2a4\n|-start|p2a: \ube0c\ub9ac\ub450\ub77c\uc2a4|Substitute\n|-damage|p2a: \ube0c\ub9ac\ub450\ub77c\uc2a4|48/100\n|-enditem|p2a: \ube0c\ub9ac\ub450\ub77c\uc2a4|Sitrus Berry|[eat]\n|-heal|p2a: \ube0c\ub9ac\ub450\ub77c\uc2a4|73/100|[from] item: Sitrus Berry\n|move|p1a: Goodra|Dragon Tail|p2a: \ube0c\ub9ac\ub450\ub77c\uc2a4\n|-activate|p2a: \ube0c\ub9ac\ub450\ub77c\uc2a4|move: Substitute|[damage]\n|\n|upkeep\n|turn|3\n|\n|t:|1776168070\n|move|p1a: Goodra|Body Press|p2a: \ube0c\ub9ac\ub450\ub77c\uc2a4\n|-supereffective|p2a: \ube0c\ub9ac\ub450\ub77c\uc2a4|1\n|-end|p2a: \ube0c\ub9ac\ub450\ub77c\uc2a4|Substitute\n|move|p2a: \ube0c\ub9ac\ub450\ub77c\uc2a4|Dragon Tail|p1a: Goodra\n|-damage|p1a: Goodra|78/100\n|drag|p1a: Victreebel|Victreebel, L50, F, shiny|100/100\n|-damage|p1a: Victreebel|88/100|[from] Stealth Rock\n|\n|upkeep\n|turn|4\n|\n|t:|1776168087\n|switch|p1a: Tauros|Tauros-Paldea-Blaze, L50, M|100/100\n|-damage|p1a: Tauros|88/100|[from] Stealth Rock\n|-ability|p1a: Tauros|Intimidate|boost\n|-unboost|p2a: \ube0c\ub9ac\ub450\ub77c\uc2a4|atk|1\n|move|p2a: \ube0c\ub9ac\ub450\ub77c\uc2a4|Substitute|p2a: \ube0c\ub9ac\ub450\ub77c\uc2a4\n|-start|p2a: \ube0c\ub9ac\ub450\ub77c\uc2a4|Substitute\n|-damage|p2a: \ube0c\ub9ac\ub450\ub77c\uc2a4|48/100\n|\n|upkeep\n|turn|5\n|\n|t:|1776168092\n|move|p1a: Tauros|Raging Bull|p2a: \ube0c\ub9ac\ub450\ub77c\uc2a4\n|-activate|p2a: \ube0c\ub9ac\ub450\ub77c\uc2a4|move: Substitute|[damage]\n|move|p2a: \ube0c\ub9ac\ub450\ub77c\uc2a4|Dragon Tail|p1a: Tauros\n|-damage|p1a: Tauros|72/100\n|drag|p1a: Goodra|Goodra-Hisui, L50, F|78/100\n|-damage|p1a: Goodra|72/100|[from] Stealth Rock\n|\n|upkeep\n|turn|6\n|j| p74\n|\n|t:|1776168101\n|move|p1a: Goodra|Body Press|p2a: \ube0c\ub9ac\ub450\ub77c\uc2a4\n|-supereffective|p2a: \ube0c\ub9ac\ub450\ub77c\uc2a4|1\n|-end|p2a: \ube0c\ub9ac\ub450\ub77c\uc2a4|Substitute\n|move|p2a: \ube0c\ub9ac\ub450\ub77c\uc2a4|Dragon Tail|p1a: Goodra\n|-damage|p1a: Goodra|59/100\n|drag|p1a: Tauros|Tauros-Paldea-Blaze, L50, M|72/100\n|-damage|p1a: Tauros|60/100|[from] Stealth Rock\n|-ability|p1a: Tauros|Intimidate|boost\n|-unboost|p2a: \ube0c\ub9ac\ub450\ub77c\uc2a4|atk|1\n|\n|upkeep\n|turn|7\n|\n|t:|1776168109\n|move|p1a: Tauros|Close Combat|p2a: \ube0c\ub9ac\ub450\ub77c\uc2a4\n|-supereffective|p2a: \ube0c\ub9ac\ub450\ub77c\uc2a4|1\n|-damage|p2a: \ube0c\ub9ac\ub450\ub77c\uc2a4|0 fnt\n|-unboost|p1a: Tauros|def|1\n|-unboost|p1a: Tauros|spd|1\n|faint|p2a: \ube0c\ub9ac\ub450\ub77c\uc2a4\n|-enditem|p1a: Tauros|White Herb\n|-clearnegativeboost|p1a: Tauros|[silent]\n|\n|upkeep\n|\n|t:|1776168113\n|switch|p2a: \ub2e4\ud06c\ud3ab|Banette, L50, M|100/100\n|turn|8\n|\n|t:|1776168131\n|detailschange|p2a: \ub2e4\ud06c\ud3ab|Banette-Mega, L50, M\n|-mega|p2a: \ub2e4\ud06c\ud3ab|Banette|Banettite\n|move|p2a: \ub2e4\ud06c\ud3ab|Encore|p1a: Tauros\n|-start|p1a: Tauros|Encore\n|move|p1a: Tauros|Close Combat|p2a: \ub2e4\ud06c\ud3ab\n|-immune|p2a: \ub2e4\ud06c\ud3ab\n|\n|upkeep\n|turn|9\n|\n|t:|1776168137\n|switch|p1a: Goodra|Goodra-Hisui, L50, F|59/100\n|-damage|p1a: Goodra|53/100|[from] Stealth Rock\n|move|p2a: \ub2e4\ud06c\ud3ab|Poltergeist|p1a: Goodra\n|-activate|p1a: Goodra|move: Poltergeist|Sitrus Berry\n|-damage|p1a: Goodra|0 fnt\n|faint|p1a: Goodra\n|\n|upkeep\n|\n|t:|1776168141\n|switch|p1a: Victreebel|Victreebel, L50, F, shiny|88/100\n|-damage|p1a: Victreebel|76/100|[from] Stealth Rock\n|turn|10\n|\n|t:|1776168152\n|detailschange|p1a: Victreebel|Victreebel-Mega, L50, F, shiny\n|-mega|p1a: Victreebel|Victreebel|Victreebelite\n|move|p2a: \ub2e4\ud06c\ud3ab|Poltergeist|p1a: Victreebel\n|-activate|p1a: Victreebel|move: Poltergeist|Victreebelite\n|-damage|p1a: Victreebel|0 fnt\n|-damage|p2a: \ub2e4\ud06c\ud3ab|18/100|[from] ability: Innards Out|[of] p1a: Victreebel\n|faint|p1a: Victreebel\n|\n|upkeep\n|\n|t:|1776168157\n|switch|p1a: Tauros|Tauros-Paldea-Blaze, L50, M|60/100\n|-damage|p1a: Tauros|48/100|[from] Stealth Rock\n|-ability|p1a: Tauros|Intimidate|boost\n|-unboost|p2a: \ub2e4\ud06c\ud3ab|atk|1\n|turn|11\n|\n|t:|1776168161\n|move|p2a: \ub2e4\ud06c\ud3ab|Destiny Bond|p2a: \ub2e4\ud06c\ud3ab\n|-singlemove|p2a: \ub2e4\ud06c\ud3ab|Destiny Bond\n|move|p1a: Tauros|Flame Charge|p2a: \ub2e4\ud06c\ud3ab\n|-damage|p2a: \ub2e4\ud06c\ud3ab|0 fnt\n|-boost|p1a: Tauros|spe|1\n|faint|p2a: \ub2e4\ud06c\ud3ab\n|-activate|p2a: \ub2e4\ud06c\ud3ab|move: Destiny Bond\n|faint|p1a: Tauros\n|\n|win|Hinya\n|raw|BigMistakeBuddy's rating: 1231 &rarr; <strong>1204</strong><br />(-27 for losing)\n|raw|Hinya's rating: 1202 &rarr; <strong>1229</strong><br />(+27 for winning)\n|l|\u2606BigMistakeBuddy\n|player|p1|\n|l|\u2606Hinya\n|player|p2|\n",
  "uploadtime": 1776168220,
  "views": 10,
  "formatid": "gen9championsbssregma",
  "rating": 1204,
  "private": 0,
  "password": null
}