{
  "id": "gen9championsbssregma-2585525123",
  "format": "[Gen 9 Champions] BSS Reg M-A",
  "players": [
    "shibukano",
    "Keyan_Sans"
  ],
  "log": "|j|\u2606shibukano\n|j|\u2606Keyan_Sans\n|t:|1776353329\n|gametype|singles\n|player|p1|shibukano|rocketgruntf|1075\n|player|p2|Keyan_Sans|hugh|1224\n|gen|9\n|tier|[Gen 9 Champions] BSS Reg M-A\n|rated|\n|rule|Species Clause: Limit one of each Pok\u00e9mon\n|rule|Item Clause: Limit 1 of each item\n|clearpoke\n|poke|p1|Charizard, L50, F|\n|poke|p1|Primarina, L50, F|\n|poke|p1|Corviknight, L50, F|\n|poke|p1|Garchomp, L50, F|\n|poke|p1|Gengar, L50, F|\n|poke|p1|Serperior, L50, F|\n|poke|p2|Aegislash, L50, F|\n|poke|p2|Primarina, L50, M|\n|poke|p2|Glimmora, L50, M|\n|poke|p2|Meowscarada, L50, M|\n|poke|p2|Dragonite, L50, M|\n|poke|p2|Lopunny, L50, M|\n|teampreview|3\n|inactive|Battle timer is ON: inactive players will automatically lose when time's up. (requested by Keyan_Sans)\n|inactive|shibukano has 60 seconds left.\n|inactive|shibukano has 30 seconds left.\n|inactive|shibukano has 20 seconds left.\n|inactive|shibukano has 15 seconds left.\n|inactive|shibukano has 10 seconds left.\n|inactive|shibukano has 5 seconds left.\n|\n|t:|1776353419\n|teamsize|p1|3\n|teamsize|p2|3\n|start\n|switch|p1a: Primarina|Primarina, L50, F|100/100\n|switch|p2a: Meowscarada|Meowscarada, L50, M|100/100\n|turn|1\n|inactive|Keyan_Sans has 30 seconds left.\n|inactive|Keyan_Sans has 20 seconds left.\n|inactive|Keyan_Sans has 15 seconds left.\n|inactive|Keyan_Sans has 10 seconds left.\n|\n|t:|1776353468\n|switch|p1a: Corviknight|Corviknight, L50, F|100/100\n|move|p2a: Meowscarada|U-turn|p1a: Corviknight\n|-start|p2a: Meowscarada|typechange|Bug|[from] ability: Protean\n|-resisted|p1a: Corviknight|2\n|-damage|p1a: Corviknight|95/100\n|\n|t:|1776353474\n|switch|p2a: Primarina|Primarina, L50, M|100/100|[from] U-turn\n|\n|-heal|p1a: Corviknight|100/100|[from] item: Leftovers\n|upkeep\n|turn|2\n|\n|t:|1776353486\n|move|p1a: Corviknight|U-turn|p2a: Primarina\n|-resisted|p2a: Primarina|1\n|-damage|p2a: Primarina|95/100\n|\n|t:|1776353490\n|switch|p1a: Primarina|Primarina, L50, F|100/100|[from] U-turn\n|move|p2a: Primarina|Calm Mind|p2a: Primarina\n|-boost|p2a: Primarina|spa|1\n|-boost|p2a: Primarina|spd|1\n|\n|-heal|p2a: Primarina|100/100|[from] item: Leftovers\n|upkeep\n|turn|3\n|\n|t:|1776353507\n|move|p2a: Primarina|Psychic|p1a: Primarina\n|-damage|p1a: Primarina|66/100\n|move|p1a: Primarina|Encore|p2a: Primarina\n|-start|p2a: Primarina|Encore\n|\n|upkeep\n|turn|4\n|\n|t:|1776353513\n|switch|p2a: Meowscarada|Meowscarada, L50, M|100/100\n|move|p1a: Primarina|Calm Mind|p1a: Primarina\n|-boost|p1a: Primarina|spa|1\n|-boost|p1a: Primarina|spd|1\n|\n|upkeep\n|turn|5\n|\n|t:|1776353527\n|switch|p1a: Corviknight|Corviknight, L50, F|100/100\n|move|p2a: Meowscarada|Flower Trick|p1a: Corviknight\n|-start|p2a: Meowscarada|typechange|Grass|[from] ability: Protean\n|-resisted|p1a: Corviknight|2\n|-crit|p1a: Corviknight\n|-damage|p1a: Corviknight|92/100\n|\n|-heal|p1a: Corviknight|98/100|[from] item: Leftovers\n|upkeep\n|turn|6\n|\n|t:|1776353544\n|switch|p2a: Primarina|Primarina, L50, M|100/100\n|move|p1a: Corviknight|U-turn|p2a: Primarina\n|-resisted|p2a: Primarina|1\n|-crit|p2a: Primarina\n|-damage|p2a: Primarina|91/100\n|\n|t:|1776353552\n|switch|p1a: Primarina|Primarina, L50, F|66/100|[from] U-turn\n|\n|-heal|p2a: Primarina|97/100|[from] item: Leftovers\n|upkeep\n|turn|7\n|\n|t:|1776353558\n|move|p1a: Primarina|Calm Mind|p1a: Primarina\n|-boost|p1a: Primarina|spa|1\n|-boost|p1a: Primarina|spd|1\n|move|p2a: Primarina|Calm Mind|p2a: Primarina\n|-boost|p2a: Primarina|spa|1\n|-boost|p2a: Primarina|spd|1\n|\n|-heal|p2a: Primarina|100/100|[from] item: Leftovers\n|upkeep\n|turn|8\n|\n|t:|1776353572\n|move|p1a: Primarina|Encore|p2a: Primarina\n|-start|p2a: Primarina|Encore\n|move|p2a: Primarina|Calm Mind|p2a: Primarina\n|-boost|p2a: Primarina|spa|1\n|-boost|p2a: Primarina|spd|1\n|\n|upkeep\n|turn|9\n|\n|t:|1776353583\n|move|p2a: Primarina|Calm Mind|p2a: Primarina\n|-boost|p2a: Primarina|spa|1\n|-boost|p2a: Primarina|spd|1\n|move|p1a: Primarina|Draining Kiss|p2a: Primarina\n|-damage|p2a: Primarina|88/100\n|-heal|p1a: Primarina|76/100|[from] drain|[of] p2a: Primarina\n|\n|-heal|p2a: Primarina|94/100|[from] item: Leftovers\n|upkeep\n|turn|10\n|\n|t:|1776353591\n|move|p1a: Primarina|Calm Mind|p1a: Primarina\n|-boost|p1a: Primarina|spa|1\n|-boost|p1a: Primarina|spd|1\n|move|p2a: Primarina|Calm Mind|p2a: Primarina\n|-boost|p2a: Primarina|spa|1\n|-boost|p2a: Primarina|spd|1\n|\n|-heal|p2a: Primarina|99/100|[from] item: Leftovers\n|-end|p2a: Primarina|Encore\n|upkeep\n|turn|11\n|\n|t:|1776353603\n|move|p1a: Primarina|Calm Mind|p1a: Primarina\n|-boost|p1a: Primarina|spa|1\n|-boost|p1a: Primarina|spd|1\n|move|p2a: Primarina|Psychic|p1a: Primarina\n|-damage|p1a: Primarina|50/100\n|-enditem|p1a: Primarina|Sitrus Berry|[eat]\n|-heal|p1a: Primarina|74/100|[from] item: Sitrus Berry\n|\n|-heal|p2a: Primarina|100/100|[from] item: Leftovers\n|upkeep\n|turn|12\n|\n|t:|1776353630\n|move|p2a: Primarina|Draining Kiss|p1a: Primarina\n|-damage|p1a: Primarina|50/100\n|move|p1a: Primarina|Draining Kiss|p2a: Primarina\n|-damage|p2a: Primarina|84/100\n|-heal|p1a: Primarina|63/100|[from] drain|[of] p2a: Primarina\n|\n|-heal|p2a: Primarina|90/100|[from] item: Leftovers\n|upkeep\n|turn|13\n|\n|t:|1776353640\n|move|p2a: Primarina|Draining Kiss|p1a: Primarina\n|-damage|p1a: Primarina|40/100\n|-heal|p2a: Primarina|100/100|[from] drain|[of] p1a: Primarina\n|move|p1a: Primarina|Calm Mind|p1a: Primarina\n|-boost|p1a: Primarina|spa|1\n|-boost|p1a: Primarina|spd|1\n|\n|upkeep\n|turn|14\n|\n|t:|1776353659\n|move|p1a: Primarina|Draining Kiss|p2a: Primarina\n|-damage|p2a: Primarina|81/100\n|-heal|p1a: Primarina|55/100|[from] drain|[of] p2a: Primarina\n|move|p2a: Primarina|Draining Kiss|p1a: Primarina\n|-damage|p1a: Primarina|36/100\n|-heal|p2a: Primarina|95/100|[from] drain|[of] p1a: Primarina\n|\n|-heal|p2a: Primarina|100/100|[from] item: Leftovers\n|upkeep\n|turn|15\n|\n|t:|1776353683\n|move|p2a: Primarina|Draining Kiss|p1a: Primarina\n|-damage|p1a: Primarina|20/100\n|move|p1a: Primarina|Calm Mind|p1a: Primarina\n|-boost|p1a: Primarina|spa|1\n|-boost|p1a: Primarina|spd|1\n|\n|upkeep\n|turn|16\n|\n|t:|1776353690\n|move|p1a: Primarina|Draining Kiss|p2a: Primarina\n|-damage|p2a: Primarina|79/100\n|-heal|p1a: Primarina|36/100|[from] drain|[of] p2a: Primarina\n|move|p2a: Primarina|Calm Mind|p2a: Primarina\n|-boost|p2a: Primarina|spa|1\n|-boost|p2a: Primarina|spd|1\n|\n|-heal|p2a: Primarina|85/100|[from] item: Leftovers\n|upkeep\n|turn|17\n|\n|t:|1776353699\n|move|p1a: Primarina|Encore|p2a: Primarina\n|-start|p2a: Primarina|Encore\n|move|p2a: Primarina|Calm Mind|p2a: Primarina\n|-boost|p2a: Primarina|spa|1\n|-boost|p2a: Primarina|spd|1\n|\n|-heal|p2a: Primarina|91/100|[from] item: Leftovers\n|upkeep\n|turn|18\n|\n|t:|1776353711\n|switch|p1a: Charizard|Charizard, L50, F|100/100\n|move|p2a: Primarina|Calm Mind|p2a: Primarina\n|-boost|p2a: Primarina|spa|0\n|-boost|p2a: Primarina|spd|0\n|\n|-heal|p2a: Primarina|97/100|[from] item: Leftovers\n|upkeep\n|turn|19\n|\n|t:|1776353723\n|detailschange|p1a: Charizard|Charizard-Mega-X, L50, F\n|-mega|p1a: Charizard|Charizard|Charizardite X\n|move|p1a: Charizard|Thunder Punch|p2a: Primarina\n|-supereffective|p2a: Primarina|1\n|-damage|p2a: Primarina|51/100\n|move|p2a: Primarina|Calm Mind|p2a: Primarina\n|-boost|p2a: Primarina|spa|0\n|-boost|p2a: Primarina|spd|0\n|\n|-heal|p2a: Primarina|57/100|[from] item: Leftovers\n|-end|p2a: Primarina|Encore\n|upkeep\n|turn|20\n|inactive|Keyan_Sans has 30 seconds left.\n|inactive|Keyan_Sans has 20 seconds left.\n|inactive|Keyan_Sans has 15 seconds left.\n|\n|t:|1776353764\n|move|p1a: Charizard|Thunder Punch|p2a: Primarina\n|-supereffective|p2a: Primarina|1\n|-damage|p2a: Primarina|14/100\n|move|p2a: Primarina|Draining Kiss|p1a: Charizard\n|-damage|p1a: Charizard|16/100\n|-heal|p2a: Primarina|76/100|[from] drain|[of] p1a: Charizard\n|\n|-heal|p2a: Primarina|82/100|[from] item: Leftovers\n|upkeep\n|turn|21\n|-message|shibukano forfeited.\n|\n|win|Keyan_Sans\n|raw|shibukano's rating: 1075 &rarr; <strong>1064</strong><br />(-11 for losing)\n|raw|Keyan_Sans's rating: 1255 &rarr; <strong>1268</strong><br />(+13 for winning)\n|l|\u2606shibukano\n|player|p1|\n|l|\u2606Keyan_Sans\n|player|p2|\n|j|\u2606Keyan_Sans\n|player|p2|Keyan_Sans|hugh|\n",
  "uploadtime": 1776353782,
  "views": 19,
  "formatid": "gen9championsbssregma",
  "rating": 1064,
  "private": 0,
  "password": null
}