{
  "id": "gen9championsbssregma-2589066840",
  "format": "[Gen 9 Champions] BSS Reg M-A",
  "players": [
    "purpledebo",
    "Elphilomeno"
  ],
  "log": "|j|\u2606purpledebo\n|j|\u2606Elphilomeno\n|t:|1776697433\n|gametype|singles\n|player|p1|purpledebo|2|1325\n|player|p2|Elphilomeno|volkner|1381\n|gen|9\n|tier|[Gen 9 Champions] BSS Reg M-A\n|rated|\n|rule|Species Clause: Limit one of each Pok\u00e9mon\n|rule|Item Clause: Limit 1 of each item\n|clearpoke\n|poke|p1|Floette-Eternal, L50, F|\n|poke|p1|Krookodile, L50, M|\n|poke|p1|Rhyperior, L50, F|\n|poke|p1|Garchomp, L50, M|\n|poke|p1|Aggron, L50, F|\n|poke|p1|Chandelure, L50, M|\n|poke|p2|Samurott-Hisui, L50, F|\n|poke|p2|Aegislash, L50, M|\n|poke|p2|Gyarados, L50, M|\n|poke|p2|Volcarona, L50, M|\n|poke|p2|Froslass, L50, F|\n|poke|p2|Rotom-Wash, L50|\n|teampreview|3\n|inactive|Battle timer is ON: inactive players will automatically lose when time's up. (requested by purpledebo)\n|inactive|Elphilomeno has 60 seconds left.\n|\n|t:|1776697465\n|teamsize|p1|3\n|teamsize|p2|3\n|start\n|switch|p1a: Krookodile|Krookodile, L50, M|100/100\n|switch|p2a: Samurott|Samurott-Hisui, L50, F|100/100\n|turn|1\n|\n|t:|1776697470\n|move|p1a: Krookodile|Close Combat|p2a: Samurott\n|-supereffective|p2a: Samurott|1\n|-enditem|p2a: Samurott|Focus Sash\n|-damage|p2a: Samurott|1/100\n|-unboost|p1a: Krookodile|def|1\n|-unboost|p1a: Krookodile|spd|1\n|move|p2a: Samurott|Razor Shell|p1a: Krookodile\n|-supereffective|p1a: Krookodile|1\n|-crit|p1a: Krookodile\n|-enditem|p1a: Krookodile|Focus Sash\n|-damage|p1a: Krookodile|1/100\n|-unboost|p1a: Krookodile|def|1\n|\n|upkeep\n|turn|2\n|\n|t:|1776697482\n|move|p2a: Samurott|Aqua Jet|p1a: Krookodile\n|-supereffective|p1a: Krookodile|1\n|-damage|p1a: Krookodile|0 fnt\n|faint|p1a: Krookodile\n|\n|upkeep\n|\n|t:|1776697486\n|switch|p1a: Aggron|Aggron, L50, F|100/100\n|turn|3\n|\n|t:|1776697490\n|detailschange|p1a: Aggron|Aggron-Mega, L50, F\n|-mega|p1a: Aggron|Aggron|Aggronite\n|move|p2a: Samurott|Ceaseless Edge|p1a: Aggron\n|-damage|p1a: Aggron|82/100\n|-sidestart|p1: purpledebo|Spikes\n|move|p1a: Aggron|Iron Defense|p1a: Aggron\n|-boost|p1a: Aggron|def|2\n|\n|upkeep\n|turn|4\n|\n|t:|1776697498\n|move|p2a: Samurott|Encore|p1a: Aggron\n|-start|p1a: Aggron|Encore\n|move|p1a: Aggron|Iron Defense|p1a: Aggron\n|-boost|p1a: Aggron|def|2\n|\n|upkeep\n|turn|5\n|\n|t:|1776697503\n|move|p2a: Samurott|Ceaseless Edge|p1a: Aggron\n|-damage|p1a: Aggron|75/100\n|-sidestart|p1: purpledebo|Spikes\n|move|p1a: Aggron|Iron Defense|p1a: Aggron\n|-boost|p1a: Aggron|def|2\n|\n|upkeep\n|turn|6\n|\n|t:|1776697509\n|move|p2a: Samurott|Ceaseless Edge|p1a: Aggron\n|-damage|p1a: Aggron|70/100\n|-sidestart|p1: purpledebo|Spikes\n|move|p1a: Aggron|Iron Defense|p1a: Aggron\n|-boost|p1a: Aggron|def|0\n|\n|-end|p1a: Aggron|Encore\n|upkeep\n|turn|7\n|\n|t:|1776697517\n|move|p2a: Samurott|Encore|p1a: Aggron\n|-start|p1a: Aggron|Encore\n|move|p1a: Aggron|Iron Defense|p1a: Aggron\n|-boost|p1a: Aggron|def|0\n|\n|upkeep\n|turn|8\n|\n|t:|1776697525\n|switch|p2a: Froslass|Froslass, L50, F|100/100\n|move|p1a: Aggron|Iron Defense|p1a: Aggron\n|-boost|p1a: Aggron|def|0\n|\n|upkeep\n|turn|9\n|\n|t:|1776697533\n|detailschange|p2a: Froslass|Froslass-Mega, L50, F\n|-mega|p2a: Froslass|Froslass|Froslassite\n|-weather|Snowscape|[from] ability: Snow Warning|[of] p2a: Froslass\n|move|p2a: Froslass|Will-O-Wisp|p1a: Aggron\n|-status|p1a: Aggron|brn\n|move|p1a: Aggron|Iron Defense|p1a: Aggron\n|-boost|p1a: Aggron|def|0\n|\n|-weather|Snowscape|[upkeep]\n|-damage|p1a: Aggron|64/100 brn|[from] brn\n|-end|p1a: Aggron|Encore\n|upkeep\n|turn|10\n|\n|t:|1776697545\n|switch|p2a: Samurott|Samurott-Hisui, L50, F|1/100\n|move|p1a: Aggron|Rest|p1a: Aggron\n|-status|p1a: Aggron|slp|[from] move: Rest\n|-heal|p1a: Aggron|100/100 slp|[silent]\n|\n|-weather|Snowscape|[upkeep]\n|upkeep\n|turn|11\n|\n|t:|1776697553\n|switch|p2a: Aegislash|Aegislash, L50, M|100/100\n|cant|p1a: Aggron|slp\n|\n|-weather|Snowscape|[upkeep]\n|upkeep\n|turn|12\n|\n|t:|1776697559\n|move|p2a: Aegislash|Swords Dance|p2a: Aegislash\n|-boost|p2a: Aegislash|atk|2\n|cant|p1a: Aggron|slp\n|\n|-weather|Snowscape|[upkeep]\n|upkeep\n|turn|13\n|\n|t:|1776697564\n|move|p2a: Aegislash|Swords Dance|p2a: Aegislash\n|-boost|p2a: Aegislash|atk|2\n|-curestatus|p1a: Aggron|slp|[msg]\n|move|p1a: Aggron|Heavy Slam|p2a: Aegislash\n|-resisted|p2a: Aegislash|1\n|-damage|p2a: Aegislash|78/100\n|\n|-weather|none\n|upkeep\n|turn|14\n|\n|t:|1776697572\n|move|p2a: Aegislash|Swords Dance|p2a: Aegislash\n|-boost|p2a: Aegislash|atk|2\n|move|p1a: Aggron|Heavy Slam|p2a: Aegislash\n|-resisted|p2a: Aegislash|1\n|-damage|p2a: Aegislash|58/100\n|\n|upkeep\n|turn|15\n|\n|t:|1776697579\n|move|p2a: Aegislash|King's Shield|p2a: Aegislash\n|-singleturn|p2a: Aegislash|Protect\n|move|p1a: Aggron|Heavy Slam|p2a: Aegislash\n|-activate|p2a: Aegislash|move: Protect\n|-unboost|p1a: Aggron|atk|1\n|\n|upkeep\n|turn|16\n|\n|t:|1776697585\n|-formechange|p2a: Aegislash|Aegislash-Blade|\n|move|p2a: Aegislash|Sacred Sword|p1a: Aggron\n|-supereffective|p1a: Aggron|1\n|-damage|p1a: Aggron|15/100\n|move|p1a: Aggron|Heavy Slam|p2a: Aegislash\n|-resisted|p2a: Aegislash|1\n|-damage|p2a: Aegislash|24/100\n|\n|upkeep\n|turn|17\n|\n|t:|1776697593\n|switch|p1a: Chandelure|Chandelure, L50, M|100/100\n|-damage|p1a: Chandelure|76/100|[from] Spikes\n|move|p2a: Aegislash|Sacred Sword|p1a: Chandelure\n|-immune|p1a: Chandelure\n|\n|upkeep\n|turn|18\n|\n|t:|1776697601\n|move|p2a: Aegislash|Shadow Sneak|p1a: Chandelure\n|-supereffective|p1a: Chandelure|1\n|-damage|p1a: Chandelure|0 fnt\n|faint|p1a: Chandelure\n|\n|upkeep\n|\n|t:|1776697602\n|switch|p1a: Aggron|Aggron-Mega, L50, F|15/100\n|-damage|p1a: Aggron|0 fnt|[from] Spikes\n|faint|p1a: Aggron\n|\n|win|Elphilomeno\n|raw|purpledebo's rating: 1325 &rarr; <strong>1308</strong><br />(-17 for losing)\n|raw|Elphilomeno's rating: 1381 &rarr; <strong>1398</strong><br />(+17 for winning)\n|l|\u2606purpledebo\n|player|p1|\n",
  "uploadtime": 1776697614,
  "views": 18,
  "formatid": "gen9championsbssregma",
  "rating": 1308,
  "private": 0,
  "password": null
}