{
  "id": "gen9championsbssregma-2580867717",
  "format": "[Gen 9 Champions] BSS Reg M-A",
  "players": [
    "SuperTemmie64",
    "Envy75"
  ],
  "log": "|j|\u2606SuperTemmie64\n|j|\u2606Envy75\n|t:|1775939041\n|gametype|singles\n|player|p1|SuperTemmie64|265|1088\n|player|p2|Envy75|2|1145\n|gen|9\n|tier|[Gen 9 Champions] BSS Reg M-A\n|rated|\n|rule|Species Clause: Limit one of each Pok\u00e9mon\n|rule|Item Clause: Limit 1 of each item\n|clearpoke\n|poke|p1|Lopunny, L50, F|\n|poke|p1|Dragapult, L50, F|\n|poke|p1|Garchomp, L50, F|\n|poke|p1|Kingambit, L50, M|\n|poke|p1|Clefable, L50, F|\n|poke|p1|Sneasler, L50, F|\n|poke|p2|Mimikyu, L50, M|\n|poke|p2|Liepard, L50, F|\n|poke|p2|Sneasler, L50, M|\n|poke|p2|Skarmory, L50, M|\n|poke|p2|Volcarona, L50, M|\n|poke|p2|Garganacl, L50, F|\n|teampreview|3\n|\n|t:|1775939103\n|teamsize|p1|3\n|teamsize|p2|3\n|start\n|switch|p1a: Garchomp|Garchomp, L50, F|100/100\n|switch|p2a: Liepard|Liepard, L50, F|100/100\n|turn|1\n|\n|t:|1775939113\n|move|p2a: Liepard|Yawn|p1a: Garchomp\n|-start|p1a: Garchomp|move: Yawn|[of] p2a: Liepard\n|move|p1a: Garchomp|Stealth Rock|p2a: Liepard\n|-sidestart|p2: Envy75|move: Stealth Rock\n|\n|upkeep\n|turn|2\n|\n|t:|1775939120\n|switch|p1a: Clefable|Clefable, L50, F, shiny|100/100\n|move|p2a: Liepard|Encore||[still]\n|-fail|p2a: Liepard\n|\n|upkeep\n|turn|3\n|\n|t:|1775939132\n|detailschange|p1a: Clefable|Clefable-Mega, L50, F, shiny\n|-mega|p1a: Clefable|Clefable|Clefablite\n|move|p2a: Liepard|Yawn|p1a: Clefable\n|move|p1a: Clefable|Yawn|p2a: Liepard|[from] ability: Magic Bounce\n|-start|p2a: Liepard|move: Yawn|[of] p1a: Clefable\n|move|p1a: Clefable|Calm Mind|p1a: Clefable\n|-boost|p1a: Clefable|spa|1\n|-boost|p1a: Clefable|spd|1\n|\n|upkeep\n|turn|4\n|\n|t:|1775939138\n|move|p2a: Liepard|U-turn|p1a: Clefable\n|-resisted|p1a: Clefable|2\n|-damage|p1a: Clefable|98/100\n|\n|t:|1775939141\n|switch|p2a: Mimikyu|Mimikyu, L50, M|100/100|[from] U-turn\n|-damage|p2a: Mimikyu|88/100|[from] Stealth Rock\n|move|p1a: Clefable|Calm Mind|p1a: Clefable\n|-boost|p1a: Clefable|spa|1\n|-boost|p1a: Clefable|spd|1\n|\n|upkeep\n|turn|5\n|\n|t:|1775939150\n|move|p2a: Mimikyu|Swords Dance|p2a: Mimikyu\n|-boost|p2a: Mimikyu|atk|2\n|move|p1a: Clefable|Moonblast|p2a: Mimikyu\n|-activate|p2a: Mimikyu|ability: Disguise\n|-damage|p2a: Mimikyu|88/100\n|detailschange|p2a: Mimikyu|Mimikyu-Busted, L50, M\n|-damage|p2a: Mimikyu|76/100|[from] pokemon: Mimikyu-Busted\n|\n|upkeep\n|turn|6\n|\n|t:|1775939163\n|move|p2a: Mimikyu|Shadow Claw|p1a: Clefable\n|-damage|p1a: Clefable|44/100\n|move|p1a: Clefable|Moonblast|p2a: Mimikyu\n|-crit|p2a: Mimikyu\n|-damage|p2a: Mimikyu|0 fnt\n|faint|p2a: Mimikyu\n|\n|upkeep\n|\n|t:|1775939171\n|switch|p2a: Skarmory|Skarmory, L50, M|100/100\n|-damage|p2a: Skarmory|89/100|[from] Stealth Rock\n|turn|7\n|\n|t:|1775939190\n|detailschange|p2a: Skarmory|Skarmory-Mega, L50, M\n|-mega|p2a: Skarmory|Skarmory|Skarmorite\n|move|p2a: Skarmory|Iron Head|p1a: Clefable\n|-supereffective|p1a: Clefable|1\n|-damage|p1a: Clefable|0 fnt\n|faint|p1a: Clefable\n|\n|upkeep\n|\n|t:|1775939201\n|switch|p1a: Garchomp|Garchomp, L50, F|100/100\n|turn|8\n|\n|t:|1775939206\n|move|p2a: Skarmory|Swords Dance|p2a: Skarmory\n|-boost|p2a: Skarmory|atk|2\n|move|p1a: Garchomp|Fire Blast|p2a: Skarmory\n|-supereffective|p2a: Skarmory|1\n|-damage|p2a: Skarmory|38/100\n|\n|upkeep\n|turn|9\n|\n|t:|1775939221\n|move|p2a: Skarmory|Iron Head|p1a: Garchomp\n|-damage|p1a: Garchomp|30/100\n|-damage|p2a: Skarmory|26/100|[from] ability: Rough Skin|[of] p1a: Garchomp\n|move|p1a: Garchomp|Fire Blast|p2a: Skarmory\n|-supereffective|p2a: Skarmory|1\n|-damage|p2a: Skarmory|0 fnt\n|faint|p2a: Skarmory\n|\n|upkeep\n|\n|t:|1775939226\n|switch|p2a: Liepard|Liepard, L50, F|100/100\n|-damage|p2a: Liepard|88/100|[from] Stealth Rock\n|turn|10\n|\n|t:|1775939229\n|move|p2a: Liepard|Crunch|p1a: Garchomp\n|-damage|p1a: Garchomp|0 fnt\n|-damage|p2a: Liepard|76/100|[from] ability: Rough Skin|[of] p1a: Garchomp\n|faint|p1a: Garchomp\n|\n|upkeep\n|\n|t:|1775939231\n|switch|p1a: Sneasler|Sneasler, L50, F|100/100\n|turn|11\n|\n|t:|1775939238\n|move|p2a: Liepard|Yawn|p1a: Sneasler\n|-start|p1a: Sneasler|move: Yawn|[of] p2a: Liepard\n|move|p1a: Sneasler|Close Combat|p2a: Liepard\n|-supereffective|p2a: Liepard|1\n|-damage|p2a: Liepard|0 fnt\n|-unboost|p1a: Sneasler|def|1\n|-unboost|p1a: Sneasler|spd|1\n|faint|p2a: Liepard\n|\n|win|SuperTemmie64\n|raw|SuperTemmie64's rating: 1088 &rarr; <strong>1119</strong><br />(+31 for winning)\n|raw|Envy75's rating: 1145 &rarr; <strong>1116</strong><br />(-29 for losing)\n|l|\u2606Envy75\n|player|p2|\n|c|\u2606SuperTemmie64|ggwp\n",
  "uploadtime": 1775939243,
  "views": 21,
  "formatid": "gen9championsbssregma",
  "rating": 1116,
  "private": 0,
  "password": null
}