{
  "id": "gen9championsbssregma-2582197960",
  "format": "[Gen 9 Champions] BSS Reg M-A",
  "players": [
    "fizzwizz2109",
    "hrztkb"
  ],
  "log": "|j|\u2606fizzwizz2109\n|j|\u2606hrztkb\n|t:|1776070222\n|gametype|singles\n|player|p1|fizzwizz2109|170|1222\n|player|p2|hrztkb|169|1267\n|gen|9\n|tier|[Gen 9 Champions] BSS Reg M-A\n|rated|\n|rule|Species Clause: Limit one of each Pok\u00e9mon\n|rule|Item Clause: Limit 1 of each item\n|clearpoke\n|poke|p1|Garchomp, L50, M|\n|poke|p1|Skeledirge, L50, F|\n|poke|p1|Sneasler, L50, M|\n|poke|p1|Araquanid, L50, F|\n|poke|p1|Meowscarada, L50, M|\n|poke|p1|Lucario, L50, M|\n|poke|p2|Gyarados, L50, M|\n|poke|p2|Hydreigon, L50, F|\n|poke|p2|Volcarona, L50, M|\n|poke|p2|Gallade, L50, M|\n|poke|p2|Venusaur, L50, F|\n|poke|p2|Archaludon, L50, M|\n|teampreview|3\n|inactive|Battle timer is ON: inactive players will automatically lose when time's up. (requested by fizzwizz2109)\n|\n|t:|1776070250\n|teamsize|p1|3\n|teamsize|p2|3\n|start\n|switch|p1a: Meowscarada|Meowscarada, L50, M|100/100\n|switch|p2a: Gallade|Gallade, L50, M|100/100\n|turn|1\n|\n|t:|1776070262\n|move|p1a: Meowscarada|U-turn|p2a: Gallade\n|-start|p1a: Meowscarada|typechange|Bug|[from] ability: Protean\n|-damage|p2a: Gallade|52/100\n|\n|t:|1776070269\n|switch|p1a: Garchomp|Garchomp, L50, M|100/100|[from] U-turn\n|move|p2a: Gallade|Sacred Sword|p1a: Garchomp\n|-damage|p1a: Garchomp|28/100\n|-damage|p2a: Gallade|40/100|[from] ability: Rough Skin|[of] p1a: Garchomp\n|\n|upkeep\n|turn|2\n|j| p74\n|l| p74\n|\n|t:|1776070285\n|switch|p2a: Gyarados|Gyarados, L50, M, shiny|100/100\n|-ability|p2a: Gyarados|Intimidate|boost\n|-unboost|p1a: Garchomp|atk|1\n|move|p1a: Garchomp|Scale Shot|p2a: Gyarados\n|-damage|p2a: Gyarados|87/100\n|-damage|p2a: Gyarados|74/100\n|-damage|p2a: Gyarados|62/100\n|-damage|p2a: Gyarados|49/100\n|-damage|p2a: Gyarados|37/100\n|-hitcount|p2a: Gyarados|5\n|-unboost|p1a: Garchomp|def|1\n|-boost|p1a: Garchomp|spe|1\n|\n|upkeep\n|turn|3\n|j| p74\n|\n|t:|1776070301\n|move|p1a: Garchomp|Scale Shot|p2a: Gyarados\n|-damage|p2a: Gyarados|25/100\n|-damage|p2a: Gyarados|12/100\n|-hitcount|p2a: Gyarados|2\n|-unboost|p1a: Garchomp|def|1\n|-boost|p1a: Garchomp|spe|1\n|move|p2a: Gyarados|Earthquake|p1a: Garchomp\n|-damage|p1a: Garchomp|0 fnt\n|faint|p1a: Garchomp\n|\n|upkeep\n|\n|t:|1776070308\n|switch|p1a: Meowscarada|Meowscarada, L50, M|100/100\n|turn|4\n|\n|t:|1776070323\n|move|p1a: Meowscarada|U-turn|p2a: Gyarados\n|-start|p1a: Meowscarada|typechange|Bug|[from] ability: Protean\n|-resisted|p2a: Gyarados|1\n|-damage|p2a: Gyarados|0 fnt\n|faint|p2a: Gyarados\n|\n|t:|1776070328\n|switch|p1a: Sneasler|Sneasler, L50, M|100/100|[from] U-turn\n|\n|upkeep\n|\n|t:|1776070332\n|switch|p2a: Gallade|Gallade, L50, M|40/100\n|turn|5\n|\n|t:|1776070336\n|move|p1a: Sneasler|Swords Dance|p1a: Sneasler\n|-boost|p1a: Sneasler|atk|2\n|move|p2a: Gallade|Psycho Cut|p1a: Sneasler\n|-supereffective|p1a: Sneasler|2\n|-enditem|p1a: Sneasler|Focus Sash\n|-damage|p1a: Sneasler|1/100\n|\n|upkeep\n|turn|6\n|\n|t:|1776070344\n|move|p1a: Sneasler|Acrobatics|p2a: Gallade\n|-supereffective|p2a: Gallade|1\n|-damage|p2a: Gallade|0 fnt\n|faint|p2a: Gallade\n|\n|upkeep\n|-message|hrztkb forfeited.\n|\n|win|fizzwizz2109\n|raw|fizzwizz2109's rating: 1222 &rarr; <strong>1250</strong><br />(+28 for winning)\n|raw|hrztkb's rating: 1267 &rarr; <strong>1239</strong><br />(-28 for losing)\n|l|\u2606hrztkb\n|player|p2|\n",
  "uploadtime": 1776070355,
  "views": 3,
  "formatid": "gen9championsbssregma",
  "rating": 1239,
  "private": 0,
  "password": null
}