{
  "id": "gen9championsbssregma-2587704185",
  "format": "[Gen 9 Champions] BSS Reg M-A",
  "players": [
    "TheLancargod",
    "ruriripoke"
  ],
  "log": "|j|\u2606TheLancargod\n|j|\u2606ruriripoke\n|t:|1776555615\n|gametype|singles\n|player|p1|TheLancargod|266|1351\n|player|p2|ruriripoke|265|1410\n|gen|9\n|tier|[Gen 9 Champions] BSS Reg M-A\n|rated|\n|rule|Species Clause: Limit one of each Pok\u00e9mon\n|rule|Item Clause: Limit 1 of each item\n|clearpoke\n|poke|p1|Greninja, L50, F|\n|poke|p1|Dragapult, L50, M|\n|poke|p1|Azumarill, L50, F|\n|poke|p1|Archaludon, L50, M|\n|poke|p1|Kingambit, L50, F|\n|poke|p1|Charizard, L50, F|\n|poke|p2|Hippowdon, L50, M|\n|poke|p2|Charizard, L50, F|\n|poke|p2|Primarina, L50, M|\n|poke|p2|Meowscarada, L50, F|\n|poke|p2|Gengar, L50, F|\n|poke|p2|Kingambit, L50, M|\n|teampreview|3\n|inactive|Battle timer is ON: inactive players will automatically lose when time's up. (requested by ruriripoke)\n|inactive|TheLancargod has 60 seconds left.\n|inactive|ruriripoke has 60 seconds left.\n|\n|t:|1776555657\n|teamsize|p1|3\n|teamsize|p2|3\n|start\n|switch|p1a: Archaludon|Archaludon, L50, M|100/100\n|switch|p2a: Meowscarada|Meowscarada, L50, F|100/100\n|turn|1\n|\n|t:|1776555665\n|switch|p2a: Hippowdon|Hippowdon, L50, M|100/100\n|-weather|Sandstorm|[from] ability: Sand Stream|[of] p2a: Hippowdon\n|move|p1a: Archaludon|Thunder Wave|p2a: Hippowdon\n|-immune|p2a: Hippowdon\n|\n|-weather|Sandstorm|[upkeep]\n|upkeep\n|turn|2\n|\n|t:|1776555668\n|move|p1a: Archaludon|Draco Meteor|p2a: Hippowdon\n|-damage|p2a: Hippowdon|29/100\n|-unboost|p1a: Archaludon|spa|2\n|-enditem|p2a: Hippowdon|Sitrus Berry|[eat]\n|-heal|p2a: Hippowdon|54/100|[from] item: Sitrus Berry\n|-enditem|p1a: Archaludon|White Herb\n|-clearnegativeboost|p1a: Archaludon|[silent]\n|move|p2a: Hippowdon|Stealth Rock|p1a: Archaludon\n|-sidestart|p1: TheLancargod|move: Stealth Rock\n|\n|-weather|Sandstorm|[upkeep]\n|upkeep\n|turn|3\n|\n|t:|1776555674\n|move|p1a: Archaludon|Draco Meteor|p2a: Hippowdon|[miss]\n|-miss|p1a: Archaludon|p2a: Hippowdon\n|move|p2a: Hippowdon|Yawn|p1a: Archaludon\n|-start|p1a: Archaludon|move: Yawn|[of] p2a: Hippowdon\n|\n|-weather|Sandstorm|[upkeep]\n|upkeep\n|turn|4\n|\n|t:|1776555683\n|switch|p1a: Charizard|Charizard, L50, F|100/100\n|-damage|p1a: Charizard|51/100|[from] Stealth Rock\n|move|p2a: Hippowdon|Yawn|p1a: Charizard\n|-start|p1a: Charizard|move: Yawn|[of] p2a: Hippowdon\n|\n|-weather|Sandstorm|[upkeep]\n|-damage|p1a: Charizard|45/100|[from] Sandstorm\n|upkeep\n|turn|5\n|\n|t:|1776555695\n|detailschange|p1a: Charizard|Charizard-Mega-Y, L50, F\n|-mega|p1a: Charizard|Charizard|Charizardite Y\n|-weather|SunnyDay|[from] ability: Drought|[of] p1a: Charizard\n|move|p1a: Charizard|Solar Beam||[still]\n|-prepare|p1a: Charizard|Solar Beam\n|-anim|p1a: Charizard|Solar Beam|p2a: Hippowdon\n|-supereffective|p2a: Hippowdon|1\n|-damage|p2a: Hippowdon|0 fnt\n|faint|p2a: Hippowdon\n|\n|-weather|SunnyDay|[upkeep]\n|-end|p1a: Charizard|move: Yawn|[silent]\n|-status|p1a: Charizard|slp\n|upkeep\n|\n|t:|1776555700\n|switch|p2a: Charizard|Charizard, L50, F|100/100\n|turn|6\n|\n|t:|1776555704\n|detailschange|p2a: Charizard|Charizard-Mega-X, L50, F\n|-mega|p2a: Charizard|Charizard|Charizardite X\n|cant|p1a: Charizard|slp\n|move|p2a: Charizard|Dragon Dance|p2a: Charizard\n|-boost|p2a: Charizard|atk|1\n|-boost|p2a: Charizard|spe|1\n|\n|-weather|SunnyDay|[upkeep]\n|upkeep\n|turn|7\n|\n|t:|1776555713\n|move|p2a: Charizard|Dragon Claw|p1a: Charizard\n|-damage|p1a: Charizard|0 fnt\n|faint|p1a: Charizard\n|\n|-weather|SunnyDay|[upkeep]\n|upkeep\n|\n|t:|1776555723\n|switch|p1a: Azumarill|Azumarill, L50, F|100/100\n|-damage|p1a: Azumarill|88/100|[from] Stealth Rock\n|turn|8\n|j| p74\n|\n|t:|1776555736\n|move|p2a: Charizard|Flare Blitz|p1a: Azumarill\n|-resisted|p1a: Azumarill|1\n|-damage|p1a: Azumarill|0 fnt\n|faint|p1a: Azumarill\n|-damage|p2a: Charizard|65/100|[from] Recoil\n|\n|-weather|SunnyDay|[upkeep]\n|upkeep\n|\n|t:|1776555741\n|switch|p1a: Archaludon|Archaludon, L50, M|100/100\n|-damage|p1a: Archaludon|94/100|[from] Stealth Rock\n|turn|9\n|\n|t:|1776555747\n|move|p2a: Charizard|Flare Blitz|p1a: Archaludon\n|-damage|p1a: Archaludon|0 fnt\n|faint|p1a: Archaludon\n|-damage|p2a: Charizard|31/100|[from] Recoil\n|\n|win|ruriripoke\n|raw|TheLancargod's rating: 1351 &rarr; <strong>1334</strong><br />(-17 for losing)\n|raw|ruriripoke's rating: 1410 &rarr; <strong>1427</strong><br />(+17 for winning)\n|j| huhyuhyuhyuh\n|l|\u2606TheLancargod\n|player|p1|\n|l|\u2606ruriripoke\n|player|p2|\n|l| huhyuhyuhyuh\n",
  "uploadtime": 1776555751,
  "views": 4,
  "formatid": "gen9championsbssregma",
  "rating": 1334,
  "private": 0,
  "password": null
}