{
  "id": "gen9championsbssregma-2587706213",
  "format": "[Gen 9 Champions] BSS Reg M-A",
  "players": [
    "Fulgurotek",
    "harap"
  ],
  "log": "|j|\u2606Fulgurotek\n|j|\u2606harap\n|t:|1776555810\n|gametype|singles\n|player|p1|Fulgurotek|101|1412\n|player|p2|harap|101|1364\n|gen|9\n|tier|[Gen 9 Champions] BSS Reg M-A\n|rated|\n|rule|Species Clause: Limit one of each Pok\u00e9mon\n|rule|Item Clause: Limit 1 of each item\n|clearpoke\n|poke|p1|Banette, L50, F|\n|poke|p1|Gyarados, L50, F|\n|poke|p1|Glimmora, L50, M|\n|poke|p1|Hatterene, L50, F|\n|poke|p1|Zoroark-Hisui, L50, F|\n|poke|p1|Garchomp, L50, M|\n|poke|p2|Ampharos, L50, F|\n|poke|p2|Scizor, L50, M|\n|poke|p2|Skarmory, L50, F|\n|poke|p2|Feraligatr, L50, M|\n|poke|p2|Slowking-Galar, L50, F|\n|poke|p2|Umbreon, L50, F|\n|teampreview|3\n|j| huhyuhyuhyuh\n|inactive|Battle timer is ON: inactive players will automatically lose when time's up. (requested by harap)\n|\n|t:|1776555878\n|teamsize|p1|3\n|teamsize|p2|3\n|start\n|switch|p1a: Glimmora|Glimmora, L50, M|100/100\n|switch|p2a: Slowking|Slowking-Galar, L50, F|100/100\n|turn|1\n|j| 3hearts\n|\n|t:|1776555886\n|move|p1a: Glimmora|Stealth Rock|p2a: Slowking\n|-sidestart|p2: harap|move: Stealth Rock\n|move|p2a: Slowking|Trick Room|p2a: Slowking\n|-fieldstart|move: Trick Room|[of] p2a: Slowking\n|\n|upkeep\n|turn|2\n|\n|t:|1776555891\n|move|p2a: Slowking|Psychic Noise|p1a: Glimmora\n|-supereffective|p1a: Glimmora|1\n|-enditem|p1a: Glimmora|Focus Sash\n|-damage|p1a: Glimmora|1/100\n|-start|p1a: Glimmora|move: Heal Block\n|move|p1a: Glimmora|Mud Shot|p2a: Slowking\n|-supereffective|p2a: Slowking|1\n|-damage|p2a: Slowking|70/100\n|-unboost|p2a: Slowking|spe|1\n|\n|upkeep\n|turn|3\n|\n|t:|1776555903\n|move|p2a: Slowking|Ice Beam|p1a: Glimmora\n|-damage|p1a: Glimmora|0 fnt\n|faint|p1a: Glimmora\n|\n|upkeep\n|\n|t:|1776555914\n|switch|p1a: Hatterene|Hatterene, L50, F|100/100\n|turn|4\n|\n|t:|1776555925\n|move|p2a: Slowking|Psychic Noise|p1a: Hatterene\n|-damage|p1a: Hatterene|24/100\n|-start|p1a: Hatterene|move: Heal Block\n|replace|p1a: Zoroark|Zoroark-Hisui, L50, F\n|-end|p1a: Zoroark|Illusion\n|move|p1a: Zoroark|Shadow Ball|p2a: Slowking\n|-supereffective|p2a: Slowking|1\n|-damage|p2a: Slowking|3/100\n|\n|upkeep\n|turn|5\n|\n|t:|1776555947\n|move|p2a: Slowking|Psychic Noise|p1a: Zoroark\n|-damage|p1a: Zoroark|0 fnt\n|faint|p1a: Zoroark\n|\n|-fieldend|move: Trick Room\n|upkeep\n|\n|t:|1776555949\n|switch|p1a: Hatterene|Hatterene, L50, F|100/100\n|turn|6\n|j| p74\n|\n|t:|1776555956\n|switch|p2a: Umbreon|Umbreon, L50, F|100/100\n|-damage|p2a: Umbreon|88/100|[from] Stealth Rock\n|move|p1a: Hatterene|Psychic Noise|p2a: Umbreon\n|-immune|p2a: Umbreon\n|\n|-heal|p2a: Umbreon|94/100|[from] item: Leftovers\n|upkeep\n|turn|7\n|\n|t:|1776555966\n|move|p2a: Umbreon|Toxic|p1a: Hatterene\n|move|p1a: Hatterene|Toxic|p2a: Umbreon|[from] ability: Magic Bounce\n|-status|p2a: Umbreon|tox\n|-activate|p2a: Umbreon|ability: Synchronize\n|-status|p1a: Hatterene|tox\n|move|p1a: Hatterene|Calm Mind|p1a: Hatterene\n|-boost|p1a: Hatterene|spa|1\n|-boost|p1a: Hatterene|spd|1\n|\n|-heal|p2a: Umbreon|99/100 tox|[from] item: Leftovers\n|-damage|p2a: Umbreon|94/100 tox|[from] psn\n|-damage|p1a: Hatterene|94/100 tox|[from] psn\n|upkeep\n|turn|8\n|\n|t:|1776555981\n|move|p2a: Umbreon|Wish|p2a: Umbreon\n|move|p1a: Hatterene|Calm Mind|p1a: Hatterene\n|-boost|p1a: Hatterene|spa|1\n|-boost|p1a: Hatterene|spd|1\n|\n|-heal|p2a: Umbreon|99/100 tox|[from] item: Leftovers\n|-heal|p1a: Hatterene|100/100 tox|[from] item: Leftovers\n|-damage|p2a: Umbreon|88/100 tox|[from] psn\n|-damage|p1a: Hatterene|88/100 tox|[from] psn\n|upkeep\n|turn|9\n|\n|t:|1776555991\n|switch|p2a: Slowking|Slowking-Galar, L50, F|37/100\n|-damage|p2a: Slowking|24/100|[from] Stealth Rock\n|move|p1a: Hatterene|Calm Mind|p1a: Hatterene\n|-boost|p1a: Hatterene|spa|1\n|-boost|p1a: Hatterene|spd|1\n|\n|-heal|p2a: Slowking|74/100|[from] move: Wish|[wisher] Umbreon\n|-heal|p1a: Hatterene|94/100 tox|[from] item: Leftovers\n|-damage|p1a: Hatterene|76/100 tox|[from] psn\n|upkeep\n|turn|10\n|\n|t:|1776556003\n|switch|p2a: Umbreon|Umbreon, L50, F|88/100 tox\n|-damage|p2a: Umbreon|76/100 tox|[from] Stealth Rock\n|move|p1a: Hatterene|Psychic Noise|p2a: Umbreon\n|-immune|p2a: Umbreon\n|\n|-heal|p2a: Umbreon|82/100 tox|[from] item: Leftovers\n|-heal|p1a: Hatterene|82/100 tox|[from] item: Leftovers\n|-damage|p2a: Umbreon|76/100 tox|[from] psn\n|-damage|p1a: Hatterene|58/100 tox|[from] psn\n|upkeep\n|turn|11\n|\n|t:|1776556014\n|move|p2a: Umbreon|Protect|p2a: Umbreon\n|-singleturn|p2a: Umbreon|Protect\n|move|p1a: Hatterene|Draining Kiss|p2a: Umbreon\n|-activate|p2a: Umbreon|move: Protect\n|\n|-heal|p2a: Umbreon|82/100 tox|[from] item: Leftovers\n|-heal|p1a: Hatterene|64/100 tox|[from] item: Leftovers\n|-damage|p2a: Umbreon|70/100 tox|[from] psn\n|-damage|p1a: Hatterene|33/100 tox|[from] psn\n|upkeep\n|turn|12\n|\n|t:|1776556024\n|switch|p2a: Scizor|Scizor, L50, M|100/100\n|-damage|p2a: Scizor|88/100|[from] Stealth Rock\n|move|p1a: Hatterene|Psychic Noise|p2a: Scizor\n|-resisted|p2a: Scizor|1\n|-damage|p2a: Scizor|46/100\n|-start|p2a: Scizor|move: Heal Block\n|\n|-heal|p1a: Hatterene|40/100 tox|[from] item: Leftovers\n|-damage|p1a: Hatterene|3/100 tox|[from] psn\n|upkeep\n|turn|13\n|\n|t:|1776556038\n|move|p2a: Scizor|Bullet Punch|p1a: Hatterene\n|-supereffective|p1a: Hatterene|1\n|-damage|p1a: Hatterene|0 fnt\n|faint|p1a: Hatterene\n|\n|win|harap\n|raw|Fulgurotek's rating: 1412 &rarr; <strong>1389</strong><br />(-23 for losing)\n|raw|harap's rating: 1364 &rarr; <strong>1387</strong><br />(+23 for winning)\n|l|\u2606harap\n|player|p2|\n|l| huhyuhyuhyuh\n",
  "uploadtime": 1776556112,
  "views": 2,
  "formatid": "gen9championsbssregma",
  "rating": 1387,
  "private": 0,
  "password": null
}