{
  "id": "gen9championsbssregma-2584943193",
  "format": "[Gen 9 Champions] BSS Reg M-A",
  "players": [
    "blip_exists",
    "deokso king"
  ],
  "log": "|j|\u2606blip_exists\n|j|\u2606deokso king\n|t:|1776296742\n|gametype|singles\n|player|p1|blip_exists|colress|1159\n|player|p2|deokso king|bellelba|1305\n|gen|9\n|tier|[Gen 9 Champions] BSS Reg M-A\n|rated|\n|rule|Species Clause: Limit one of each Pok\u00e9mon\n|rule|Item Clause: Limit 1 of each item\n|clearpoke\n|poke|p1|Espathra, L50, F|\n|poke|p1|Clefable, L50, M|\n|poke|p1|Emolga, L50, M|\n|poke|p1|Floette-Eternal, L50, F|\n|poke|p1|Vaporeon, L50, F|\n|poke|p1|Skeledirge, L50, M|\n|poke|p2|Toxapex, L50, F|\n|poke|p2|Garchomp, L50, F|\n|poke|p2|Hydreigon, L50, M|\n|poke|p2|Scizor, L50, M|\n|poke|p2|Lopunny, L50, F|\n|poke|p2|Aegislash, L50, F|\n|teampreview|3\n|inactive|Battle timer is ON: inactive players will automatically lose when time's up. (requested by deokso king)\n|j| p74\n|\n|t:|1776296774\n|teamsize|p1|3\n|teamsize|p2|3\n|start\n|switch|p1a: Clefable|Clefable, L50, M|100/100\n|switch|p2a: Scizor|Scizor, L50, M|100/100\n|turn|1\n|\n|t:|1776296778\n|switch|p1a: Skeledirge|Skeledirge, L50, M|100/100\n|detailschange|p2a: Scizor|Scizor-Mega, L50, M\n|-mega|p2a: Scizor|Scizor|Scizorite\n|move|p2a: Scizor|Bullet Punch|p1a: Skeledirge\n|-resisted|p1a: Skeledirge|1\n|-damage|p1a: Skeledirge|86/100\n|\n|-heal|p1a: Skeledirge|92/100|[from] item: Leftovers\n|upkeep\n|turn|2\n|\n|t:|1776296783\n|switch|p2a: Toxapex|Toxapex, L50, F|100/100\n|move|p1a: Skeledirge|Torch Song|p2a: Toxapex\n|-resisted|p2a: Toxapex|1\n|-damage|p2a: Toxapex|89/100\n|-boost|p1a: Skeledirge|spa|1\n|\n|-heal|p1a: Skeledirge|98/100|[from] item: Leftovers\n|-heal|p2a: Toxapex|95/100|[from] item: Leftovers\n|upkeep\n|turn|3\n|\n|t:|1776296788\n|move|p1a: Skeledirge|Will-O-Wisp|p2a: Toxapex|[miss]\n|-miss|p1a: Skeledirge|p2a: Toxapex\n|move|p2a: Toxapex|Toxic|p1a: Skeledirge\n|-status|p1a: Skeledirge|tox\n|\n|-heal|p1a: Skeledirge|100/100 tox|[from] item: Leftovers\n|-heal|p2a: Toxapex|100/100|[from] item: Leftovers\n|-damage|p1a: Skeledirge|94/100 tox|[from] psn\n|upkeep\n|turn|4\n|\n|t:|1776296794\n|switch|p1a: Clefable|Clefable, L50, M|100/100\n|move|p2a: Toxapex|Haze|p2a: Toxapex\n|-clearallboost\n|\n|upkeep\n|turn|5\n|\n|t:|1776296798\n|detailschange|p1a: Clefable|Clefable-Mega, L50, M\n|-mega|p1a: Clefable|Clefable|Clefablite\n|move|p1a: Clefable|Cosmic Power|p1a: Clefable\n|-boost|p1a: Clefable|def|1\n|-boost|p1a: Clefable|spd|1\n|move|p2a: Toxapex|Toxic|p1a: Clefable\n|move|p1a: Clefable|Toxic|p2a: Toxapex|[from] ability: Magic Bounce\n|-immune|p2a: Toxapex\n|\n|upkeep\n|turn|6\n|\n|t:|1776296805\n|move|p1a: Clefable|Baton Pass|p1a: Clefable\n|\n|t:|1776296806\n|switch|p1a: Skeledirge|Skeledirge, L50, M|94/100 tox|[from] Baton Pass\n|move|p2a: Toxapex|Haze|p2a: Toxapex\n|-clearallboost\n|\n|-heal|p1a: Skeledirge|100/100 tox|[from] item: Leftovers\n|-damage|p1a: Skeledirge|94/100 tox|[from] psn\n|upkeep\n|turn|7\n|\n|t:|1776296815\n|switch|p1a: Clefable|Clefable-Mega, L50, M|100/100\n|move|p2a: Toxapex|Baneful Bunker||[still]\n|-fail|p2a: Toxapex\n|\n|upkeep\n|turn|8\n|\n|t:|1776296828\n|switch|p2a: Aegislash|Aegislash, L50, F|100/100\n|move|p1a: Clefable|Baton Pass|p1a: Clefable\n|\n|t:|1776296831\n|switch|p1a: Skeledirge|Skeledirge, L50, M|94/100 tox|[from] Baton Pass\n|\n|-heal|p1a: Skeledirge|100/100 tox|[from] item: Leftovers\n|-damage|p1a: Skeledirge|94/100 tox|[from] psn\n|upkeep\n|turn|9\n|inactive|deokso king has 30 seconds left.\n|j| Short Story Long\n|\n|t:|1776296860\n|switch|p2a: Toxapex|Toxapex, L50, F|100/100\n|move|p1a: Skeledirge|Will-O-Wisp|p2a: Toxapex\n|-status|p2a: Toxapex|brn\n|\n|-heal|p1a: Skeledirge|100/100 tox|[from] item: Leftovers\n|-damage|p1a: Skeledirge|88/100 tox|[from] psn\n|-damage|p2a: Toxapex|95/100 brn|[from] brn\n|upkeep\n|turn|10\n|\n|t:|1776296882\n|switch|p1a: Clefable|Clefable-Mega, L50, M|100/100\n|switch|p2a: Aegislash|Aegislash, L50, F|100/100\n|\n|upkeep\n|turn|11\n|\n|t:|1776296889\n|switch|p1a: Skeledirge|Skeledirge, L50, M|88/100 tox\n|-formechange|p2a: Aegislash|Aegislash-Blade|\n|move|p2a: Aegislash|Iron Head|p1a: Skeledirge\n|-resisted|p1a: Skeledirge|1\n|-crit|p1a: Skeledirge\n|-damage|p1a: Skeledirge|55/100 tox\n|\n|-heal|p1a: Skeledirge|62/100 tox|[from] item: Leftovers\n|-damage|p1a: Skeledirge|55/100 tox|[from] psn\n|upkeep\n|turn|12\n|\n|t:|1776296894\n|switch|p2a: Toxapex|Toxapex, L50, F|100/100 brn\n|move|p1a: Skeledirge|Slack Off|p1a: Skeledirge\n|-heal|p1a: Skeledirge|100/100 tox\n|\n|-damage|p1a: Skeledirge|88/100 tox|[from] psn\n|-damage|p2a: Toxapex|95/100 brn|[from] brn\n|upkeep\n|turn|13\n|inactive|deokso king has 30 seconds left.\n|inactive|deokso king has 20 seconds left.\n|inactive|deokso king has 15 seconds left.\n|\n|t:|1776296937\n|switch|p1a: Clefable|Clefable-Mega, L50, M|100/100\n|move|p2a: Toxapex|Haze|p2a: Toxapex\n|-clearallboost\n|\n|-heal|p2a: Toxapex|100/100 brn|[from] item: Leftovers\n|-damage|p2a: Toxapex|95/100 brn|[from] brn\n|upkeep\n|turn|14\n|\n|t:|1776296948\n|switch|p2a: Aegislash|Aegislash, L50, F|100/100\n|move|p1a: Clefable|Baton Pass|p1a: Clefable\n|\n|t:|1776296950\n|switch|p1a: Skeledirge|Skeledirge, L50, M|88/100 tox|[from] Baton Pass\n|\n|-heal|p1a: Skeledirge|94/100 tox|[from] item: Leftovers\n|-damage|p1a: Skeledirge|88/100 tox|[from] psn\n|upkeep\n|turn|15\n|\n|t:|1776296961\n|move|p2a: Aegislash|Swords Dance|p2a: Aegislash\n|-boost|p2a: Aegislash|atk|2\n|move|p1a: Skeledirge|Hex|p2a: Aegislash\n|-supereffective|p2a: Aegislash|1\n|-damage|p2a: Aegislash|55/100\n|\n|-heal|p1a: Skeledirge|94/100 tox|[from] item: Leftovers\n|-damage|p1a: Skeledirge|82/100 tox|[from] psn\n|upkeep\n|turn|16\n|\n|t:|1776296980\n|-formechange|p2a: Aegislash|Aegislash-Blade|\n|move|p2a: Aegislash|Shadow Sneak|p1a: Skeledirge\n|-supereffective|p1a: Skeledirge|1\n|-damage|p1a: Skeledirge|44/100 tox\n|move|p1a: Skeledirge|Torch Song|p2a: Aegislash\n|-supereffective|p2a: Aegislash|1\n|-damage|p2a: Aegislash|0 fnt\n|-boost|p1a: Skeledirge|spa|1\n|faint|p2a: Aegislash\n|\n|-heal|p1a: Skeledirge|50/100 tox|[from] item: Leftovers\n|-damage|p1a: Skeledirge|32/100 tox|[from] psn\n|upkeep\n|j| huhyuhyuhyuh\n|\n|t:|1776296987\n|switch|p2a: Scizor|Scizor-Mega, L50, M|100/100\n|turn|17\n|\n|t:|1776297004\n|move|p2a: Scizor|Knock Off|p1a: Skeledirge\n|-supereffective|p1a: Skeledirge|1\n|-damage|p1a: Skeledirge|0 fnt\n|-enditem|p1a: Skeledirge|Leftovers|[from] move: Knock Off|[of] p2a: Scizor\n|faint|p1a: Skeledirge\n|\n|upkeep\n|\n|t:|1776297012\n|switch|p1a: Clefable|Clefable-Mega, L50, M|100/100\n|turn|18\n|\n|t:|1776297019\n|move|p2a: Scizor|Bullet Punch|p1a: Clefable\n|-supereffective|p1a: Clefable|1\n|-damage|p1a: Clefable|56/100\n|move|p1a: Clefable|Cosmic Power|p1a: Clefable\n|-boost|p1a: Clefable|def|1\n|-boost|p1a: Clefable|spd|1\n|\n|upkeep\n|turn|19\n|\n|t:|1776297029\n|switch|p2a: Toxapex|Toxapex, L50, F|100/100 brn\n|move|p1a: Clefable|Baton Pass|p1a: Clefable\n|\n|t:|1776297031\n|switch|p1a: Floette|Floette-Eternal, L50, F|100/100|[from] Baton Pass\n|\n|-damage|p2a: Toxapex|95/100 brn|[from] brn\n|upkeep\n|turn|20\n|\n|t:|1776297036\n|switch|p1a: Clefable|Clefable-Mega, L50, M|56/100\n|move|p2a: Toxapex|Haze|p2a: Toxapex\n|-clearallboost\n|\n|-heal|p2a: Toxapex|100/100 brn|[from] item: Leftovers\n|-damage|p2a: Toxapex|95/100 brn|[from] brn\n|upkeep\n|turn|21\n|\n|t:|1776297044\n|switch|p2a: Scizor|Scizor-Mega, L50, M|100/100\n|move|p1a: Clefable|Moonlight|p1a: Clefable\n|-heal|p1a: Clefable|100/100\n|\n|upkeep\n|turn|22\n|\n|t:|1776297050\n|move|p2a: Scizor|Swords Dance|p2a: Scizor\n|-boost|p2a: Scizor|atk|2\n|move|p1a: Clefable|Cosmic Power|p1a: Clefable\n|-boost|p1a: Clefable|def|1\n|-boost|p1a: Clefable|spd|1\n|\n|upkeep\n|turn|23\n|\n|t:|1776297054\n|move|p2a: Scizor|Swords Dance|p2a: Scizor\n|-boost|p2a: Scizor|atk|2\n|move|p1a: Clefable|Cosmic Power|p1a: Clefable\n|-boost|p1a: Clefable|def|1\n|-boost|p1a: Clefable|spd|1\n|\n|upkeep\n|turn|24\n|\n|t:|1776297057\n|move|p2a: Scizor|Swords Dance|p2a: Scizor\n|-boost|p2a: Scizor|atk|2\n|move|p1a: Clefable|Cosmic Power|p1a: Clefable\n|-boost|p1a: Clefable|def|1\n|-boost|p1a: Clefable|spd|1\n|\n|upkeep\n|turn|25\n|\n|t:|1776297059\n|move|p2a: Scizor|Bullet Punch|p1a: Clefable\n|-supereffective|p1a: Clefable|1\n|-crit|p1a: Clefable\n|-damage|p1a: Clefable|0 fnt\n|faint|p1a: Clefable\n|\n|upkeep\n|-message|blip_exists forfeited.\n|\n|win|deokso king\n|raw|blip_exists's rating: 1159 &rarr; <strong>1144</strong><br />(-15 for losing)\n|raw|deokso king's rating: 1305 &rarr; <strong>1317</strong><br />(+12 for winning)\n|l|\u2606blip_exists\n|player|p1|\n|l|\u2606deokso king\n|player|p2|\n|l| Short Story Long\n",
  "uploadtime": 1776297640,
  "views": 4,
  "formatid": "gen9championsbssregma",
  "rating": 1144,
  "private": 0,
  "password": null
}