{
  "id": "gen9championsbssregma-2582984903",
  "format": "[Gen 9 Champions] BSS Reg M-A",
  "players": [
    "imagine dreepy",
    "zaliyeyuan"
  ],
  "log": "|j|\u2606imagine dreepy\n|j|\u2606zaliyeyuan\n|t:|1776130813\n|gametype|singles\n|player|p1|imagine dreepy|unknown|1213\n|player|p2|zaliyeyuan|artist-gen4|1248\n|gen|9\n|tier|[Gen 9 Champions] BSS Reg M-A\n|rated|\n|rule|Species Clause: Limit one of each Pok\u00e9mon\n|rule|Item Clause: Limit 1 of each item\n|clearpoke\n|poke|p1|Glimmora, L50, F|\n|poke|p1|Lopunny, L50, F|\n|poke|p1|Basculegion, L50, M|\n|poke|p1|Kingambit, L50, M|\n|poke|p1|Rotom-Wash, L50|\n|poke|p1|Venusaur, L50, F|\n|poke|p2|Starmie, L50|\n|poke|p2|Hydreigon, L50, F|\n|poke|p2|Hippowdon, L50, M|\n|poke|p2|Rotom-Wash, L50|\n|poke|p2|Aegislash, L50, M|\n|poke|p2|Floette-Eternal, L50, F|\n|teampreview|3\n|j| bromerta\n|inactive|Battle timer is ON: inactive players will automatically lose when time's up. (requested by imagine dreepy)\n|l| bromerta\n|j| bromerta\n|\n|t:|1776130867\n|teamsize|p1|3\n|teamsize|p2|3\n|start\n|switch|p1a: Glimmora|Glimmora, L50, F|100/100\n|switch|p2a: Starmie|Starmie, L50, shiny|100/100\n|turn|1\n|inactive|imagine dreepy has 30 seconds left.\n|l| bromerta\n|inactive|imagine dreepy has 20 seconds left.\n|j| bromerta\n|inactive|imagine dreepy has 15 seconds left.\n|\n|t:|1776130910\n|detailschange|p2a: Starmie|Starmie-Mega, L50, shiny\n|-mega|p2a: Starmie|Starmie|Starminite\n|move|p2a: Starmie|Liquidation|p1a: Glimmora\n|-supereffective|p1a: Glimmora|1\n|-enditem|p1a: Glimmora|Focus Sash\n|-damage|p1a: Glimmora|1/100\n|-activate|p1a: Glimmora|ability: Toxic Debris\n|-sidestart|p2: zaliyeyuan|move: Toxic Spikes\n|move|p1a: Glimmora|Mud Shot|p2a: Starmie\n|-damage|p2a: Starmie|76/100\n|-unboost|p2a: Starmie|spe|1\n|\n|upkeep\n|turn|2\n|\n|t:|1776130923\n|move|p1a: Glimmora|Stealth Rock|p2a: Starmie\n|-sidestart|p2: zaliyeyuan|move: Stealth Rock\n|move|p2a: Starmie|Flip Turn|p1a: Glimmora\n|-supereffective|p1a: Glimmora|1\n|-damage|p1a: Glimmora|0 fnt\n|-activate|p1a: Glimmora|ability: Toxic Debris\n|-sidestart|p2: zaliyeyuan|move: Toxic Spikes\n|faint|p1a: Glimmora\n|\n|t:|1776130931\n|switch|p2a: Aegislash|Aegislash, L50, M|100/100|[from] Flip Turn\n|-damage|p2a: Aegislash|95/100|[from] Stealth Rock\n|\n|upkeep\n|\n|t:|1776130937\n|switch|p1a: Kingambit|Kingambit, L50, M|100/100\n|-activate|p1a: Kingambit|ability: Supreme Overlord\n|-start|p1a: Kingambit|fallen1|[silent]\n|turn|3\n|\n|t:|1776130949\n|-formechange|p2a: Aegislash|Aegislash-Blade|\n|move|p2a: Aegislash|Close Combat|p1a: Kingambit\n|-supereffective|p1a: Kingambit|2\n|-damage|p1a: Kingambit|0 fnt\n|-unboost|p2a: Aegislash|def|1\n|-unboost|p2a: Aegislash|spd|1\n|faint|p1a: Kingambit\n|-end|p1a: Kingambit|fallen1|[silent]\n|\n|upkeep\n|\n|t:|1776130953\n|switch|p1a: Venusaur|Venusaur, L50, F|100/100\n|turn|4\n|\n|t:|1776130964\n|detailschange|p1a: Venusaur|Venusaur-Mega, L50, F\n|-mega|p1a: Venusaur|Venusaur|Venusaurite\n|move|p1a: Venusaur|Earth Power|p2a: Aegislash\n|-supereffective|p2a: Aegislash|1\n|-damage|p2a: Aegislash|0 fnt\n|faint|p2a: Aegislash\n|\n|upkeep\n|\n|t:|1776130984\n|switch|p2a: Hippowdon|Hippowdon, L50, M|100/100\n|-status|p2a: Hippowdon|tox\n|-damage|p2a: Hippowdon|94/100 tox|[from] Stealth Rock\n|-weather|Sandstorm|[from] ability: Sand Stream|[of] p2a: Hippowdon\n|turn|5\n|\n|t:|1776130992\n|move|p1a: Venusaur|Trailblaze|p2a: Hippowdon\n|-supereffective|p2a: Hippowdon|1\n|-damage|p2a: Hippowdon|74/100 tox\n|-boost|p1a: Venusaur|spe|1\n|move|p2a: Hippowdon|Yawn|p1a: Venusaur\n|-start|p1a: Venusaur|move: Yawn|[of] p2a: Hippowdon\n|\n|-weather|Sandstorm|[upkeep]\n|-damage|p1a: Venusaur|95/100|[from] Sandstorm\n|-damage|p2a: Hippowdon|68/100 tox|[from] psn\n|upkeep\n|turn|6\n|\n|t:|1776131005\n|move|p1a: Venusaur|Trailblaze|p2a: Hippowdon\n|-supereffective|p2a: Hippowdon|1\n|-damage|p2a: Hippowdon|47/100 tox\n|-boost|p1a: Venusaur|spe|1\n|-enditem|p2a: Hippowdon|Sitrus Berry|[eat]\n|-heal|p2a: Hippowdon|72/100 tox|[from] item: Sitrus Berry\n|move|p2a: Hippowdon|Earthquake|p1a: Venusaur\n|-damage|p1a: Venusaur|60/100\n|\n|-weather|Sandstorm|[upkeep]\n|-damage|p1a: Venusaur|55/100|[from] Sandstorm\n|-damage|p2a: Hippowdon|60/100 tox|[from] psn\n|-end|p1a: Venusaur|move: Yawn|[silent]\n|-status|p1a: Venusaur|slp\n|upkeep\n|turn|7\n|\n|t:|1776131020\n|switch|p2a: Starmie|Starmie-Mega, L50, shiny|76/100\n|-status|p2a: Starmie|tox\n|-damage|p2a: Starmie|63/100 tox|[from] Stealth Rock\n|cant|p1a: Venusaur|slp\n|\n|-weather|Sandstorm|[upkeep]\n|-damage|p1a: Venusaur|49/100 slp|[from] Sandstorm\n|-damage|p2a: Starmie|57/100 tox|[from] Sandstorm\n|-damage|p2a: Starmie|52/100 tox|[from] psn\n|upkeep\n|turn|8\n|\n|t:|1776131032\n|cant|p1a: Venusaur|slp\n|move|p2a: Starmie|Zen Headbutt|p1a: Venusaur\n|-supereffective|p1a: Venusaur|1\n|-damage|p1a: Venusaur|0 fnt\n|faint|p1a: Venusaur\n|\n|win|zaliyeyuan\n|raw|imagine dreepy's rating: 1213 &rarr; <strong>1191</strong><br />(-22 for losing)\n|raw|zaliyeyuan's rating: 1248 &rarr; <strong>1270</strong><br />(+22 for winning)\n",
  "uploadtime": 1776131043,
  "views": 21,
  "formatid": "gen9championsbssregma",
  "rating": 1191,
  "private": 0,
  "password": null
}