{
  "id": "gen9championsbssregma-2583944769",
  "format": "[Gen 9 Champions] BSS Reg M-A",
  "players": [
    "ozymand",
    "Dr. Elite"
  ],
  "log": "|j|\u2606ozymand\n|j|\u2606Dr. Elite\n|t:|1776210563\n|gametype|singles\n|player|p1|ozymand|2|1244\n|player|p2|Dr. Elite|#drelite|1203\n|gen|9\n|tier|[Gen 9 Champions] BSS Reg M-A\n|rated|\n|rule|Species Clause: Limit one of each Pok\u00e9mon\n|rule|Item Clause: Limit 1 of each item\n|clearpoke\n|poke|p1|Orthworm, L50, F|\n|poke|p1|Delphox, L50, M|\n|poke|p1|Kingambit, L50, M|\n|poke|p1|Feraligatr, L50, F|\n|poke|p1|Aerodactyl, L50, M|\n|poke|p1|Excadrill, L50, M|\n|poke|p2|Alakazam, L50, M|\n|poke|p2|Gardevoir, L50, F|\n|poke|p2|Slowking-Galar, L50, M|\n|poke|p2|Farigiraf, L50, F|\n|poke|p2|Slowbro, L50, M|\n|poke|p2|Delphox, L50, F|\n|teampreview|3\n|inactive|Battle timer is ON: inactive players will automatically lose when time's up. (requested by ozymand)\n|inactive|Dr. Elite has 60 seconds left.\n|j| p74\n|\n|t:|1776210599\n|teamsize|p1|3\n|teamsize|p2|3\n|start\n|switch|p1a: Orthworm|Orthworm, L50, F|100/100\n|switch|p2a: Clozapine|Slowbro, L50, M, shiny|100/100\n|turn|1\n|\n|t:|1776210610\n|move|p1a: Orthworm|Shed Tail|p1a: Orthworm\n|-start|p1a: Orthworm|Substitute|[from] move: Shed Tail\n|-damage|p1a: Orthworm|50/100\n|-enditem|p1a: Orthworm|Sitrus Berry|[eat]\n|-heal|p1a: Orthworm|75/100|[from] item: Sitrus Berry\n|\n|t:|1776210620\n|switch|p1a: Feraligatr|Feraligatr, L50, F|100/100|[from] Shed Tail\n|move|p2a: Clozapine|Scald|p1a: Feraligatr\n|-resisted|p1a: Feraligatr|1\n|-activate|p1a: Feraligatr|move: Substitute|[damage]\n|\n|upkeep\n|turn|2\n|\n|t:|1776210626\n|move|p1a: Feraligatr|Dragon Dance|p1a: Feraligatr\n|-boost|p1a: Feraligatr|atk|1\n|-boost|p1a: Feraligatr|spe|1\n|move|p2a: Clozapine|Iron Defense|p2a: Clozapine\n|-boost|p2a: Clozapine|def|2\n|\n|upkeep\n|turn|3\n|\n|t:|1776210634\n|detailschange|p1a: Feraligatr|Feraligatr-Mega, L50, F\n|-mega|p1a: Feraligatr|Feraligatr|Feraligite\n|move|p1a: Feraligatr|Dragon Dance|p1a: Feraligatr\n|-boost|p1a: Feraligatr|atk|1\n|-boost|p1a: Feraligatr|spe|1\n|move|p2a: Clozapine|Iron Defense|p2a: Clozapine\n|-boost|p2a: Clozapine|def|2\n|\n|upkeep\n|turn|4\n|\n|t:|1776210646\n|move|p1a: Feraligatr|Dragon Dance|p1a: Feraligatr\n|-boost|p1a: Feraligatr|atk|1\n|-boost|p1a: Feraligatr|spe|1\n|move|p2a: Clozapine|Iron Defense|p2a: Clozapine\n|-boost|p2a: Clozapine|def|2\n|\n|upkeep\n|turn|5\n|\n|t:|1776210649\n|move|p1a: Feraligatr|Dragon Dance|p1a: Feraligatr\n|-boost|p1a: Feraligatr|atk|1\n|-boost|p1a: Feraligatr|spe|1\n|move|p2a: Clozapine|Calm Mind|p2a: Clozapine\n|-boost|p2a: Clozapine|spa|1\n|-boost|p2a: Clozapine|spd|1\n|\n|upkeep\n|turn|6\n|\n|t:|1776210654\n|move|p1a: Feraligatr|Dragon Dance|p1a: Feraligatr\n|-boost|p1a: Feraligatr|atk|1\n|-boost|p1a: Feraligatr|spe|1\n|move|p2a: Clozapine|Calm Mind|p2a: Clozapine\n|-boost|p2a: Clozapine|spa|1\n|-boost|p2a: Clozapine|spd|1\n|\n|upkeep\n|turn|7\n|\n|t:|1776210657\n|move|p1a: Feraligatr|Dragon Dance|p1a: Feraligatr\n|-boost|p1a: Feraligatr|atk|1\n|-boost|p1a: Feraligatr|spe|1\n|move|p2a: Clozapine|Scald|p1a: Feraligatr\n|-resisted|p1a: Feraligatr|2\n|-end|p1a: Feraligatr|Substitute\n|\n|upkeep\n|turn|8\n|\n|t:|1776210665\n|detailschange|p2a: Clozapine|Slowbro-Mega, L50, M, shiny\n|-mega|p2a: Clozapine|Slowbro|Slowbronite\n|move|p1a: Feraligatr|Crunch|p2a: Clozapine\n|-supereffective|p2a: Clozapine|1\n|-damage|p2a: Clozapine|62/100\n|move|p2a: Clozapine|Scald|p1a: Feraligatr\n|-resisted|p1a: Feraligatr|2\n|-damage|p1a: Feraligatr|80/100\n|-status|p1a: Feraligatr|brn\n|\n|-damage|p1a: Feraligatr|74/100 brn|[from] brn\n|upkeep\n|turn|9\n|\n|t:|1776210676\n|move|p1a: Feraligatr|Crunch|p2a: Clozapine\n|-supereffective|p2a: Clozapine|1\n|-damage|p2a: Clozapine|43/100\n|move|p2a: Clozapine|Slack Off|p2a: Clozapine\n|-heal|p2a: Clozapine|93/100\n|\n|-damage|p1a: Feraligatr|68/100 brn|[from] brn\n|upkeep\n|turn|10\n|\n|t:|1776210694\n|move|p1a: Feraligatr|Crunch|p2a: Clozapine\n|-supereffective|p2a: Clozapine|1\n|-damage|p2a: Clozapine|75/100\n|move|p2a: Clozapine|Calm Mind|p2a: Clozapine\n|-boost|p2a: Clozapine|spa|1\n|-boost|p2a: Clozapine|spd|1\n|\n|-damage|p1a: Feraligatr|62/100 brn|[from] brn\n|upkeep\n|turn|11\n|\n|t:|1776210698\n|move|p1a: Feraligatr|Crunch|p2a: Clozapine\n|-supereffective|p2a: Clozapine|1\n|-damage|p2a: Clozapine|55/100\n|-unboost|p2a: Clozapine|def|1\n|move|p2a: Clozapine|Calm Mind|p2a: Clozapine\n|-boost|p2a: Clozapine|spa|1\n|-boost|p2a: Clozapine|spd|1\n|\n|-damage|p1a: Feraligatr|55/100 brn|[from] brn\n|upkeep\n|turn|12\n|\n|t:|1776210700\n|move|p1a: Feraligatr|Crunch|p2a: Clozapine\n|-supereffective|p2a: Clozapine|1\n|-damage|p2a: Clozapine|34/100\n|move|p2a: Clozapine|Slack Off|p2a: Clozapine\n|-heal|p2a: Clozapine|84/100\n|\n|-damage|p1a: Feraligatr|49/100 brn|[from] brn\n|upkeep\n|turn|13\n|\n|t:|1776210703\n|move|p1a: Feraligatr|Crunch|p2a: Clozapine\n|-supereffective|p2a: Clozapine|1\n|-damage|p2a: Clozapine|64/100\n|move|p2a: Clozapine|Iron Defense|p2a: Clozapine\n|-boost|p2a: Clozapine|def|1\n|\n|-damage|p1a: Feraligatr|43/100 brn|[from] brn\n|upkeep\n|turn|14\n|\n|t:|1776210705\n|move|p1a: Feraligatr|Crunch|p2a: Clozapine\n|-supereffective|p2a: Clozapine|1\n|-damage|p2a: Clozapine|46/100\n|move|p2a: Clozapine|Calm Mind|p2a: Clozapine\n|-boost|p2a: Clozapine|spa|1\n|-boost|p2a: Clozapine|spd|1\n|\n|-damage|p1a: Feraligatr|37/100 brn|[from] brn\n|upkeep\n|turn|15\n|\n|t:|1776210708\n|move|p1a: Feraligatr|Crunch|p2a: Clozapine\n|-supereffective|p2a: Clozapine|1\n|-damage|p2a: Clozapine|26/100\n|move|p2a: Clozapine|Slack Off|p2a: Clozapine\n|-heal|p2a: Clozapine|76/100\n|\n|-damage|p1a: Feraligatr|31/100 brn|[from] brn\n|upkeep\n|turn|16\n|\n|t:|1776210712\n|move|p1a: Feraligatr|Crunch|p2a: Clozapine\n|-supereffective|p2a: Clozapine|1\n|-damage|p2a: Clozapine|57/100\n|move|p2a: Clozapine|Calm Mind|p2a: Clozapine\n|-boost|p2a: Clozapine|spa|1\n|-boost|p2a: Clozapine|spd|1\n|\n|-damage|p1a: Feraligatr|25/100 brn|[from] brn\n|upkeep\n|turn|17\n|\n|t:|1776210714\n|move|p1a: Feraligatr|Crunch|p2a: Clozapine\n|-supereffective|p2a: Clozapine|1\n|-damage|p2a: Clozapine|37/100\n|-unboost|p2a: Clozapine|def|1\n|move|p2a: Clozapine|Slack Off|p2a: Clozapine\n|-heal|p2a: Clozapine|87/100\n|\n|-damage|p1a: Feraligatr|18/100 brn|[from] brn\n|upkeep\n|turn|18\n|\n|t:|1776210717\n|move|p1a: Feraligatr|Crunch|p2a: Clozapine\n|-supereffective|p2a: Clozapine|1\n|-damage|p2a: Clozapine|66/100\n|move|p2a: Clozapine|Scald|p1a: Feraligatr\n|-resisted|p1a: Feraligatr|2\n|-damage|p1a: Feraligatr|0 fnt\n|faint|p1a: Feraligatr\n|\n|upkeep\n|\n|t:|1776210720\n|switch|p1a: Orthworm|Orthworm, L50, F|75/100\n|turn|19\n|\n|t:|1776210725\n|move|p1a: Orthworm|Shed Tail|p1a: Orthworm\n|-start|p1a: Orthworm|Substitute|[from] move: Shed Tail\n|-damage|p1a: Orthworm|25/100\n|\n|t:|1776210727\n|switch|p1a: Kingambit|Kingambit, L50, M|100/100|[from] Shed Tail\n|move|p2a: Clozapine|Scald|p1a: Kingambit\n|-end|p1a: Kingambit|Substitute\n|\n|upkeep\n|turn|20\n|\n|t:|1776210735\n|move|p1a: Kingambit|Swords Dance|p1a: Kingambit\n|-boost|p1a: Kingambit|atk|2\n|move|p2a: Clozapine|Scald|p1a: Kingambit\n|-enditem|p1a: Kingambit|Focus Sash\n|-damage|p1a: Kingambit|1/100\n|\n|upkeep\n|turn|21\n|\n|t:|1776210742\n|move|p1a: Kingambit|Kowtow Cleave|p2a: Clozapine\n|-supereffective|p2a: Clozapine|1\n|-damage|p2a: Clozapine|33/100\n|move|p2a: Clozapine|Scald|p1a: Kingambit\n|-damage|p1a: Kingambit|0 fnt\n|faint|p1a: Kingambit\n|\n|upkeep\n|\n|t:|1776210745\n|switch|p1a: Orthworm|Orthworm, L50, F|25/100\n|turn|22\n|-message|ozymand forfeited.\n|\n|win|Dr. Elite\n|raw|ozymand's rating: 1244 &rarr; <strong>1216</strong><br />(-28 for losing)\n|raw|Dr. Elite's rating: 1203 &rarr; <strong>1231</strong><br />(+28 for winning)\n|l|\u2606ozymand\n|player|p1|\n|l|\u2606Dr. Elite\n|player|p2|\n",
  "uploadtime": 1776210843,
  "views": 3,
  "formatid": "gen9championsbssregma",
  "rating": 1216,
  "private": 0,
  "password": null
}