{
  "id": "gen9championsbssregma-2585506353",
  "format": "[Gen 9 Champions] BSS Reg M-A",
  "players": [
    "eeaka",
    "BBBKTY"
  ],
  "log": "|j|\u2606eeaka\n|j|\u2606BBBKTY\n|t:|1776352123\n|gametype|singles\n|player|p1|eeaka|lady|1297\n|player|p2|BBBKTY|265|1232\n|gen|9\n|tier|[Gen 9 Champions] BSS Reg M-A\n|rated|\n|rule|Species Clause: Limit one of each Pok\u00e9mon\n|rule|Item Clause: Limit 1 of each item\n|clearpoke\n|poke|p1|Archaludon, L50, F|\n|poke|p1|Ninetales-Alola, L50, M|\n|poke|p1|Toxapex, L50, M|\n|poke|p1|Blastoise, L50, M|\n|poke|p1|Scizor, L50, M|\n|poke|p1|Garchomp, L50, F|\n|poke|p2|Dragapult, L50, M|\n|poke|p2|Alakazam, L50, M|\n|poke|p2|Azumarill, L50, F|\n|poke|p2|Clefable, L50, M|\n|poke|p2|Espathra, L50, M|\n|poke|p2|Glimmora, L50, M|\n|teampreview|3\n|inactive|Battle timer is ON: inactive players will automatically lose when time's up. (requested by eeaka)\n|\n|t:|1776352142\n|teamsize|p1|3\n|teamsize|p2|3\n|start\n|switch|p1a: Archaludon|Archaludon, L50, F|100/100\n|switch|p2a: Glimmora|Glimmora, L50, M|100/100\n|turn|1\n|\n|t:|1776352149\n|move|p1a: Archaludon|Flash Cannon|p2a: Glimmora\n|-supereffective|p2a: Glimmora|1\n|-damage|p2a: Glimmora|37/100\n|move|p2a: Glimmora|Stealth Rock|p1a: Archaludon\n|-sidestart|p1: eeaka|move: Stealth Rock\n|\n|upkeep\n|turn|2\n|\n|t:|1776352153\n|move|p1a: Archaludon|Stealth Rock|p2a: Glimmora\n|-sidestart|p2: BBBKTY|move: Stealth Rock\n|move|p2a: Glimmora|Earth Power|p1a: Archaludon\n|-supereffective|p1a: Archaludon|1\n|-damage|p1a: Archaludon|50/100\n|-ability|p1a: Archaludon|Stamina|boost\n|-boost|p1a: Archaludon|def|1\n|-enditem|p1a: Archaludon|Sitrus Berry|[eat]\n|-heal|p1a: Archaludon|75/100|[from] item: Sitrus Berry\n|\n|upkeep\n|turn|3\n|\n|t:|1776352160\n|move|p1a: Archaludon|Flash Cannon|p2a: Glimmora\n|-supereffective|p2a: Glimmora|1\n|-damage|p2a: Glimmora|0 fnt\n|faint|p2a: Glimmora\n|\n|upkeep\n|\n|t:|1776352164\n|switch|p2a: Espathra|Espathra, L50, M, shiny|100/100\n|-damage|p2a: Espathra|88/100|[from] Stealth Rock\n|turn|4\n|\n|t:|1776352171\n|move|p2a: Espathra|Protect|p2a: Espathra\n|-singleturn|p2a: Espathra|Protect\n|move|p1a: Archaludon|Dragon Tail|p2a: Espathra\n|-activate|p2a: Espathra|move: Protect\n|\n|-ability|p2a: Espathra|Speed Boost|boost\n|-boost|p2a: Espathra|spe|1\n|upkeep\n|turn|5\n|\n|t:|1776352177\n|move|p2a: Espathra|Baton Pass|p2a: Espathra\n|\n|t:|1776352179\n|switch|p2a: Clefable|Clefable, L50, M, shiny|100/100|[from] Baton Pass\n|-damage|p2a: Clefable|88/100|[from] Stealth Rock\n|move|p1a: Archaludon|Dragon Tail|p2a: Clefable\n|-immune|p2a: Clefable\n|\n|upkeep\n|turn|6\n|\n|t:|1776352184\n|detailschange|p2a: Clefable|Clefable-Mega, L50, M, shiny\n|-mega|p2a: Clefable|Clefable|Clefablite\n|move|p2a: Clefable|Cosmic Power|p2a: Clefable\n|-boost|p2a: Clefable|def|1\n|-boost|p2a: Clefable|spd|1\n|move|p1a: Archaludon|Flash Cannon|p2a: Clefable\n|-supereffective|p2a: Clefable|1\n|-damage|p2a: Clefable|53/100\n|\n|upkeep\n|turn|7\n|\n|t:|1776352192\n|switch|p1a: Ninetales|Ninetales-Alola, L50, M|100/100\n|-damage|p1a: Ninetales|76/100|[from] Stealth Rock\n|-weather|Snowscape|[from] ability: Snow Warning|[of] p1a: Ninetales\n|move|p2a: Clefable|Cosmic Power|p2a: Clefable\n|-boost|p2a: Clefable|def|1\n|-boost|p2a: Clefable|spd|1\n|\n|-weather|Snowscape|[upkeep]\n|upkeep\n|turn|8\n|\n|t:|1776352199\n|move|p1a: Ninetales|Encore|p2a: Clefable\n|move|p2a: Clefable|Encore||[from] ability: Magic Bounce|[still]\n|-fail|p2a: Clefable\n|move|p2a: Clefable|Cosmic Power|p2a: Clefable\n|-boost|p2a: Clefable|def|1\n|-boost|p2a: Clefable|spd|1\n|\n|-weather|Snowscape|[upkeep]\n|upkeep\n|turn|9\n|\n|t:|1776352208\n|move|p1a: Ninetales|Aurora Veil|p1a: Ninetales\n|-sidestart|p1: eeaka|move: Aurora Veil\n|move|p2a: Clefable|Cosmic Power|p2a: Clefable\n|-boost|p2a: Clefable|def|1\n|-boost|p2a: Clefable|spd|1\n|\n|-weather|Snowscape|[upkeep]\n|upkeep\n|turn|10\n|\n|t:|1776352211\n|switch|p1a: Scizor|Scizor, L50, M|100/100\n|-damage|p1a: Scizor|88/100|[from] Stealth Rock\n|move|p2a: Clefable|Cosmic Power|p2a: Clefable\n|-boost|p2a: Clefable|def|1\n|-boost|p2a: Clefable|spd|1\n|\n|-weather|Snowscape|[upkeep]\n|upkeep\n|turn|11\n|\n|t:|1776352218\n|detailschange|p1a: Scizor|Scizor-Mega, L50, M\n|-mega|p1a: Scizor|Scizor|Scizorite\n|move|p2a: Clefable|Moonlight|p2a: Clefable\n|-heal|p2a: Clefable|78/100\n|move|p1a: Scizor|Swords Dance|p1a: Scizor\n|-boost|p1a: Scizor|atk|2\n|\n|-weather|none\n|upkeep\n|turn|12\n|\n|t:|1776352232\n|move|p1a: Scizor|Bullet Punch|p2a: Clefable\n|-supereffective|p2a: Clefable|1\n|-damage|p2a: Clefable|42/100\n|move|p2a: Clefable|Stored Power|p1a: Scizor\n|-resisted|p1a: Scizor|1\n|-damage|p1a: Scizor|69/100\n|\n|upkeep\n|turn|13\n|\n|t:|1776352238\n|move|p2a: Clefable|Moonlight|p2a: Clefable\n|-heal|p2a: Clefable|92/100\n|move|p1a: Scizor|Swords Dance|p1a: Scizor\n|-boost|p1a: Scizor|atk|2\n|\n|-sideend|p1: eeaka|move: Aurora Veil\n|upkeep\n|turn|14\n|\n|t:|1776352247\n|move|p1a: Scizor|Bullet Punch|p2a: Clefable\n|-supereffective|p2a: Clefable|1\n|-damage|p2a: Clefable|33/100\n|move|p2a: Clefable|Stored Power|p1a: Scizor\n|-resisted|p1a: Scizor|1\n|-damage|p1a: Scizor|34/100\n|\n|upkeep\n|turn|15\n|\n|t:|1776352256\n|move|p1a: Scizor|Bullet Punch|p2a: Clefable\n|-supereffective|p2a: Clefable|1\n|-damage|p2a: Clefable|0 fnt\n|faint|p2a: Clefable\n|\n|upkeep\n|\n|t:|1776352259\n|switch|p2a: Espathra|Espathra, L50, M, shiny|88/100\n|-damage|p2a: Espathra|76/100|[from] Stealth Rock\n|turn|16\n|\n|t:|1776352267\n|move|p2a: Espathra|Protect|p2a: Espathra\n|-singleturn|p2a: Espathra|Protect\n|move|p1a: Scizor|Knock Off|p2a: Espathra\n|-activate|p2a: Espathra|move: Protect\n|\n|-ability|p2a: Espathra|Speed Boost|boost\n|-boost|p2a: Espathra|spe|1\n|upkeep\n|turn|17\n|\n|t:|1776352280\n|move|p1a: Scizor|Bullet Punch|p2a: Espathra\n|-damage|p2a: Espathra|0 fnt\n|faint|p2a: Espathra\n|\n|win|eeaka\n|raw|eeaka's rating: 1297 &rarr; <strong>1317</strong><br />(+20 for winning)\n|raw|BBBKTY's rating: 1232 &rarr; <strong>1212</strong><br />(-20 for losing)\n|l|\u2606eeaka\n|player|p1|\n",
  "uploadtime": 1776352289,
  "views": 14,
  "formatid": "gen9championsbssregma",
  "rating": 1212,
  "private": 0,
  "password": null
}