{
  "id": "gen9championsbssregma-2585117129",
  "format": "[Gen 9 Champions] BSS Reg M-A",
  "players": [
    "MoonBlast89",
    "yoyotaka"
  ],
  "log": "|j|\u2606MoonBlast89\n|j|\u203dyoyotaka\n|t:|1776313731\n|gametype|singles\n|player|p1|MoonBlast89|266|1281\n|player|p2|yoyotaka|265|1342\n|gen|9\n|tier|[Gen 9 Champions] BSS Reg M-A\n|rated|\n|rule|Species Clause: Limit one of each Pok\u00e9mon\n|rule|Item Clause: Limit 1 of each item\n|clearpoke\n|poke|p1|Lopunny, L50, F|\n|poke|p1|Corviknight, L50, M|\n|poke|p1|Bellibolt, L50, F|\n|poke|p1|Garchomp, L50, M|\n|poke|p1|Primarina, L50, F|\n|poke|p1|Aegislash, L50, M|\n|poke|p2|Dragonite, L50, M|\n|poke|p2|Hippowdon, L50, M|\n|poke|p2|Primarina, L50, F|\n|poke|p2|Kangaskhan, L50, F|\n|poke|p2|Meowscarada, L50, F|\n|poke|p2|Aegislash, L50, F|\n|teampreview|3\n|j| rcote33\n|\n|t:|1776313779\n|teamsize|p1|3\n|teamsize|p2|3\n|start\n|switch|p1a: Lopunny|Lopunny, L50, F, shiny|100/100\n|switch|p2a: Dragonite|Dragonite, L50, M|100/100\n|turn|1\n|\n|t:|1776313785\n|switch|p2a: Hippowdon|Hippowdon, L50, M|100/100\n|-weather|Sandstorm|[from] ability: Sand Stream|[of] p2a: Hippowdon\n|detailschange|p1a: Lopunny|Lopunny-Mega, L50, F, shiny\n|-mega|p1a: Lopunny|Lopunny|Lopunnite\n|move|p1a: Lopunny|Fake Out|p2a: Hippowdon\n|-damage|p2a: Hippowdon|88/100\n|\n|-weather|Sandstorm|[upkeep]\n|-damage|p1a: Lopunny|95/100|[from] Sandstorm\n|-heal|p2a: Hippowdon|94/100|[from] item: Leftovers\n|upkeep\n|turn|2\n|\n|t:|1776313797\n|move|p1a: Lopunny|U-turn|p2a: Hippowdon\n|-damage|p2a: Hippowdon|78/100\n|\n|t:|1776313800\n|switch|p1a: Primarina|Primarina, L50, F, shiny|100/100|[from] U-turn\n|move|p2a: Hippowdon|Stealth Rock|p1a: Primarina\n|-sidestart|p1: MoonBlast89|move: Stealth Rock\n|\n|-weather|Sandstorm|[upkeep]\n|-damage|p1a: Primarina|95/100|[from] Sandstorm\n|-heal|p2a: Hippowdon|84/100|[from] item: Leftovers\n|upkeep\n|turn|3\n|j| p74\n|\n|t:|1776313810\n|switch|p2a: Primarina|Primarina, L50, F|100/100\n|move|p1a: Primarina|Sparkling Aria|p2a: Primarina\n|-resisted|p2a: Primarina|1\n|-damage|p2a: Primarina|83/100\n|\n|-weather|Sandstorm|[upkeep]\n|-damage|p2a: Primarina|77/100|[from] Sandstorm\n|-damage|p1a: Primarina|89/100|[from] Sandstorm\n|upkeep\n|turn|4\n|\n|t:|1776313822\n|move|p2a: Primarina|Moonblast|p1a: Primarina\n|-damage|p1a: Primarina|50/100\n|move|p1a: Primarina|Flip Turn|p2a: Primarina\n|-resisted|p2a: Primarina|1\n|-damage|p2a: Primarina|68/100\n|\n|t:|1776313825\n|switch|p1a: Bellibolt|Bellibolt, L50, F, shiny|100/100|[from] Flip Turn\n|-damage|p1a: Bellibolt|88/100|[from] Stealth Rock\n|\n|-weather|Sandstorm|[upkeep]\n|-damage|p2a: Primarina|63/100|[from] Sandstorm\n|-damage|p1a: Bellibolt|82/100|[from] Sandstorm\n|-heal|p1a: Bellibolt|88/100|[from] item: Leftovers\n|upkeep\n|turn|5\n|\n|t:|1776313836\n|move|p2a: Primarina|Moonblast|p1a: Bellibolt\n|-damage|p1a: Bellibolt|51/100\n|-start|p1a: Bellibolt|Charge|Moonblast|[from] ability: Electromorphosis\n|move|p1a: Bellibolt|Toxic|p2a: Primarina\n|-status|p2a: Primarina|tox\n|\n|-weather|none\n|-heal|p1a: Bellibolt|57/100|[from] item: Leftovers\n|-damage|p2a: Primarina|57/100 tox|[from] psn\n|upkeep\n|turn|6\n|\n|t:|1776313849\n|switch|p2a: Hippowdon|Hippowdon, L50, M|84/100\n|-weather|Sandstorm|[from] ability: Sand Stream|[of] p2a: Hippowdon\n|move|p1a: Bellibolt|Slack Off|p1a: Bellibolt\n|-heal|p1a: Bellibolt|100/100\n|\n|-weather|Sandstorm|[upkeep]\n|-damage|p1a: Bellibolt|94/100|[from] Sandstorm\n|-heal|p2a: Hippowdon|90/100|[from] item: Leftovers\n|-heal|p1a: Bellibolt|100/100|[from] item: Leftovers\n|upkeep\n|turn|7\n|\n|t:|1776313862\n|switch|p1a: Primarina|Primarina, L50, F, shiny|50/100\n|-damage|p1a: Primarina|37/100|[from] Stealth Rock\n|move|p2a: Hippowdon|Yawn|p1a: Primarina\n|-start|p1a: Primarina|move: Yawn|[of] p2a: Hippowdon\n|\n|-weather|Sandstorm|[upkeep]\n|-damage|p1a: Primarina|32/100|[from] Sandstorm\n|-heal|p2a: Hippowdon|96/100|[from] item: Leftovers\n|upkeep\n|turn|8\n|\n|t:|1776313875\n|move|p1a: Primarina|Sparkling Aria|p2a: Hippowdon\n|-supereffective|p2a: Hippowdon|1\n|-damage|p2a: Hippowdon|0 fnt\n|faint|p2a: Hippowdon\n|\n|-weather|Sandstorm|[upkeep]\n|-damage|p1a: Primarina|26/100|[from] Sandstorm\n|-end|p1a: Primarina|move: Yawn|[silent]\n|-status|p1a: Primarina|slp\n|-enditem|p1a: Primarina|Lum Berry|[eat]\n|-curestatus|p1a: Primarina|slp|[msg]\n|upkeep\n|\n|t:|1776313887\n|switch|p2a: Dragonite|Dragonite, L50, M|100/100\n|turn|9\n|\n|t:|1776313893\n|detailschange|p2a: Dragonite|Dragonite-Mega, L50, M\n|-mega|p2a: Dragonite|Dragonite|Dragoninite\n|move|p2a: Dragonite|Thunderbolt|p1a: Primarina\n|-supereffective|p1a: Primarina|1\n|-damage|p1a: Primarina|0 fnt\n|faint|p1a: Primarina\n|\n|-weather|Sandstorm|[upkeep]\n|-damage|p2a: Dragonite|95/100|[from] Sandstorm\n|upkeep\n|\n|t:|1776313901\n|switch|p1a: Lopunny|Lopunny-Mega, L50, F, shiny|95/100\n|-damage|p1a: Lopunny|89/100|[from] Stealth Rock\n|turn|10\n|\n|t:|1776313919\n|move|p1a: Lopunny|Fake Out|p2a: Dragonite\n|-crit|p2a: Dragonite\n|-damage|p2a: Dragonite|66/100\n|cant|p2a: Dragonite|flinch\n|\n|-weather|none\n|upkeep\n|turn|11\n|j| huhyuhyuhyuh\n|\n|t:|1776313926\n|move|p1a: Lopunny|Triple Axel|p2a: Dragonite\n|-supereffective|p2a: Dragonite|2\n|-damage|p2a: Dragonite|38/100\n|-supereffective|p2a: Dragonite|2\n|-damage|p2a: Dragonite|0 fnt\n|faint|p2a: Dragonite\n|-hitcount|p2: Dragonite|2\n|\n|upkeep\n|-message|yoyotaka forfeited.\n|\n|win|MoonBlast89\n|raw|MoonBlast89's rating: 1281 &rarr; <strong>1310</strong><br />(+29 for winning)\n|raw|yoyotaka's rating: 1342 &rarr; <strong>1319</strong><br />(-23 for losing)\n|l|\u203dyoyotaka\n|player|p2|\n|l| rcote33\n|l| huhyuhyuhyuh\n|l|\u2606MoonBlast89\n|player|p1|\n",
  "uploadtime": 1776315142,
  "views": 4,
  "formatid": "gen9championsbssregma",
  "rating": 1310,
  "private": 0,
  "password": null
}