{
  "id": "gen9championsbssregma-2587030436",
  "format": "[Gen 9 Champions] BSS Reg M-A",
  "players": [
    "skulldr",
    "Outofcure"
  ],
  "log": "|j|\u2606skulldr\n|j|\u2606Outofcure\n|t:|1776483073\n|gametype|singles\n|player|p1|skulldr|101|1220\n|player|p2|Outofcure|bruno-gen3|1277\n|gen|9\n|tier|[Gen 9 Champions] BSS Reg M-A\n|rated|\n|rule|Species Clause: Limit one of each Pok\u00e9mon\n|rule|Item Clause: Limit 1 of each item\n|clearpoke\n|poke|p1|Archaludon, L50, M|\n|poke|p1|Pelipper, L50, F|\n|poke|p1|Kingambit, L50, M|\n|poke|p1|Mamoswine, L50, F|\n|poke|p1|Scizor, L50, F|\n|poke|p1|Roserade, L50, M|\n|poke|p2|Garchomp, L50, F|\n|poke|p2|Chesnaught, L50, M|\n|poke|p2|Tyranitar, L50, F|\n|poke|p2|Rotom-Wash, L50|\n|poke|p2|Ceruledge, L50, F|\n|poke|p2|Glimmora, L50, F|\n|teampreview|3\n|inactive|Battle timer is ON: inactive players will automatically lose when time's up. (requested by skulldr)\n|\n|t:|1776483095\n|teamsize|p1|3\n|teamsize|p2|3\n|start\n|switch|p1a: Scizor|Scizor, L50, F|100/100\n|switch|p2a: Rotom|Rotom-Wash, L50|100/100\n|turn|1\n|\n|t:|1776483098\n|switch|p1a: Roserade|Roserade, L50, M|100/100\n|move|p2a: Rotom|Will-O-Wisp|p1a: Roserade\n|-status|p1a: Roserade|brn\n|\n|-damage|p1a: Roserade|95/100 brn|[from] brn\n|upkeep\n|turn|2\n|\n|t:|1776483103\n|switch|p2a: Ceruledge|Ceruledge, L50, F|100/100\n|move|p1a: Roserade|Giga Drain|p2a: Ceruledge\n|-resisted|p2a: Ceruledge|1\n|-damage|p2a: Ceruledge|77/100\n|-heal|p1a: Roserade|100/100 brn|[from] drain|[of] p2a: Ceruledge\n|\n|-damage|p1a: Roserade|95/100 brn|[from] brn\n|upkeep\n|turn|3\n|\n|t:|1776483107\n|-curestatus|p1a: Roserade|brn|[from] ability: Natural Cure\n|switch|p1a: Mamoswine|Mamoswine, L50, F|100/100\n|move|p2a: Ceruledge|Swords Dance|p2a: Ceruledge\n|-boost|p2a: Ceruledge|atk|2\n|\n|upkeep\n|turn|4\n|\n|t:|1776483110\n|move|p2a: Ceruledge|Bitter Blade|p1a: Mamoswine\n|-supereffective|p1a: Mamoswine|1\n|-enditem|p1a: Mamoswine|Focus Sash\n|-damage|p1a: Mamoswine|1/100\n|-heal|p2a: Ceruledge|100/100|[from] drain|[of] p1a: Mamoswine\n|move|p1a: Mamoswine|Earthquake|p2a: Ceruledge\n|-supereffective|p2a: Ceruledge|1\n|-enditem|p2a: Ceruledge|Shuca Berry|[eat]\n|-enditem|p2a: Ceruledge|Shuca Berry|[weaken]\n|-damage|p2a: Ceruledge|25/100\n|-ability|p2a: Ceruledge|Weak Armor|boost\n|-unboost|p2a: Ceruledge|def|1\n|-boost|p2a: Ceruledge|spe|2\n|\n|upkeep\n|turn|5\n|\n|t:|1776483116\n|move|p1a: Mamoswine|Ice Shard|p2a: Ceruledge\n|-resisted|p2a: Ceruledge|1\n|-damage|p2a: Ceruledge|0 fnt\n|faint|p2a: Ceruledge\n|\n|upkeep\n|\n|t:|1776483119\n|switch|p2a: Rotom|Rotom-Wash, L50|100/100\n|turn|6\n|\n|t:|1776483122\n|switch|p1a: Roserade|Roserade, L50, M|95/100\n|move|p2a: Rotom|Hex|p1a: Roserade\n|-damage|p1a: Roserade|68/100\n|\n|upkeep\n|turn|7\n|\n|t:|1776483124\n|move|p1a: Roserade|Giga Drain|p2a: Rotom\n|-supereffective|p2a: Rotom|1\n|-damage|p2a: Rotom|0 fnt\n|-heal|p1a: Roserade|100/100|[from] drain|[of] p2a: Rotom\n|faint|p2a: Rotom\n|\n|upkeep\n|\n|t:|1776483126\n|switch|p2a: Chesnaught|Chesnaught, L50, M|100/100\n|turn|8\n|\n|t:|1776483130\n|switch|p1a: Mamoswine|Mamoswine, L50, F|1/100\n|detailschange|p2a: Chesnaught|Chesnaught-Mega, L50, M\n|-mega|p2a: Chesnaught|Chesnaught|Chesnaughtite\n|move|p2a: Chesnaught|Iron Defense|p2a: Chesnaught\n|-boost|p2a: Chesnaught|def|2\n|\n|upkeep\n|turn|9\n|\n|t:|1776483134\n|move|p1a: Mamoswine|Stealth Rock|p2a: Chesnaught\n|-sidestart|p2: Outofcure|move: Stealth Rock\n|move|p2a: Chesnaught|Body Press|p1a: Mamoswine\n|-supereffective|p1a: Mamoswine|1\n|-damage|p1a: Mamoswine|0 fnt\n|faint|p1a: Mamoswine\n|\n|upkeep\n|\n|t:|1776483135\n|switch|p1a: Roserade|Roserade, L50, M|100/100\n|turn|10\n|\n|t:|1776483138\n|move|p2a: Chesnaught|Spiky Shield|p2a: Chesnaught\n|-singleturn|p2a: Chesnaught|move: Protect\n|move|p1a: Roserade|Sludge Bomb|p2a: Chesnaught\n|-activate|p2a: Chesnaught|move: Protect\n|\n|upkeep\n|turn|11\n|\n|t:|1776483143\n|move|p1a: Roserade|Sludge Bomb|p2a: Chesnaught\n|-immune|p2a: Chesnaught|[from] ability: Bulletproof\n|move|p2a: Chesnaught|Iron Defense|p2a: Chesnaught\n|-boost|p2a: Chesnaught|def|2\n|\n|upkeep\n|turn|12\n|\n|t:|1776483146\n|switch|p1a: Scizor|Scizor, L50, F|100/100\n|move|p2a: Chesnaught|Iron Defense|p2a: Chesnaught\n|-boost|p2a: Chesnaught|def|2\n|\n|upkeep\n|turn|13\n|\n|t:|1776483148\n|switch|p1a: Roserade|Roserade, L50, M|100/100\n|move|p2a: Chesnaught|Body Press|p1a: Roserade\n|-resisted|p1a: Roserade|1\n|-damage|p1a: Roserade|0 fnt\n|faint|p1a: Roserade\n|\n|upkeep\n|\n|t:|1776483150\n|switch|p1a: Scizor|Scizor, L50, F|100/100\n|turn|14\n|\n|t:|1776483153\n|detailschange|p1a: Scizor|Scizor-Mega, L50, F\n|-mega|p1a: Scizor|Scizor|Scizorite\n|move|p1a: Scizor|Swords Dance|p1a: Scizor\n|-boost|p1a: Scizor|atk|2\n|move|p2a: Chesnaught|Body Press|p1a: Scizor\n|-damage|p1a: Scizor|0 fnt\n|faint|p1a: Scizor\n|\n|win|Outofcure\n|raw|skulldr's rating: 1220 &rarr; <strong>1199</strong><br />(-21 for losing)\n|raw|Outofcure's rating: 1277 &rarr; <strong>1298</strong><br />(+21 for winning)\n|l|\u2606skulldr\n|player|p1|\n",
  "uploadtime": 1776483158,
  "views": 8,
  "formatid": "gen9championsbssregma",
  "rating": 1199,
  "private": 0,
  "password": null
}