{
  "id": "gen9championsbssregma-2586899230",
  "format": "[Gen 9 Champions] BSS Reg M-A",
  "players": [
    "saitoimmortal",
    "mia corvere"
  ],
  "log": "|j|\u2606saitoimmortal\n|j|\u2606mia corvere\n|t:|1776469840\n|gametype|singles\n|player|p1|saitoimmortal|acetrainer-gen4dp|1263\n|player|p2|mia corvere|266|1317\n|gen|9\n|tier|[Gen 9 Champions] BSS Reg M-A\n|rated|\n|rule|Species Clause: Limit one of each Pok\u00e9mon\n|rule|Item Clause: Limit 1 of each item\n|clearpoke\n|poke|p1|Garchomp, L50, F|\n|poke|p1|Scizor, L50, F|\n|poke|p1|Dragonite, L50, M|\n|poke|p1|Aegislash, L50, F|\n|poke|p1|Primarina, L50, F|\n|poke|p1|Empoleon, L50, F|\n|poke|p2|Aegislash, L50, M|\n|poke|p2|Gengar, L50, F|\n|poke|p2|Starmie, L50|\n|poke|p2|Ditto, L50|\n|poke|p2|Volcarona, L50, M|\n|poke|p2|Rotom-Wash, L50|\n|teampreview|3\n|inactive|Battle timer is ON: inactive players will automatically lose when time's up. (requested by mia corvere)\n|inactive|saitoimmortal has 60 seconds left.\n|\n|t:|1776469901\n|teamsize|p1|3\n|teamsize|p2|3\n|start\n|switch|p1a: Garchomp|Garchomp, L50, F, shiny|100/100\n|switch|p2a: Starmie|Starmie, L50|100/100\n|turn|1\n|\n|t:|1776469908\n|detailschange|p2a: Starmie|Starmie-Mega, L50\n|-mega|p2a: Starmie|Starmie|Starminite\n|move|p1a: Garchomp|Outrage|p2a: Starmie\n|-damage|p2a: Starmie|22/100\n|move|p2a: Starmie|Ice Spinner|p1a: Garchomp\n|-supereffective|p1a: Garchomp|2\n|-damage|p1a: Garchomp|0 fnt\n|-damage|p2a: Starmie|10/100|[from] ability: Rough Skin|[of] p1a: Garchomp\n|faint|p1a: Garchomp\n|\n|upkeep\n|\n|t:|1776469930\n|switch|p1a: Scizor|Scizor, L50, F, shiny|100/100\n|turn|2\n|\n|t:|1776469936\n|switch|p2a: Rotom|Rotom-Wash, L50|100/100\n|detailschange|p1a: Scizor|Scizor-Mega, L50, F, shiny\n|-mega|p1a: Scizor|Scizor|Scizorite\n|move|p1a: Scizor|Swords Dance|p1a: Scizor\n|-boost|p1a: Scizor|atk|2\n|\n|upkeep\n|turn|3\n|\n|t:|1776469950\n|move|p2a: Rotom|Will-O-Wisp|p1a: Scizor\n|-status|p1a: Scizor|brn\n|move|p1a: Scizor|U-turn|p2a: Rotom\n|-damage|p2a: Rotom|73/100\n|\n|t:|1776469953\n|switch|p1a: Aegislash|Aegislash, L50, F, shiny|100/100|[from] U-turn\n|\n|upkeep\n|turn|4\n|\n|t:|1776469957\n|move|p1a: Aegislash|Swords Dance|p1a: Aegislash\n|-boost|p1a: Aegislash|atk|2\n|move|p2a: Rotom|Will-O-Wisp|p1a: Aegislash\n|-status|p1a: Aegislash|brn\n|\n|-damage|p1a: Aegislash|95/100 brn|[from] brn\n|upkeep\n|turn|5\n|j| p74\n|\n|t:|1776469968\n|move|p1a: Aegislash|Swords Dance|p1a: Aegislash\n|-boost|p1a: Aegislash|atk|2\n|move|p2a: Rotom|Hydro Pump|p1a: Aegislash\n|-damage|p1a: Aegislash|52/100 brn\n|\n|-damage|p1a: Aegislash|46/100 brn|[from] brn\n|upkeep\n|turn|6\n|\n|t:|1776469980\n|switch|p2a: Starmie|Starmie-Mega, L50|10/100\n|-formechange|p1a: Aegislash|Aegislash-Blade|\n|move|p1a: Aegislash|Poltergeist|p2a: Starmie\n|-activate|p2a: Starmie|move: Poltergeist|Starminite\n|-supereffective|p2a: Starmie|1\n|-damage|p2a: Starmie|0 fnt\n|faint|p2a: Starmie\n|\n|-damage|p1a: Aegislash|41/100 brn|[from] brn\n|upkeep\n|\n|t:|1776469984\n|switch|p2a: Ditto|Ditto, L50|100/100\n|-transform|p2a: Ditto|p1a: Aegislash|[from] ability: Imposter\n|turn|7\n|\n|t:|1776469996\n|move|p2a: Ditto|Shadow Sneak|p1a: Aegislash\n|-supereffective|p1a: Aegislash|1\n|-damage|p1a: Aegislash|0 fnt\n|faint|p1a: Aegislash\n|\n|upkeep\n|\n|t:|1776469998\n|switch|p1a: Scizor|Scizor-Mega, L50, F, shiny|100/100 brn\n|turn|8\n|\n|t:|1776470000\n|move|p2a: Ditto|Shadow Sneak|p1a: Scizor\n|-damage|p1a: Scizor|50/100 brn\n|move|p1a: Scizor|Swords Dance|p1a: Scizor\n|-boost|p1a: Scizor|atk|2\n|\n|-damage|p1a: Scizor|43/100 brn|[from] brn\n|upkeep\n|turn|9\n|-message|saitoimmortal forfeited.\n|\n|win|mia corvere\n|raw|saitoimmortal's rating: 1263 &rarr; <strong>1242</strong><br />(-21 for losing)\n|raw|mia corvere's rating: 1317 &rarr; <strong>1334</strong><br />(+17 for winning)\n|l|\u2606saitoimmortal\n|player|p1|\n|l|\u2606mia corvere\n|player|p2|\n",
  "uploadtime": 1776470488,
  "views": 2,
  "formatid": "gen9championsbssregma",
  "rating": 1242,
  "private": 0,
  "password": null
}