{
  "id": "gen9championsbssregma-2587854422",
  "format": "[Gen 9 Champions] BSS Reg M-A",
  "players": [
    "Nancy Gita",
    "theredbacon"
  ],
  "log": "|j|\u2606Nancy Gita\n|j|\u2606theredbacon\n|t:|1776570952\n|gametype|singles\n|player|p1|Nancy Gita|lance|1000\n|player|p2|theredbacon|bugcatcher-gen4dp|1115\n|gen|9\n|tier|[Gen 9 Champions] BSS Reg M-A\n|rated|\n|rule|Species Clause: Limit one of each Pok\u00e9mon\n|rule|Item Clause: Limit 1 of each item\n|clearpoke\n|poke|p1|Incineroar, L50, F, shiny|\n|poke|p1|Aegislash, L50, F, shiny|\n|poke|p1|Aggron, L50, F, shiny|\n|poke|p1|Milotic, L50, M|\n|poke|p1|Umbreon, L50, M|\n|poke|p1|Meganium, L50, M|\n|poke|p2|Victreebel, L50, M|\n|poke|p2|Kingambit, L50, M|\n|poke|p2|Garchomp, L50, F|\n|poke|p2|Samurott-Hisui, L50, F|\n|poke|p2|Skarmory, L50, F|\n|poke|p2|Dragapult, L50, F|\n|teampreview|3\n|\n|t:|1776570984\n|teamsize|p1|3\n|teamsize|p2|3\n|start\n|switch|p1a: Incineroar|Incineroar, L50, F, shiny|100/100\n|switch|p2a: Victreebel|Victreebel, L50, M|100/100\n|-ability|p1a: Incineroar|Intimidate|boost\n|-unboost|p2a: Victreebel|atk|1\n|turn|1\n|\n|t:|1776570992\n|detailschange|p2a: Victreebel|Victreebel-Mega, L50, M\n|-mega|p2a: Victreebel|Victreebel|Victreebelite\n|move|p1a: Incineroar|Fake Out|p2a: Victreebel\n|-damage|p2a: Victreebel|87/100\n|cant|p2a: Victreebel|flinch\n|\n|upkeep\n|turn|2\n|\n|t:|1776571013\n|move|p2a: Victreebel|Strength Sap|p1a: Incineroar\n|-unboost|p1a: Incineroar|atk|1\n|-heal|p2a: Victreebel|100/100\n|move|p1a: Incineroar|Flare Blitz|p2a: Victreebel\n|-supereffective|p2a: Victreebel|1\n|-damage|p2a: Victreebel|26/100\n|-damage|p1a: Incineroar|75/100|[from] Recoil\n|\n|upkeep\n|turn|3\n|\n|t:|1776571023\n|move|p2a: Victreebel|Strength Sap|p1a: Incineroar\n|-unboost|p1a: Incineroar|atk|1\n|-heal|p2a: Victreebel|82/100\n|move|p1a: Incineroar|Flare Blitz|p2a: Victreebel\n|-supereffective|p2a: Victreebel|1\n|-damage|p2a: Victreebel|23/100\n|-damage|p1a: Incineroar|55/100|[from] Recoil\n|\n|upkeep\n|turn|4\n|\n|t:|1776571034\n|move|p2a: Victreebel|Encore|p1a: Incineroar\n|-start|p1a: Incineroar|Encore\n|move|p1a: Incineroar|Flare Blitz|p2a: Victreebel\n|-supereffective|p2a: Victreebel|1\n|-damage|p2a: Victreebel|0 fnt\n|-damage|p1a: Incineroar|31/100|[from] ability: Innards Out|[of] p2a: Victreebel\n|-enditem|p1a: Incineroar|Sitrus Berry|[eat]\n|-heal|p1a: Incineroar|56/100|[from] item: Sitrus Berry\n|faint|p2a: Victreebel\n|-damage|p1a: Incineroar|48/100|[from] Recoil\n|\n|upkeep\n|\n|t:|1776571035\n|switch|p2a: Dragapult|Dragapult, L50, F|100/100\n|turn|5\n|\n|t:|1776571050\n|move|p2a: Dragapult|U-turn|p1a: Incineroar\n|-damage|p1a: Incineroar|34/100\n|\n|t:|1776571053\n|switch|p2a: Skarmory|Skarmory, L50, F|100/100|[from] U-turn\n|move|p1a: Incineroar|Flare Blitz|p2a: Skarmory\n|-supereffective|p2a: Skarmory|1\n|-damage|p2a: Skarmory|64/100\n|-status|p2a: Skarmory|brn\n|-damage|p1a: Incineroar|23/100|[from] Recoil\n|\n|-damage|p2a: Skarmory|59/100 brn|[from] brn\n|upkeep\n|turn|6\n|\n|t:|1776571076\n|move|p2a: Skarmory|Roost|p2a: Skarmory\n|-heal|p2a: Skarmory|100/100 brn\n|-singleturn|p2a: Skarmory|move: Roost\n|move|p1a: Incineroar|Flare Blitz|p2a: Skarmory\n|-supereffective|p2a: Skarmory|1\n|-damage|p2a: Skarmory|68/100 brn\n|-damage|p1a: Incineroar|13/100|[from] Recoil\n|\n|-damage|p2a: Skarmory|62/100 brn|[from] brn\n|-end|p1a: Incineroar|Encore\n|upkeep\n|turn|7\n|\n|t:|1776571091\n|move|p2a: Skarmory|Body Press|p1a: Incineroar\n|-supereffective|p1a: Incineroar|1\n|-damage|p1a: Incineroar|0 fnt\n|faint|p1a: Incineroar\n|\n|-damage|p2a: Skarmory|56/100 brn|[from] brn\n|upkeep\n|\n|t:|1776571101\n|switch|p1a: Aegislash|Aegislash, L50, F, shiny|100/100\n|turn|8\n|\n|t:|1776571110\n|move|p1a: Aegislash|Swords Dance|p1a: Aegislash\n|-boost|p1a: Aegislash|atk|2\n|move|p2a: Skarmory|Iron Defense|p2a: Skarmory\n|-boost|p2a: Skarmory|def|2\n|\n|-damage|p2a: Skarmory|50/100 brn|[from] brn\n|upkeep\n|-enditem|p2a: Skarmory|Sitrus Berry|[eat]\n|-heal|p2a: Skarmory|75/100 brn|[from] item: Sitrus Berry\n|turn|9\n|\n|t:|1776571121\n|move|p1a: Aegislash|Swords Dance|p1a: Aegislash\n|-boost|p1a: Aegislash|atk|2\n|move|p2a: Skarmory|Iron Defense|p2a: Skarmory\n|-boost|p2a: Skarmory|def|2\n|\n|-damage|p2a: Skarmory|70/100 brn|[from] brn\n|upkeep\n|turn|10\n|\n|t:|1776571129\n|move|p1a: Aegislash|Swords Dance|p1a: Aegislash\n|-boost|p1a: Aegislash|atk|2\n|move|p2a: Skarmory|Iron Defense|p2a: Skarmory\n|-boost|p2a: Skarmory|def|2\n|\n|-damage|p2a: Skarmory|64/100 brn|[from] brn\n|upkeep\n|turn|11\n|\n|t:|1776571140\n|-formechange|p1a: Aegislash|Aegislash-Blade|\n|move|p1a: Aegislash|Sacred Sword|p2a: Skarmory\n|-damage|p2a: Skarmory|0 fnt\n|faint|p2a: Skarmory\n|\n|upkeep\n|\n|t:|1776571144\n|switch|p2a: Dragapult|Dragapult, L50, F|100/100\n|turn|12\n|\n|t:|1776571151\n|move|p1a: Aegislash|Shadow Sneak|p2a: Dragapult\n|-supereffective|p2a: Dragapult|1\n|-damage|p2a: Dragapult|0 fnt\n|faint|p2a: Dragapult\n|\n|win|Nancy Gita\n|raw|Nancy Gita's rating: 1000 &rarr; <strong>1053</strong><br />(+53 for winning)\n|raw|theredbacon's rating: 1115 &rarr; <strong>1082</strong><br />(-33 for losing)\n|l|\u2606theredbacon\n|player|p2|\n",
  "uploadtime": 1776571156,
  "views": 10,
  "formatid": "gen9championsbssregma",
  "rating": 1053,
  "private": 0,
  "password": null
}