{
  "id": "gen9championsbssregma-2587988291",
  "format": "[Gen 9 Champions] BSS Reg M-A",
  "players": [
    "jaxsha",
    "WormStepper"
  ],
  "log": "|j|\u2606jaxsha\n|j|\u2606WormStepper\n|t:|1776589299\n|gametype|singles\n|player|p1|jaxsha|1|1166\n|player|p2|WormStepper|steven-masters4|1158\n|gen|9\n|tier|[Gen 9 Champions] BSS Reg M-A\n|rated|\n|rule|Species Clause: Limit one of each Pok\u00e9mon\n|rule|Item Clause: Limit 1 of each item\n|clearpoke\n|poke|p1|Meowscarada, L50, M|\n|poke|p1|Scizor, L50, F|\n|poke|p1|Rotom-Wash, L50|\n|poke|p1|Charizard, L50, M|\n|poke|p1|Primarina, L50, F|\n|poke|p1|Garchomp, L50, F|\n|poke|p2|Zoroark-Hisui, L50, F|\n|poke|p2|Lucario, L50, F|\n|poke|p2|Slowking-Galar, L50, F|\n|poke|p2|Meowscarada, L50, M|\n|poke|p2|Tyranitar, L50, M|\n|poke|p2|Kommo-o, L50, F|\n|teampreview|3\n|inactive|Battle timer is ON: inactive players will automatically lose when time's up. (requested by WormStepper)\n|inactive|jaxsha has 60 seconds left.\n|\n|t:|1776589379\n|teamsize|p1|3\n|teamsize|p2|3\n|start\n|switch|p1a: Garchomp|Garchomp, L50, F|100/100\n|switch|p2a: Slowking|Slowking-Galar, L50, F|100/100\n|turn|1\n|\n|t:|1776589388\n|move|p1a: Garchomp|Stealth Rock|p2a: Slowking\n|-sidestart|p2: WormStepper|move: Stealth Rock\n|move|p2a: Slowking|Ice Beam|p1a: Garchomp\n|-supereffective|p1a: Garchomp|2\n|-enditem|p1a: Garchomp|Yache Berry|[eat]\n|-enditem|p1a: Garchomp|Yache Berry|[weaken]\n|-damage|p1a: Garchomp|55/100\n|\n|upkeep\n|turn|2\n|\n|t:|1776589395\n|move|p1a: Garchomp|Earthquake|p2a: Slowking\n|-supereffective|p2a: Slowking|1\n|-enditem|p2a: Slowking|Shuca Berry|[eat]\n|-enditem|p2a: Slowking|Shuca Berry|[weaken]\n|-damage|p2a: Slowking|66/100\n|move|p2a: Slowking|Ice Beam|p1a: Garchomp\n|-supereffective|p1a: Garchomp|2\n|-damage|p1a: Garchomp|0 fnt\n|faint|p1a: Garchomp\n|\n|upkeep\n|j| AMDGBananaBen\n|inactive|jaxsha has 30 seconds left.\n|\n|t:|1776589429\n|switch|p1a: Scizor|Scizor, L50, F|100/100\n|turn|3\n|\n|t:|1776589442\n|detailschange|p1a: Scizor|Scizor-Mega, L50, F\n|-mega|p1a: Scizor|Scizor|Scizorite\n|move|p1a: Scizor|Bullet Punch|p2a: Slowking\n|-damage|p2a: Slowking|34/100\n|-prepare|p2a: Slowking|Chilly Reception|[premajor]\n|move|p2a: Slowking|Chilly Reception|p2a: Slowking\n|-weather|Snowscape\n|\n|t:|1776589446\n|switch|p2a: Kommo-o|Kommo-o, L50, F|100/100|[from] Chilly Reception\n|-damage|p2a: Kommo-o|94/100|[from] Stealth Rock\n|\n|-weather|Snowscape|[upkeep]\n|upkeep\n|turn|4\n|c|\u2606WormStepper|//data primarina\n|\n|t:|1776589469\n|switch|p1a: Primarina|Primarina, L50, F|100/100\n|move|p2a: Kommo-o|Clangorous Soul|p2a: Kommo-o\n|-boost|p2a: Kommo-o|atk|1\n|-boost|p2a: Kommo-o|def|1\n|-boost|p2a: Kommo-o|spa|1\n|-boost|p2a: Kommo-o|spd|1\n|-boost|p2a: Kommo-o|spe|1\n|-damage|p2a: Kommo-o|62/100\n|\n|-weather|Snowscape|[upkeep]\n|upkeep\n|turn|5\n|inactive|WormStepper has 30 seconds left.\n|\n|t:|1776589504\n|switch|p2a: Slowking|Slowking-Galar, L50, F|67/100\n|-damage|p2a: Slowking|54/100|[from] Stealth Rock\n|move|p1a: Primarina|Misty Terrain|p1a: Primarina\n|-fieldstart|move: Misty Terrain\n|\n|-weather|Snowscape|[upkeep]\n|upkeep\n|turn|6\n|\n|t:|1776589520\n|move|p1a: Primarina|Calm Mind|p1a: Primarina\n|-boost|p1a: Primarina|spa|1\n|-boost|p1a: Primarina|spd|1\n|move|p2a: Slowking|Future Sight|p1a: Primarina\n|-start|p2a: Slowking|move: Future Sight\n|\n|-weather|Snowscape|[upkeep]\n|upkeep\n|turn|7\n|\n|t:|1776589537\n|move|p1a: Primarina|Encore|p2a: Slowking\n|-start|p2a: Slowking|Encore\n|move|p2a: Slowking|Future Sight||[still]\n|-fail|p2a: Slowking\n|\n|-weather|none\n|upkeep\n|turn|8\n|\n|t:|1776589551\n|switch|p2a: Meowscarada|Meowscarada, L50, M|100/100\n|-damage|p2a: Meowscarada|89/100|[from] Stealth Rock\n|move|p1a: Primarina|Calm Mind|p1a: Primarina\n|-boost|p1a: Primarina|spa|1\n|-boost|p1a: Primarina|spd|1\n|\n|-end|p1a: Primarina|move: Future Sight\n|-crit|p1a: Primarina\n|-damage|p1a: Primarina|41/100\n|-heal|p1a: Primarina|47/100|[from] item: Leftovers\n|upkeep\n|turn|9\n|\n|t:|1776589563\n|switch|p1a: Scizor|Scizor-Mega, L50, F|100/100\n|move|p2a: Meowscarada|Flower Trick|p1a: Scizor\n|-start|p2a: Meowscarada|typechange|Grass|[from] ability: Protean\n|-resisted|p1a: Scizor|2\n|-crit|p1a: Scizor\n|-damage|p1a: Scizor|89/100\n|\n|-fieldend|Misty Terrain\n|upkeep\n|turn|10\n|\n|t:|1776589575\n|switch|p2a: Slowking|Slowking-Galar, L50, F|88/100\n|-damage|p2a: Slowking|75/100|[from] Stealth Rock\n|move|p1a: Scizor|Swords Dance|p1a: Scizor\n|-boost|p1a: Scizor|atk|2\n|\n|upkeep\n|turn|11\n|\n|t:|1776589582\n|move|p1a: Scizor|Bullet Punch|p2a: Slowking\n|-damage|p2a: Slowking|10/100\n|move|p2a: Slowking|Future Sight|p1a: Scizor\n|-start|p2a: Slowking|move: Future Sight\n|\n|upkeep\n|turn|12\n|\n|t:|1776589590\n|move|p1a: Scizor|Bullet Punch|p2a: Slowking\n|-damage|p2a: Slowking|0 fnt\n|faint|p2a: Slowking\n|\n|upkeep\n|\n|t:|1776589592\n|switch|p2a: Kommo-o|Kommo-o, L50, F|62/100\n|-damage|p2a: Kommo-o|56/100|[from] Stealth Rock\n|turn|13\n|\n|t:|1776589608\n|move|p1a: Scizor|Bullet Punch|p2a: Kommo-o\n|-damage|p2a: Kommo-o|0 fnt\n|faint|p2a: Kommo-o\n|\n|-end|p1a: Scizor|move: Future Sight\n|-resisted|p1a: Scizor|1\n|-damage|p1a: Scizor|62/100\n|upkeep\n|-message|WormStepper forfeited.\n|\n|win|jaxsha\n|raw|jaxsha's rating: 1166 &rarr; <strong>1190</strong><br />(+24 for winning)\n|raw|WormStepper's rating: 1158 &rarr; <strong>1134</strong><br />(-24 for losing)\n|l|\u2606WormStepper\n|player|p2|\n",
  "uploadtime": 1776589617,
  "views": 7,
  "formatid": "gen9championsbssregma",
  "rating": 1134,
  "private": 0,
  "password": null
}