{
  "id": "gen9championsbssregma-2581455160",
  "format": "[Gen 9 Champions] BSS Reg M-A",
  "players": [
    "solru99",
    "mrdxrk"
  ],
  "log": "|j|\u2606solru99\n|j|\u2606mrdxrk\n|t:|1776002082\n|gametype|singles\n|player|p1|solru99|riley|1001\n|player|p2|mrdxrk|169|1000\n|gen|9\n|tier|[Gen 9 Champions] BSS Reg M-A\n|rated|\n|rule|Species Clause: Limit one of each Pok\u00e9mon\n|rule|Item Clause: Limit 1 of each item\n|clearpoke\n|poke|p1|Zoroark-Hisui, L50, M|\n|poke|p1|Tyranitar, L50, F|\n|poke|p1|Lopunny, L50, M|\n|poke|p1|Rotom-Wash, L50|\n|poke|p1|Dragapult, L50, F|\n|poke|p1|Glimmora, L50, F|\n|poke|p2|Gengar, L50, F|\n|poke|p2|Aegislash, L50, F|\n|poke|p2|Ceruledge, L50, F|\n|poke|p2|Archaludon, L50, M|\n|poke|p2|Garbodor, L50, F|\n|poke|p2|Excadrill, L50, F|\n|teampreview|3\n|inactive|Battle timer is ON: inactive players will automatically lose when time's up. (requested by mrdxrk)\n|\n|t:|1776002138\n|teamsize|p1|3\n|teamsize|p2|3\n|start\n|switch|p1a: Dragapult|Dragapult, L50, F|100/100\n|switch|p2a: Ceruledge|Ceruledge, L50, F|100/100\n|turn|1\n|\n|t:|1776002150\n|move|p1a: Dragapult|Trick|p2a: Ceruledge\n|-activate|p1a: Dragapult|move: Trick|[of] p2a: Ceruledge\n|-item|p2a: Ceruledge|Choice Scarf|[from] move: Trick\n|-item|p1a: Dragapult|Spell Tag|[from] move: Trick\n|move|p2a: Ceruledge|Dragon Claw|p1a: Dragapult\n|-damage|p1a: Dragapult|49/100\n|replace|p1a: Zoroark|Zoroark-Hisui, L50, M\n|-end|p1a: Zoroark|Illusion\n|\n|upkeep\n|turn|2\n|\n|t:|1776002169\n|move|p2a: Ceruledge|Dragon Claw|p1a: Zoroark\n|-damage|p1a: Zoroark|5/100\n|move|p1a: Zoroark|U-turn|p2a: Ceruledge\n|-resisted|p2a: Ceruledge|2\n|-damage|p2a: Ceruledge|95/100\n|-ability|p2a: Ceruledge|Weak Armor|boost\n|-unboost|p2a: Ceruledge|def|1\n|-boost|p2a: Ceruledge|spe|2\n|\n|t:|1776002180\n|switch|p1a: Glimmora|Glimmora, L50, F|100/100|[from] U-turn\n|\n|upkeep\n|turn|3\n|\n|t:|1776002189\n|move|p2a: Ceruledge|Dragon Claw|p1a: Glimmora\n|-damage|p1a: Glimmora|75/100\n|move|p1a: Glimmora|Toxic|p2a: Ceruledge\n|-status|p2a: Ceruledge|tox\n|\n|-damage|p2a: Ceruledge|90/100 tox|[from] psn\n|upkeep\n|turn|4\n|\n|t:|1776002197\n|switch|p2a: Aegislash|Aegislash, L50, F, shiny|100/100\n|move|p1a: Glimmora|Substitute|p1a: Glimmora\n|-start|p1a: Glimmora|Substitute\n|-damage|p1a: Glimmora|50/100\n|\n|upkeep\n|turn|5\n|\n|t:|1776002208\n|move|p1a: Glimmora|Toxic|p2a: Aegislash\n|-status|p2a: Aegislash|tox\n|move|p2a: Aegislash|Swords Dance|p2a: Aegislash\n|-boost|p2a: Aegislash|atk|2\n|\n|-damage|p2a: Aegislash|94/100 tox|[from] psn\n|upkeep\n|turn|6\n|\n|t:|1776002219\n|move|p1a: Glimmora|Spiky Shield|p1a: Glimmora\n|-singleturn|p1a: Glimmora|move: Protect\n|-formechange|p2a: Aegislash|Aegislash-Blade|\n|move|p2a: Aegislash|Night Slash|p1a: Glimmora\n|-activate|p1a: Glimmora|move: Protect\n|-damage|p2a: Aegislash|82/100 tox|[from] Spiky Shield|[of] p1a: Glimmora\n|\n|-heal|p2a: Aegislash|88/100 tox|[from] item: Leftovers\n|-damage|p2a: Aegislash|76/100 tox|[from] psn\n|upkeep\n|turn|7\n|\n|t:|1776002234\n|move|p1a: Glimmora|Toxic|p2a: Aegislash\n|-fail|p2a: Aegislash|tox\n|move|p2a: Aegislash|Sacred Sword|p1a: Glimmora\n|-end|p1a: Glimmora|Substitute\n|\n|-heal|p2a: Aegislash|82/100 tox|[from] item: Leftovers\n|-damage|p2a: Aegislash|64/100 tox|[from] psn\n|upkeep\n|turn|8\n|\n|t:|1776002243\n|move|p1a: Glimmora|Spiky Shield|p1a: Glimmora\n|-singleturn|p1a: Glimmora|move: Protect\n|move|p2a: Aegislash|Sacred Sword|p1a: Glimmora\n|-activate|p1a: Glimmora|move: Protect\n|-damage|p2a: Aegislash|52/100 tox|[from] Spiky Shield|[of] p1a: Glimmora\n|\n|-heal|p2a: Aegislash|58/100 tox|[from] item: Leftovers\n|-damage|p2a: Aegislash|34/100 tox|[from] psn\n|upkeep\n|turn|9\n|\n|t:|1776002255\n|switch|p1a: Dragapult|Dragapult, L50, F|100/100\n|move|p2a: Aegislash|Sacred Sword|p1a: Dragapult\n|-immune|p1a: Dragapult\n|\n|-heal|p2a: Aegislash|40/100 tox|[from] item: Leftovers\n|-damage|p2a: Aegislash|10/100 tox|[from] psn\n|upkeep\n|turn|10\n|\n|t:|1776002266\n|move|p1a: Dragapult|Substitute|p1a: Dragapult\n|-start|p1a: Dragapult|Substitute\n|-damage|p1a: Dragapult|76/100\n|move|p2a: Aegislash|Flash Cannon|p1a: Dragapult\n|-end|p1a: Dragapult|Substitute\n|\n|-heal|p2a: Aegislash|16/100 tox|[from] item: Leftovers\n|-damage|p2a: Aegislash|0 fnt|[from] psn\n|faint|p2a: Aegislash\n|upkeep\n|\n|t:|1776002276\n|switch|p2a: Ceruledge|Ceruledge, L50, F|90/100 tox\n|turn|11\n|\n|t:|1776002283\n|move|p1a: Dragapult|Protect|p1a: Dragapult\n|-singleturn|p1a: Dragapult|Protect\n|move|p2a: Ceruledge|Dragon Claw|p1a: Dragapult\n|-activate|p1a: Dragapult|move: Protect\n|\n|-damage|p2a: Ceruledge|84/100 tox|[from] psn\n|upkeep\n|turn|12\n|\n|t:|1776002296\n|move|p1a: Dragapult|Reflect|p1a: Dragapult\n|-sidestart|p1: solru99|Reflect\n|move|p2a: Ceruledge|Dragon Claw|p1a: Dragapult\n|-supereffective|p1a: Dragapult|1\n|-damage|p1a: Dragapult|55/100\n|\n|-damage|p2a: Ceruledge|72/100 tox|[from] psn\n|upkeep\n|turn|13\n|\n|t:|1776002304\n|move|p1a: Dragapult|Protect|p1a: Dragapult\n|-singleturn|p1a: Dragapult|Protect\n|move|p2a: Ceruledge|Dragon Claw|p1a: Dragapult\n|-activate|p1a: Dragapult|move: Protect\n|\n|-damage|p2a: Ceruledge|55/100 tox|[from] psn\n|upkeep\n|turn|14\n|\n|t:|1776002311\n|move|p1a: Dragapult|Substitute|p1a: Dragapult\n|-start|p1a: Dragapult|Substitute\n|-damage|p1a: Dragapult|30/100\n|move|p2a: Ceruledge|Dragon Claw|p1a: Dragapult\n|-supereffective|p1a: Dragapult|1\n|-activate|p1a: Dragapult|move: Substitute|[damage]\n|\n|-damage|p2a: Ceruledge|32/100 tox|[from] psn\n|upkeep\n|turn|15\n|\n|t:|1776002319\n|switch|p2a: Gengar|Gengar, L50, F, shiny|100/100\n|move|p1a: Dragapult|Light Screen|p1a: Dragapult\n|-sidestart|p1: solru99|move: Light Screen\n|\n|upkeep\n|turn|16\n|\n|t:|1776002336\n|switch|p1a: Glimmora|Glimmora, L50, F|50/100\n|detailschange|p2a: Gengar|Gengar-Mega, L50, F, shiny\n|-mega|p2a: Gengar|Gengar|Gengarite\n|move|p2a: Gengar|Shadow Ball|p1a: Glimmora\n|-damage|p1a: Glimmora|26/100\n|\n|-sideend|p1: solru99|Reflect\n|upkeep\n|turn|17\n|\n|t:|1776002350\n|move|p2a: Gengar|Ice Punch|p1a: Glimmora\n|-damage|p1a: Glimmora|13/100\n|-status|p1a: Glimmora|frz\n|-curestatus|p1a: Glimmora|frz|[msg]\n|move|p1a: Glimmora|Toxic|p2a: Gengar\n|-status|p2a: Gengar|tox\n|\n|-damage|p2a: Gengar|94/100 tox|[from] psn\n|upkeep\n|turn|18\n|\n|t:|1776002360\n|move|p1a: Glimmora|Spiky Shield|p1a: Glimmora\n|-singleturn|p1a: Glimmora|move: Protect\n|move|p2a: Gengar|Ice Punch|p1a: Glimmora\n|-activate|p1a: Glimmora|move: Protect\n|-damage|p2a: Gengar|82/100 tox|[from] Spiky Shield|[of] p1a: Glimmora\n|\n|-damage|p2a: Gengar|70/100 tox|[from] psn\n|upkeep\n|turn|19\n|\n|t:|1776002370\n|move|p1a: Glimmora|Endure|p1a: Glimmora\n|-singleturn|p1a: Glimmora|move: Endure\n|move|p2a: Gengar|Dark Pulse|p1a: Glimmora\n|-activate|p1a: Glimmora|move: Endure\n|-damage|p1a: Glimmora|1/100\n|\n|-damage|p2a: Gengar|51/100 tox|[from] psn\n|-sideend|p1: solru99|move: Light Screen\n|upkeep\n|turn|20\n|\n|t:|1776002378\n|move|p1a: Glimmora|Spiky Shield||[still]\n|-fail|p1a: Glimmora\n|move|p2a: Gengar|Shadow Ball|p1a: Glimmora\n|-damage|p1a: Glimmora|0 fnt\n|faint|p1a: Glimmora\n|\n|-damage|p2a: Gengar|27/100 tox|[from] psn\n|upkeep\n|\n|t:|1776002387\n|switch|p1a: Dragapult|Dragapult, L50, F|5/100\n|turn|21\n|\n|t:|1776002391\n|move|p2a: Gengar|Thunder Punch|p1a: Dragapult\n|-damage|p1a: Dragapult|0 fnt\n|replace|p1a: Zoroark|Zoroark-Hisui, L50, M\n|-end|p1a: Zoroark|Illusion\n|faint|p1a: Zoroark\n|\n|-damage|p2a: Gengar|0 fnt|[from] psn\n|faint|p2a: Gengar\n|upkeep\n|\n|t:|1776002403\n|switch|p2a: Ceruledge|Ceruledge, L50, F|32/100 tox\n|switch|p1a: Dragapult|Dragapult, L50, F|30/100\n|turn|22\n|\n|t:|1776002411\n|move|p1a: Dragapult|Protect|p1a: Dragapult\n|-singleturn|p1a: Dragapult|Protect\n|move|p2a: Ceruledge|Dragon Claw|p1a: Dragapult\n|-activate|p1a: Dragapult|move: Protect\n|\n|-damage|p2a: Ceruledge|27/100 tox|[from] psn\n|upkeep\n|turn|23\n|\n|t:|1776002418\n|move|p1a: Dragapult|Substitute|p1a: Dragapult\n|-start|p1a: Dragapult|Substitute\n|-damage|p1a: Dragapult|5/100\n|move|p2a: Ceruledge|Dragon Claw|p1a: Dragapult\n|-supereffective|p1a: Dragapult|1\n|-end|p1a: Dragapult|Substitute\n|\n|-damage|p2a: Ceruledge|15/100 tox|[from] psn\n|upkeep\n|turn|24\n|\n|t:|1776002426\n|move|p1a: Dragapult|Protect|p1a: Dragapult\n|-singleturn|p1a: Dragapult|Protect\n|move|p2a: Ceruledge|Dragon Claw|p1a: Dragapult\n|-activate|p1a: Dragapult|move: Protect\n|\n|-damage|p2a: Ceruledge|0 fnt|[from] psn\n|faint|p2a: Ceruledge\n|\n|win|solru99\n|raw|solru99's rating: 1001 &rarr; <strong>1041</strong><br />(+40 for winning)\n|raw|mrdxrk's rating: 1000 &rarr; <strong>1000</strong><br />(+0 for losing)\n|l|\u2606mrdxrk\n|player|p2|\n",
  "uploadtime": 1776002459,
  "views": 12,
  "formatid": "gen9championsbssregma",
  "rating": 1000,
  "private": 0,
  "password": null
}