{
  "id": "gen9championsbssregma-2585186960",
  "format": "[Gen 9 Champions] BSS Reg M-A",
  "players": [
    "I0I7peng",
    "Mobileishard"
  ],
  "log": "|j|\u2606I0I7peng\n|j|\u2606Mobileishard\n|t:|1776322582\n|gametype|singles\n|player|p1|I0I7peng|may-masters4|1339\n|player|p2|Mobileishard|266|1329\n|gen|9\n|tier|[Gen 9 Champions] BSS Reg M-A\n|rated|\n|rule|Species Clause: Limit one of each Pok\u00e9mon\n|rule|Item Clause: Limit 1 of each item\n|clearpoke\n|poke|p1|Starmie, L50|\n|poke|p1|Aegislash, L50, M|\n|poke|p1|Hydreigon, L50, F|\n|poke|p1|Hippowdon, L50, M|\n|poke|p1|Rotom-Wash, L50|\n|poke|p1|Floette-Eternal, L50, F|\n|poke|p2|Azumarill, L50, M|\n|poke|p2|Blastoise, L50, F|\n|poke|p2|Ditto, L50|\n|poke|p2|Reuniclus, L50, F|\n|poke|p2|Dragapult, L50, F|\n|poke|p2|Kleavor, L50, F|\n|teampreview|3\n|inactive|Battle timer is ON: inactive players will automatically lose when time's up. (requested by I0I7peng)\n|\n|t:|1776322609\n|teamsize|p1|3\n|teamsize|p2|3\n|start\n|switch|p1a: Floette|Floette-Eternal, L50, F|100/100\n|switch|p2a: Dragapult|Dragapult, L50, F|100/100\n|turn|1\n|l|\u2606Mobileishard\n|inactive|Mobileishard disconnected and has a minute to reconnect!\n|player|p2|\n|inactive|Mobileishard has 30 seconds left.\n|j|\u2606Mobileishard\n|inactive|Mobileishard reconnected and has 30 seconds left.\n|player|p2|Mobileishard|266|\n|\n|t:|1776322636\n|detailschange|p1a: Floette|Floette-Mega, L50, F\n|-mega|p1a: Floette|Floette|Floettite\n|-ability|p1a: Floette|Fairy Aura\n|move|p2a: Dragapult|Light Screen|p2a: Dragapult\n|-sidestart|p2: Mobileishard|move: Light Screen\n|move|p1a: Floette|Moonblast|p2a: Dragapult\n|-supereffective|p2a: Dragapult|1\n|-damage|p2a: Dragapult|11/100\n|-start|p1a: Floette|Disable|Moonblast|[from] ability: Cursed Body|[of] p2a: Dragapult\n|\n|upkeep\n|turn|2\n|\n|t:|1776322647\n|move|p2a: Dragapult|Curse|p1a: Floette\n|-start|p1a: Floette|Curse|[of] p2a: Dragapult\n|-damage|p2a: Dragapult|0 fnt\n|faint|p2a: Dragapult\n|move|p1a: Floette|Draining Kiss|p2: Dragapult|[notarget]\n|-fail|p1a: Floette\n|\n|-damage|p1a: Floette|76/100|[from] Curse\n|upkeep\n|\n|t:|1776322654\n|switch|p2a: Blastoise|Blastoise, L50, F|100/100\n|turn|3\n|\n|t:|1776322661\n|switch|p1a: Rotom|Rotom-Wash, L50|100/100\n|detailschange|p2a: Blastoise|Blastoise-Mega, L50, F\n|-mega|p2a: Blastoise|Blastoise|Blastoisinite\n|move|p2a: Blastoise|Shell Smash|p2a: Blastoise\n|-unboost|p2a: Blastoise|def|1\n|-unboost|p2a: Blastoise|spd|1\n|-boost|p2a: Blastoise|atk|2\n|-boost|p2a: Blastoise|spa|2\n|-boost|p2a: Blastoise|spe|2\n|\n|upkeep\n|turn|4\n|\n|t:|1776322665\n|move|p2a: Blastoise|Dark Pulse|p1a: Rotom\n|-damage|p1a: Rotom|7/100\n|move|p1a: Rotom|Thunderbolt|p2a: Blastoise\n|-supereffective|p2a: Blastoise|1\n|-damage|p2a: Blastoise|49/100\n|\n|-heal|p1a: Rotom|13/100|[from] item: Leftovers\n|upkeep\n|turn|5\n|\n|t:|1776322669\n|move|p2a: Blastoise|Dark Pulse|p1a: Rotom\n|-damage|p1a: Rotom|0 fnt\n|faint|p1a: Rotom\n|\n|-sideend|p2: Mobileishard|move: Light Screen\n|upkeep\n|\n|t:|1776322674\n|switch|p1a: Aegislash|Aegislash, L50, M|100/100\n|turn|6\n|\n|t:|1776322677\n|-formechange|p1a: Aegislash|Aegislash-Blade|\n|move|p1a: Aegislash|Shadow Sneak|p2a: Blastoise\n|-damage|p2a: Blastoise|4/100\n|move|p2a: Blastoise|Dark Pulse|p1a: Aegislash\n|-supereffective|p1a: Aegislash|1\n|-damage|p1a: Aegislash|0 fnt\n|faint|p1a: Aegislash\n|\n|upkeep\n|\n|t:|1776322681\n|switch|p1a: Floette|Floette-Mega, L50, F|76/100\n|-ability|p1a: Floette|Fairy Aura\n|turn|7\n|\n|t:|1776322684\n|move|p2a: Blastoise|Water Pulse|p1a: Floette\n|-damage|p1a: Floette|1/100\n|move|p1a: Floette|Draining Kiss|p2a: Blastoise\n|-damage|p2a: Blastoise|0 fnt\n|-heal|p1a: Floette|4/100|[from] drain|[of] p2a: Blastoise\n|faint|p2a: Blastoise\n|\n|upkeep\n|\n|t:|1776322687\n|switch|p2a: Reuniclus|Reuniclus, L50, F|100/100\n|turn|8\n|\n|t:|1776322689\n|move|p1a: Floette|Synthesis|p1a: Floette\n|-heal|p1a: Floette|54/100\n|move|p2a: Reuniclus|Psyshock|p1a: Floette\n|-damage|p1a: Floette|22/100\n|\n|upkeep\n|turn|9\n|\n|t:|1776322692\n|move|p1a: Floette|Synthesis|p1a: Floette\n|-heal|p1a: Floette|72/100\n|move|p2a: Reuniclus|Calm Mind|p2a: Reuniclus\n|-boost|p2a: Reuniclus|spa|1\n|-boost|p2a: Reuniclus|spd|1\n|\n|upkeep\n|turn|10\n|\n|t:|1776322695\n|move|p1a: Floette|Calm Mind|p1a: Floette\n|-boost|p1a: Floette|spa|1\n|-boost|p1a: Floette|spd|1\n|move|p2a: Reuniclus|Psyshock|p1a: Floette\n|-damage|p1a: Floette|30/100\n|\n|upkeep\n|turn|11\n|\n|t:|1776322698\n|move|p1a: Floette|Synthesis|p1a: Floette\n|-heal|p1a: Floette|80/100\n|move|p2a: Reuniclus|Psyshock|p1a: Floette\n|-damage|p1a: Floette|33/100\n|\n|upkeep\n|turn|12\n|\n|t:|1776322701\n|move|p1a: Floette|Synthesis|p1a: Floette\n|-heal|p1a: Floette|83/100\n|move|p2a: Reuniclus|Psyshock|p1a: Floette\n|-damage|p1a: Floette|39/100\n|\n|upkeep\n|turn|13\n|\n|t:|1776322704\n|move|p1a: Floette|Synthesis|p1a: Floette\n|-heal|p1a: Floette|89/100\n|move|p2a: Reuniclus|Calm Mind|p2a: Reuniclus\n|-boost|p2a: Reuniclus|spa|1\n|-boost|p2a: Reuniclus|spd|1\n|\n|upkeep\n|turn|14\n|\n|t:|1776322709\n|move|p1a: Floette|Moonblast|p2a: Reuniclus\n|-damage|p2a: Reuniclus|49/100\n|-unboost|p2a: Reuniclus|spa|1\n|move|p2a: Reuniclus|Psyshock|p1a: Floette\n|-damage|p1a: Floette|47/100\n|\n|-heal|p2a: Reuniclus|55/100|[from] item: Leftovers\n|upkeep\n|turn|15\n|c|\u2606Mobileishard|Bru\n|\n|t:|1776322726\n|move|p1a: Floette|Draining Kiss|p2a: Reuniclus\n|-damage|p2a: Reuniclus|27/100\n|-heal|p1a: Floette|73/100|[from] drain|[of] p2a: Reuniclus\n|move|p2a: Reuniclus|Recover|p2a: Reuniclus\n|-heal|p2a: Reuniclus|77/100\n|\n|-heal|p2a: Reuniclus|83/100|[from] item: Leftovers\n|upkeep\n|turn|16\n|\n|t:|1776322733\n|move|p1a: Floette|Moonblast|p2a: Reuniclus\n|-damage|p2a: Reuniclus|34/100\n|move|p2a: Reuniclus|Psyshock|p1a: Floette\n|-damage|p1a: Floette|31/100\n|\n|-heal|p2a: Reuniclus|40/100|[from] item: Leftovers\n|upkeep\n|turn|17\n|-message|Mobileishard forfeited.\n|\n|win|I0I7peng\n|raw|I0I7peng's rating: 1339 &rarr; <strong>1358</strong><br />(+19 for winning)\n|raw|Mobileishard's rating: 1329 &rarr; <strong>1310</strong><br />(-19 for losing)\n|l|\u2606Mobileishard\n|player|p2|\n|l|\u2606I0I7peng\n|player|p1|\n",
  "uploadtime": 1776322767,
  "views": 19,
  "formatid": "gen9championsbssregma",
  "rating": 1310,
  "private": 0,
  "password": null
}