{
  "id": "gen9championsbssregma-2583648026",
  "format": "[Gen 9 Champions] BSS Reg M-A",
  "players": [
    "Ambergris_Royal",
    "CatsRuleThePlanet"
  ],
  "log": "|j|\u2606Ambergris_Royal\n|j|\u2606CatsRuleThePlanet\n|t:|1776188635\n|gametype|singles\n|player|p1|Ambergris_Royal|n|1000\n|player|p2|CatsRuleThePlanet|riley|1077\n|gen|9\n|tier|[Gen 9 Champions] BSS Reg M-A\n|rated|\n|rule|Species Clause: Limit one of each Pok\u00e9mon\n|rule|Item Clause: Limit 1 of each item\n|clearpoke\n|poke|p1|Slowbro-Galar, L50, F|\n|poke|p1|Maushold-Four, L50|\n|poke|p1|Sneasler, L50, M|\n|poke|p1|Sableye, L50, M|\n|poke|p1|Whimsicott, L50, M|\n|poke|p1|Corviknight, L50, M|\n|poke|p2|Trevenant, L50, F|\n|poke|p2|Charizard, L50, M|\n|poke|p2|Leafeon, L50, M|\n|teampreview|3\n|\n|t:|1776188644\n|teamsize|p1|3\n|teamsize|p2|3\n|start\n|switch|p1a: Ol' Unreliable|Whimsicott, L50, M|100/100\n|switch|p2a: Charizard|Charizard, L50, M, shiny|100/100\n|turn|1\n|\n|t:|1776188658\n|move|p1a: Ol' Unreliable|Substitute|p1a: Ol' Unreliable\n|-start|p1a: Ol' Unreliable|Substitute\n|-damage|p1a: Ol' Unreliable|76/100\n|move|p2a: Charizard|Air Slash|p1a: Ol' Unreliable\n|-supereffective|p1a: Ol' Unreliable|1\n|-end|p1a: Ol' Unreliable|Substitute\n|\n|-heal|p1a: Ol' Unreliable|82/100|[from] item: Leftovers\n|upkeep\n|turn|2\n|\n|t:|1776188666\n|move|p1a: Ol' Unreliable|Protect|p1a: Ol' Unreliable\n|-singleturn|p1a: Ol' Unreliable|Protect\n|move|p2a: Charizard|Air Slash|p1a: Ol' Unreliable\n|-activate|p1a: Ol' Unreliable|move: Protect\n|\n|-heal|p1a: Ol' Unreliable|88/100|[from] item: Leftovers\n|upkeep\n|turn|3\n|\n|t:|1776188671\n|move|p1a: Ol' Unreliable|Substitute|p1a: Ol' Unreliable\n|-start|p1a: Ol' Unreliable|Substitute\n|-damage|p1a: Ol' Unreliable|63/100\n|move|p2a: Charizard|Air Slash|p1a: Ol' Unreliable|[miss]\n|-miss|p2a: Charizard|p1a: Ol' Unreliable\n|\n|-heal|p1a: Ol' Unreliable|69/100|[from] item: Leftovers\n|upkeep\n|turn|4\n|\n|t:|1776188685\n|switch|p2a: Leafeon|Leafeon, L50, M, shiny|100/100\n|move|p1a: Ol' Unreliable|Leech Seed|p2a: Leafeon\n|-immune|p2a: Leafeon\n|\n|-heal|p1a: Ol' Unreliable|75/100|[from] item: Leftovers\n|upkeep\n|turn|5\n|\n|t:|1776188690\n|move|p1a: Ol' Unreliable|Tailwind|p1a: Ol' Unreliable\n|-sidestart|p1: Ambergris_Royal|move: Tailwind\n|move|p2a: Leafeon|X-Scissor|p1a: Ol' Unreliable\n|-end|p1a: Ol' Unreliable|Substitute\n|\n|-heal|p1a: Ol' Unreliable|81/100|[from] item: Leftovers\n|upkeep\n|turn|6\n|\n|t:|1776188695\n|move|p1a: Ol' Unreliable|Protect|p1a: Ol' Unreliable\n|-singleturn|p1a: Ol' Unreliable|Protect\n|move|p2a: Leafeon|Knock Off|p1a: Ol' Unreliable\n|-activate|p1a: Ol' Unreliable|move: Protect\n|\n|-heal|p1a: Ol' Unreliable|87/100|[from] item: Leftovers\n|upkeep\n|turn|7\n|\n|t:|1776188699\n|switch|p1a: T-37|Corviknight, L50, M|100/100\n|-ability|p1a: T-37|Unnerve\n|move|p2a: Leafeon|Knock Off|p1a: T-37\n|-damage|p1a: T-37|78/100\n|-enditem|p1a: T-37|Shell Bell|[from] move: Knock Off|[of] p2a: Leafeon\n|\n|upkeep\n|turn|8\n|\n|t:|1776188704\n|switch|p2a: Charizard|Charizard, L50, M, shiny|100/100\n|move|p1a: T-37|Dual Wingbeat|p2a: Charizard\n|-crit|p2a: Charizard\n|-damage|p2a: Charizard|71/100\n|-crit|p2a: Charizard\n|-damage|p2a: Charizard|45/100\n|-hitcount|p2a: Charizard|2\n|\n|-sideend|p1: Ambergris_Royal|move: Tailwind\n|upkeep\n|turn|9\n|\n|t:|1776188717\n|detailschange|p2a: Charizard|Charizard-Mega-Y, L50, M, shiny\n|-mega|p2a: Charizard|Charizard|Charizardite Y\n|-weather|SunnyDay|[from] ability: Drought|[of] p2a: Charizard\n|move|p2a: Charizard|Weather Ball|p1a: T-37\n|-supereffective|p1a: T-37|1\n|-damage|p1a: T-37|0 fnt\n|faint|p1a: T-37\n|\n|-weather|SunnyDay|[upkeep]\n|upkeep\n|\n|t:|1776188720\n|switch|p1a: Ol' Unreliable|Whimsicott, L50, M|87/100\n|turn|10\n|\n|t:|1776188727\n|move|p1a: Ol' Unreliable|Substitute|p1a: Ol' Unreliable\n|-start|p1a: Ol' Unreliable|Substitute\n|-damage|p1a: Ol' Unreliable|63/100\n|move|p2a: Charizard|Weather Ball|p1a: Ol' Unreliable\n|-supereffective|p1a: Ol' Unreliable|1\n|-end|p1a: Ol' Unreliable|Substitute\n|\n|-weather|SunnyDay|[upkeep]\n|-heal|p1a: Ol' Unreliable|69/100|[from] item: Leftovers\n|upkeep\n|turn|11\n|\n|t:|1776188732\n|move|p1a: Ol' Unreliable|Protect|p1a: Ol' Unreliable\n|-singleturn|p1a: Ol' Unreliable|Protect\n|move|p2a: Charizard|Weather Ball|p1a: Ol' Unreliable\n|-activate|p1a: Ol' Unreliable|move: Protect\n|\n|-weather|SunnyDay|[upkeep]\n|-heal|p1a: Ol' Unreliable|75/100|[from] item: Leftovers\n|upkeep\n|turn|12\n|\n|t:|1776188737\n|move|p1a: Ol' Unreliable|Substitute|p1a: Ol' Unreliable\n|-start|p1a: Ol' Unreliable|Substitute\n|-damage|p1a: Ol' Unreliable|50/100\n|move|p2a: Charizard|Weather Ball|p1a: Ol' Unreliable\n|-supereffective|p1a: Ol' Unreliable|1\n|-end|p1a: Ol' Unreliable|Substitute\n|\n|-weather|SunnyDay|[upkeep]\n|-heal|p1a: Ol' Unreliable|56/100|[from] item: Leftovers\n|upkeep\n|turn|13\n|\n|t:|1776188742\n|switch|p2a: Leafeon|Leafeon, L50, M, shiny|100/100\n|move|p1a: Ol' Unreliable|Leech Seed|p2a: Leafeon\n|-immune|p2a: Leafeon\n|\n|-weather|none\n|-heal|p1a: Ol' Unreliable|62/100|[from] item: Leftovers\n|upkeep\n|turn|14\n|\n|t:|1776188749\n|move|p1a: Ol' Unreliable|Protect|p1a: Ol' Unreliable\n|-singleturn|p1a: Ol' Unreliable|Protect\n|move|p2a: Leafeon|X-Scissor|p1a: Ol' Unreliable\n|-activate|p1a: Ol' Unreliable|move: Protect\n|\n|-heal|p1a: Ol' Unreliable|68/100|[from] item: Leftovers\n|upkeep\n|turn|15\n|\n|t:|1776188754\n|move|p1a: Ol' Unreliable|Substitute|p1a: Ol' Unreliable\n|-start|p1a: Ol' Unreliable|Substitute\n|-damage|p1a: Ol' Unreliable|44/100\n|move|p2a: Leafeon|X-Scissor|p1a: Ol' Unreliable\n|-end|p1a: Ol' Unreliable|Substitute\n|\n|-heal|p1a: Ol' Unreliable|50/100|[from] item: Leftovers\n|upkeep\n|turn|16\n|\n|t:|1776188760\n|move|p1a: Ol' Unreliable|Protect|p1a: Ol' Unreliable\n|-singleturn|p1a: Ol' Unreliable|Protect\n|move|p2a: Leafeon|X-Scissor|p1a: Ol' Unreliable\n|-activate|p1a: Ol' Unreliable|move: Protect\n|\n|-heal|p1a: Ol' Unreliable|56/100|[from] item: Leftovers\n|upkeep\n|turn|17\n|\n|t:|1776188766\n|move|p1a: Ol' Unreliable|Tailwind|p1a: Ol' Unreliable\n|-sidestart|p1: Ambergris_Royal|move: Tailwind\n|move|p2a: Leafeon|X-Scissor|p1a: Ol' Unreliable\n|-damage|p1a: Ol' Unreliable|26/100\n|\n|-heal|p1a: Ol' Unreliable|32/100|[from] item: Leftovers\n|upkeep\n|turn|18\n|\n|t:|1776188772\n|move|p1a: Ol' Unreliable|Protect|p1a: Ol' Unreliable\n|-singleturn|p1a: Ol' Unreliable|Protect\n|move|p2a: Leafeon|X-Scissor|p1a: Ol' Unreliable\n|-activate|p1a: Ol' Unreliable|move: Protect\n|\n|-heal|p1a: Ol' Unreliable|38/100|[from] item: Leftovers\n|upkeep\n|turn|19\n|\n|t:|1776188776\n|switch|p1a: Bangkerohan Cat|Sneasler, L50, M|100/100\n|move|p2a: Leafeon|X-Scissor|p1a: Bangkerohan Cat\n|-resisted|p1a: Bangkerohan Cat|2\n|-damage|p1a: Bangkerohan Cat|90/100\n|\n|upkeep\n|turn|20\n|\n|t:|1776188790\n|move|p1a: Bangkerohan Cat|Fling|p2a: Leafeon\n|-crit|p2a: Leafeon\n|-damage|p2a: Leafeon|81/100\n|-status|p2a: Leafeon|par\n|-enditem|p1a: Bangkerohan Cat|Light Ball|[from] move: Fling\n|move|p2a: Leafeon|Knock Off|p1a: Bangkerohan Cat\n|-resisted|p1a: Bangkerohan Cat|1\n|-damage|p1a: Bangkerohan Cat|73/100\n|\n|-sideend|p1: Ambergris_Royal|move: Tailwind\n|upkeep\n|turn|21\n|\n|t:|1776188805\n|move|p1a: Bangkerohan Cat|Acrobatics|p2a: Leafeon\n|-supereffective|p2a: Leafeon|1\n|-damage|p2a: Leafeon|1/100 par\n|move|p2a: Leafeon|Leaf Blade|p1a: Bangkerohan Cat\n|-resisted|p1a: Bangkerohan Cat|1\n|-damage|p1a: Bangkerohan Cat|39/100\n|\n|upkeep\n|turn|22\n|\n|t:|1776188813\n|move|p1a: Bangkerohan Cat|Acrobatics|p2a: Leafeon\n|-supereffective|p2a: Leafeon|1\n|-damage|p2a: Leafeon|0 fnt\n|faint|p2a: Leafeon\n|\n|upkeep\n|\n|t:|1776188821\n|switch|p2a: Trevenant|Trevenant, L50, F, shiny|100/100\n|turn|23\n|\n|t:|1776188831\n|move|p1a: Bangkerohan Cat|Acrobatics|p2a: Trevenant\n|-supereffective|p2a: Trevenant|1\n|-damage|p2a: Trevenant|23/100\n|-enditem|p2a: Trevenant|Sitrus Berry|[eat]\n|-heal|p2a: Trevenant|47/100|[from] item: Sitrus Berry\n|move|p2a: Trevenant|Leech Seed|p1a: Bangkerohan Cat|[miss]\n|-miss|p2a: Trevenant|p1a: Bangkerohan Cat\n|\n|upkeep\n|turn|24\n|\n|t:|1776188840\n|move|p2a: Trevenant|Protect|p2a: Trevenant\n|-singleturn|p2a: Trevenant|Protect\n|move|p1a: Bangkerohan Cat|Acrobatics|p2a: Trevenant\n|-activate|p2a: Trevenant|move: Protect\n|\n|-item|p2a: Trevenant|Sitrus Berry|[from] ability: Harvest\n|upkeep\n|-enditem|p2a: Trevenant|Sitrus Berry|[eat]\n|-heal|p2a: Trevenant|72/100|[from] item: Sitrus Berry\n|turn|25\n|\n|t:|1776188850\n|move|p1a: Bangkerohan Cat|Acrobatics|p2a: Trevenant\n|-supereffective|p2a: Trevenant|1\n|-damage|p2a: Trevenant|0 fnt\n|faint|p2a: Trevenant\n|\n|upkeep\n|\n|t:|1776188854\n|switch|p2a: Charizard|Charizard-Mega-Y, L50, M, shiny|45/100\n|-weather|SunnyDay|[from] ability: Drought|[of] p2a: Charizard\n|turn|26\n|\n|t:|1776188859\n|move|p1a: Bangkerohan Cat|Acrobatics|p2a: Charizard\n|-damage|p2a: Charizard|0 fnt\n|faint|p2a: Charizard\n|\n|win|Ambergris_Royal\n|raw|Ambergris_Royal's rating: 1000 &rarr; <strong>1049</strong><br />(+49 for winning)\n|raw|CatsRuleThePlanet's rating: 1077 &rarr; <strong>1051</strong><br />(-26 for losing)\n|l|\u2606CatsRuleThePlanet\n|player|p2|\n",
  "uploadtime": 1776188862,
  "views": 8,
  "formatid": "gen9championsbssregma",
  "rating": 1049,
  "private": 0,
  "password": null
}