{
  "id": "gen9championsbssregma-2580706357",
  "format": "[Gen 9 Champions] BSS Reg M-A",
  "players": [
    "Meteorplayz_",
    "pgup"
  ],
  "log": "|j|\u2606Meteorplayz_\n|j|\u2606pgup\n|t:|1775925853\n|gametype|singles\n|player|p1|Meteorplayz_|winona-gen6|1088\n|player|p2|pgup|170|1079\n|gen|9\n|tier|[Gen 9 Champions] BSS Reg M-A\n|rated|\n|rule|Species Clause: Limit one of each Pok\u00e9mon\n|rule|Item Clause: Limit 1 of each item\n|clearpoke\n|poke|p1|Meowscarada, L50, M|\n|poke|p1|Milotic, L50, M|\n|poke|p1|Aegislash, L50, M|\n|poke|p1|Dragonite, L50, F|\n|poke|p1|Slowking-Galar, L50, M|\n|poke|p1|Lopunny, L50, F|\n|poke|p2|Gengar, L50, F|\n|poke|p2|Hippowdon, L50, M|\n|poke|p2|Dragonite, L50, F|\n|poke|p2|Rotom-Wash, L50|\n|poke|p2|Aegislash, L50, F|\n|poke|p2|Serperior, L50, M|\n|teampreview|3\n|\n|t:|1775925871\n|teamsize|p1|3\n|teamsize|p2|3\n|start\n|switch|p1a: Milotic|Milotic, L50, M|100/100\n|switch|p2a: Aegislash|Aegislash, L50, F|100/100\n|turn|1\n|\n|t:|1775925877\n|switch|p2a: Serperior|Serperior, L50, M|100/100\n|move|p1a: Milotic|Scald|p2a: Serperior\n|-resisted|p2a: Serperior|1\n|-damage|p2a: Serperior|86/100\n|\n|upkeep\n|turn|2\n|\n|t:|1775925885\n|switch|p1a: Meowscarada|Meowscarada, L50, M|100/100\n|move|p2a: Serperior|Glare|p1a: Meowscarada\n|-status|p1a: Meowscarada|par\n|\n|upkeep\n|turn|3\n|\n|t:|1775925893\n|move|p2a: Serperior|Reflect|p2a: Serperior\n|-sidestart|p2: pgup|Reflect\n|move|p1a: Meowscarada|Triple Axel|p2a: Serperior\n|-start|p1a: Meowscarada|typechange|Ice|[from] ability: Protean\n|-supereffective|p2a: Serperior|1\n|-damage|p2a: Serperior|77/100\n|-supereffective|p2a: Serperior|1\n|-damage|p2a: Serperior|58/100\n|-supereffective|p2a: Serperior|1\n|-damage|p2a: Serperior|30/100\n|-enditem|p2a: Serperior|Sitrus Berry|[eat]\n|-heal|p2a: Serperior|54/100|[from] item: Sitrus Berry\n|-hitcount|p2a: Serperior|3\n|\n|upkeep\n|turn|4\n|\n|t:|1775925905\n|move|p2a: Serperior|Synthesis|p2a: Serperior\n|-heal|p2a: Serperior|100/100\n|move|p1a: Meowscarada|Triple Axel|p2a: Serperior\n|-supereffective|p2a: Serperior|1\n|-damage|p2a: Serperior|91/100\n|-supereffective|p2a: Serperior|1\n|-damage|p2a: Serperior|69/100\n|-supereffective|p2a: Serperior|1\n|-damage|p2a: Serperior|42/100\n|-hitcount|p2a: Serperior|3\n|\n|upkeep\n|turn|5\n|\n|t:|1775925914\n|switch|p2a: Gengar|Gengar, L50, F|100/100\n|move|p1a: Meowscarada|Triple Axel|p2a: Gengar|[miss]\n|-miss|p1a: Meowscarada|p2a: Gengar\n|\n|upkeep\n|turn|6\n|\n|t:|1775925920\n|switch|p1a: Lopunny|Lopunny, L50, F|100/100\n|detailschange|p2a: Gengar|Gengar-Mega, L50, F\n|-mega|p2a: Gengar|Gengar|Gengarite\n|move|p2a: Gengar|Focus Blast|p1a: Lopunny\n|-supereffective|p1a: Lopunny|1\n|-damage|p1a: Lopunny|0 fnt\n|faint|p1a: Lopunny\n|\n|upkeep\n|\n|t:|1775925924\n|switch|p1a: Meowscarada|Meowscarada, L50, M|100/100 par\n|turn|7\n|\n|t:|1775925933\n|move|p2a: Gengar|Focus Blast|p1a: Meowscarada\n|-supereffective|p1a: Meowscarada|1\n|-damage|p1a: Meowscarada|0 fnt\n|faint|p1a: Meowscarada\n|\n|-sideend|p2: pgup|Reflect\n|upkeep\n|\n|t:|1775925938\n|switch|p1a: Milotic|Milotic, L50, M|100/100\n|turn|8\n|\n|t:|1775925944\n|move|p2a: Gengar|Shadow Ball|p1a: Milotic\n|-damage|p1a: Milotic|65/100\n|move|p1a: Milotic|Scald|p2a: Gengar\n|-damage|p2a: Gengar|66/100\n|-status|p2a: Gengar|brn\n|\n|-damage|p2a: Gengar|60/100 brn|[from] brn\n|upkeep\n|turn|9\n|\n|t:|1775925953\n|move|p2a: Gengar|Nasty Plot|p2a: Gengar\n|-boost|p2a: Gengar|spa|2\n|move|p1a: Milotic|Scald|p2a: Gengar\n|-damage|p2a: Gengar|30/100 brn\n|\n|-damage|p2a: Gengar|24/100 brn|[from] brn\n|upkeep\n|turn|10\n|\n|t:|1775925959\n|move|p2a: Gengar|Sludge Wave|p1a: Milotic\n|-damage|p1a: Milotic|0 fnt\n|faint|p1a: Milotic\n|\n|win|pgup\n|raw|Meteorplayz_'s rating: 1088 &rarr; <strong>1064</strong><br />(-24 for losing)\n|raw|pgup's rating: 1079 &rarr; <strong>1108</strong><br />(+29 for winning)\n",
  "uploadtime": 1775925960,
  "views": 60,
  "formatid": "gen9championsbssregma",
  "rating": 1064,
  "private": 0,
  "password": null
}