{
  "id": "gen9championsbssregma-2584154651",
  "format": "[Gen 9 Champions] BSS Reg M-A",
  "players": [
    "powertryhard",
    "bregogo"
  ],
  "log": "|j|\u2606powertryhard\n|j|\u2606bregogo\n|t:|1776231653\n|gametype|singles\n|player|p1|powertryhard|1|1191\n|player|p2|bregogo|265|1276\n|gen|9\n|tier|[Gen 9 Champions] BSS Reg M-A\n|rated|\n|rule|Species Clause: Limit one of each Pok\u00e9mon\n|rule|Item Clause: Limit 1 of each item\n|clearpoke\n|poke|p1|Garchomp, L50, M|\n|poke|p1|Clefable, L50, M|\n|poke|p1|Farigiraf, L50, F|\n|poke|p1|Basculegion, L50, M|\n|poke|p1|Espathra, L50, M|\n|poke|p1|Blastoise, L50, M|\n|poke|p2|Delphox, L50, M|\n|poke|p2|Corviknight, L50, M|\n|poke|p2|Meowscarada, L50, M|\n|poke|p2|Lucario, L50, M|\n|poke|p2|Garchomp, L50, F|\n|poke|p2|Primarina, L50, F|\n|teampreview|3\n|j| p74\n|j| GF 66\n|j| sadawedawed\n|inactive|Battle timer is ON: inactive players will automatically lose when time's up. (requested by powertryhard)\n|\n|t:|1776231687\n|teamsize|p1|3\n|teamsize|p2|3\n|start\n|switch|p1a: SPdef Crash|Espathra, L50, M|100/100\n|switch|p2a: Meowscarada|Meowscarada, L50, M|100/100\n|turn|1\n|\n|t:|1776231694\n|move|p1a: SPdef Crash|Protect|p1a: SPdef Crash\n|-singleturn|p1a: SPdef Crash|Protect\n|move|p2a: Meowscarada|Knock Off|p1a: SPdef Crash\n|-start|p2a: Meowscarada|typechange|Dark|[from] ability: Protean\n|-activate|p1a: SPdef Crash|move: Protect\n|\n|-ability|p1a: SPdef Crash|Speed Boost|boost\n|-boost|p1a: SPdef Crash|spe|1\n|upkeep\n|turn|2\n|\n|t:|1776231699\n|move|p2a: Meowscarada|Knock Off|p1a: SPdef Crash\n|-supereffective|p1a: SPdef Crash|1\n|-damage|p1a: SPdef Crash|13/100\n|-enditem|p1a: SPdef Crash|Focus Sash|[from] move: Knock Off|[of] p2a: Meowscarada\n|move|p1a: SPdef Crash|Calm Mind|p1a: SPdef Crash\n|-boost|p1a: SPdef Crash|spa|1\n|-boost|p1a: SPdef Crash|spd|1\n|\n|-ability|p1a: SPdef Crash|Speed Boost|boost\n|-boost|p1a: SPdef Crash|spe|1\n|upkeep\n|turn|3\n|\n|t:|1776231714\n|move|p2a: Meowscarada|Knock Off|p1a: SPdef Crash\n|-supereffective|p1a: SPdef Crash|1\n|-damage|p1a: SPdef Crash|0 fnt\n|faint|p1a: SPdef Crash\n|\n|upkeep\n|\n|t:|1776231722\n|switch|p1a: Guardian|Clefable, L50, M|100/100\n|turn|4\n|\n|t:|1776231728\n|move|p2a: Meowscarada|Knock Off|p1a: Guardian\n|-resisted|p1a: Guardian|1\n|-damage|p1a: Guardian|86/100\n|move|p1a: Guardian|Cosmic Power|p1a: Guardian\n|-boost|p1a: Guardian|def|1\n|-boost|p1a: Guardian|spd|1\n|\n|upkeep\n|turn|5\n|\n|t:|1776231740\n|switch|p2a: Primarina|Primarina, L50, F|100/100\n|move|p1a: Guardian|Cosmic Power|p1a: Guardian\n|-boost|p1a: Guardian|def|1\n|-boost|p1a: Guardian|spd|1\n|\n|upkeep\n|turn|6\n|\n|t:|1776231758\n|move|p1a: Guardian|Cosmic Power|p1a: Guardian\n|-boost|p1a: Guardian|def|1\n|-boost|p1a: Guardian|spd|1\n|move|p2a: Primarina|Moonblast|p1a: Guardian\n|-damage|p1a: Guardian|69/100\n|\n|upkeep\n|turn|7\n|\n|t:|1776231772\n|move|p1a: Guardian|Cosmic Power|p1a: Guardian\n|-boost|p1a: Guardian|def|1\n|-boost|p1a: Guardian|spd|1\n|move|p2a: Primarina|Moonblast|p1a: Guardian\n|-damage|p1a: Guardian|55/100\n|\n|upkeep\n|turn|8\n|-message|bregogo forfeited.\n|\n|win|powertryhard\n|raw|powertryhard's rating: 1191 &rarr; <strong>1222</strong><br />(+31 for winning)\n|raw|bregogo's rating: 1276 &rarr; <strong>1245</strong><br />(-31 for losing)\n|l|\u2606bregogo\n|player|p2|\n|l|\u2606powertryhard\n|player|p1|\n|l| GF 66\n",
  "uploadtime": 1776232189,
  "views": 2,
  "formatid": "gen9championsbssregma",
  "rating": 1222,
  "private": 0,
  "password": null
}