{
  "id": "gen9championsbssregma-2583925906",
  "format": "[Gen 9 Champions] BSS Reg M-A",
  "players": [
    "FunkyKong67",
    "Clown IRL"
  ],
  "log": "|j|\u2606FunkyKong67\n|j|\u2606Clown IRL\n|t:|1776208893\n|gametype|singles\n|player|p1|FunkyKong67|170|1320\n|player|p2|Clown IRL|harlequin|1442\n|gen|9\n|tier|[Gen 9 Champions] BSS Reg M-A\n|rated|\n|rule|Species Clause: Limit one of each Pok\u00e9mon\n|rule|Item Clause: Limit 1 of each item\n|clearpoke\n|poke|p1|Aegislash, L50, F|\n|poke|p1|Gengar, L50, M|\n|poke|p1|Starmie, L50|\n|poke|p1|Ditto, L50|\n|poke|p1|Volcarona, L50, M|\n|poke|p1|Rotom-Wash, L50|\n|poke|p2|Starmie, L50|\n|poke|p2|Pelipper, L50, M|\n|poke|p2|Chesnaught, L50, M|\n|poke|p2|Kleavor, L50, M|\n|poke|p2|Hydreigon, L50, F|\n|poke|p2|Toxapex, L50, M|\n|teampreview|3\n|\n|t:|1776208934\n|teamsize|p1|3\n|teamsize|p2|3\n|start\n|switch|p1a: Starmie|Starmie, L50|100/100\n|switch|p2a: Kleavor|Kleavor, L50, M|100/100\n|turn|1\n|\n|t:|1776208937\n|detailschange|p1a: Starmie|Starmie-Mega, L50\n|-mega|p1a: Starmie|Starmie|Starminite\n|move|p1a: Starmie|Flip Turn|p2a: Kleavor\n|-supereffective|p2a: Kleavor|1\n|-crit|p2a: Kleavor\n|-enditem|p2a: Kleavor|Focus Sash\n|-damage|p2a: Kleavor|1/100\n|\n|t:|1776208943\n|switch|p1a: Aegislash|Aegislash, L50, F|100/100|[from] Flip Turn\n|move|p2a: Kleavor|X-Scissor|p1a: Aegislash\n|-resisted|p1a: Aegislash|2\n|-damage|p1a: Aegislash|86/100\n|\n|upkeep\n|turn|2\n|\n|t:|1776208949\n|switch|p2a: Pelipper|Pelipper, L50, M|100/100\n|-weather|RainDance|[from] ability: Drizzle|[of] p2a: Pelipper\n|-formechange|p1a: Aegislash|Aegislash-Blade|\n|move|p1a: Aegislash|Shadow Sneak|p2a: Pelipper\n|-damage|p2a: Pelipper|75/100\n|\n|-weather|RainDance|[upkeep]\n|upkeep\n|turn|3\n|\n|t:|1776208957\n|switch|p1a: Rotom|Rotom-Wash, L50|100/100\n|move|p2a: Pelipper|Surf|p1a: Rotom\n|-resisted|p1a: Rotom|1\n|-damage|p1a: Rotom|72/100\n|\n|-weather|RainDance|[upkeep]\n|upkeep\n|turn|4\n|\n|t:|1776208962\n|switch|p2a: Kleavor|Kleavor, L50, M|1/100\n|move|p1a: Rotom|Volt Switch|p2a: Kleavor\n|-damage|p2a: Kleavor|0 fnt\n|faint|p2a: Kleavor\n|\n|t:|1776208964\n|switch|p1a: Starmie|Starmie-Mega, L50|100/100|[from] Volt Switch\n|\n|-weather|RainDance|[upkeep]\n|upkeep\n|\n|t:|1776208969\n|switch|p2a: Minos Prime|Starmie, L50|100/100\n|turn|5\n|\n|t:|1776208975\n|detailschange|p2a: Minos Prime|Starmie-Mega, L50\n|-mega|p2a: Minos Prime|Starmie|Starminite\n|move|p1a: Starmie|Flip Turn|p2a: Minos Prime\n|-resisted|p2a: Minos Prime|1\n|-damage|p2a: Minos Prime|48/100\n|\n|t:|1776208980\n|switch|p1a: Rotom|Rotom-Wash, L50|72/100|[from] Flip Turn\n|move|p2a: Minos Prime|Liquidation|p1a: Rotom\n|-resisted|p1a: Rotom|1\n|-damage|p1a: Rotom|25/100\n|-enditem|p1a: Rotom|Sitrus Berry|[eat]\n|-heal|p1a: Rotom|50/100|[from] item: Sitrus Berry\n|\n|-weather|RainDance|[upkeep]\n|upkeep\n|turn|6\n|\n|t:|1776208988\n|move|p2a: Minos Prime|Liquidation|p1a: Rotom\n|-resisted|p1a: Rotom|1\n|-damage|p1a: Rotom|1/100\n|move|p1a: Rotom|Volt Switch|p2a: Minos Prime\n|-supereffective|p2a: Minos Prime|1\n|-damage|p2a: Minos Prime|0 fnt\n|faint|p2a: Minos Prime\n|\n|t:|1776208991\n|switch|p1a: Starmie|Starmie-Mega, L50|100/100|[from] Volt Switch\n|\n|-weather|none\n|upkeep\n|\n|t:|1776208994\n|switch|p2a: Pelipper|Pelipper, L50, M|75/100\n|-weather|RainDance|[from] ability: Drizzle|[of] p2a: Pelipper\n|turn|7\n|\n|t:|1776208997\n|move|p1a: Starmie|Flip Turn|p2a: Pelipper\n|-resisted|p2a: Pelipper|1\n|-damage|p2a: Pelipper|41/100\n|-enditem|p2a: Pelipper|Sitrus Berry|[eat]\n|-heal|p2a: Pelipper|65/100|[from] item: Sitrus Berry\n|\n|t:|1776208998\n|switch|p1a: Rotom|Rotom-Wash, L50|1/100|[from] Flip Turn\n|move|p2a: Pelipper|Hurricane|p1a: Rotom\n|-resisted|p1a: Rotom|1\n|-damage|p1a: Rotom|0 fnt\n|faint|p1a: Rotom\n|\n|-weather|RainDance|[upkeep]\n|upkeep\n|c|\u2606Clown IRL|gg\n|\n|t:|1776209002\n|switch|p1a: Starmie|Starmie-Mega, L50|100/100\n|turn|8\n|\n|t:|1776209006\n|move|p1a: Starmie|Flip Turn|p2a: Pelipper\n|-resisted|p2a: Pelipper|1\n|-damage|p2a: Pelipper|31/100\n|\n|t:|1776209009\n|switch|p1a: Aegislash|Aegislash, L50, F|86/100|[from] Flip Turn\n|move|p2a: Pelipper|Hurricane|p1a: Aegislash\n|-resisted|p1a: Aegislash|1\n|-damage|p1a: Aegislash|67/100\n|\n|-weather|RainDance|[upkeep]\n|upkeep\n|turn|9\n|\n|t:|1776209012\n|move|p2a: Pelipper|Hurricane|p1a: Aegislash\n|-resisted|p1a: Aegislash|1\n|-damage|p1a: Aegislash|50/100\n|-start|p1a: Aegislash|confusion\n|-activate|p1a: Aegislash|confusion\n|-damage|p1a: Aegislash|42/100|[from] confusion\n|\n|-weather|RainDance|[upkeep]\n|upkeep\n|turn|10\n|\n|t:|1776209017\n|move|p2a: Pelipper|Hurricane|p1a: Aegislash\n|-resisted|p1a: Aegislash|1\n|-damage|p1a: Aegislash|24/100\n|-activate|p1a: Aegislash|confusion\n|-damage|p1a: Aegislash|17/100|[from] confusion\n|\n|-weather|RainDance|[upkeep]\n|upkeep\n|turn|11\n|\n|t:|1776209021\n|-activate|p1a: Aegislash|confusion\n|-formechange|p1a: Aegislash|Aegislash-Blade|\n|move|p1a: Aegislash|Shadow Sneak|p2a: Pelipper\n|-damage|p2a: Pelipper|8/100\n|move|p2a: Pelipper|Hurricane|p1a: Aegislash\n|-resisted|p1a: Aegislash|1\n|-damage|p1a: Aegislash|0 fnt\n|faint|p1a: Aegislash\n|\n|-weather|none\n|upkeep\n|j| srdiog0\n|\n|t:|1776209024\n|switch|p1a: Starmie|Starmie-Mega, L50|100/100\n|turn|12\n|\n|t:|1776209028\n|move|p1a: Starmie|Ice Spinner|p2a: Pelipper\n|-damage|p2a: Pelipper|0 fnt\n|faint|p2a: Pelipper\n|\n|win|FunkyKong67\n|raw|FunkyKong67's rating: 1320 &rarr; <strong>1347</strong><br />(+27 for winning)\n|raw|Clown IRL's rating: 1442 &rarr; <strong>1415</strong><br />(-27 for losing)\n|l|\u2606Clown IRL\n|player|p2|\n|l|\u2606FunkyKong67\n|player|p1|\n|j| p74\n",
  "uploadtime": 1776209069,
  "views": 5,
  "formatid": "gen9championsbssregma",
  "rating": 1347,
  "private": 0,
  "password": null
}