{
  "id": "gen9championsbssregma-2581121926",
  "format": "[Gen 9 Champions] BSS Reg M-A",
  "players": [
    "Blastfury0614",
    "Bvdgnbcxs"
  ],
  "log": "|j|\u2606Blastfury0614\n|j|\u2606Bvdgnbcxs\n|t:|1775961967\n|gametype|singles\n|player|p1|Blastfury0614|red-masters3|1244\n|player|p2|Bvdgnbcxs|dawn|1228\n|gen|9\n|tier|[Gen 9 Champions] BSS Reg M-A\n|rated|\n|rule|Species Clause: Limit one of each Pok\u00e9mon\n|rule|Item Clause: Limit 1 of each item\n|clearpoke\n|poke|p1|Pelipper, L50, M|\n|poke|p1|Meganium, L50, M|\n|poke|p1|Greninja-*, L50, F|\n|poke|p1|Basculegion, L50, M|\n|poke|p1|Archaludon, L50, F|\n|poke|p1|Sneasler, L50, M|\n|poke|p2|Lopunny, L50, M|\n|poke|p2|Salazzle, L50, F|\n|poke|p2|Mamoswine, L50, M|\n|poke|p2|Froslass, L50, F|\n|poke|p2|Gyarados, L50, F|\n|poke|p2|Quaquaval, L50, F|\n|teampreview|3\n|inactive|Battle timer is ON: inactive players will automatically lose when time's up. (requested by Bvdgnbcxs)\n|inactive|Blastfury0614 also wants the timer to be on.\n|\n|t:|1775961997\n|teamsize|p1|3\n|teamsize|p2|3\n|start\n|switch|p1a: Pelipper|Pelipper, L50, M|100/100\n|switch|p2a: Froslass|Froslass, L50, F|100/100\n|-weather|RainDance|[from] ability: Drizzle|[of] p1a: Pelipper\n|turn|1\n|\n|t:|1775962010\n|detailschange|p2a: Froslass|Froslass-Mega, L50, F\n|-mega|p2a: Froslass|Froslass|Froslassite\n|-weather|Snowscape|[from] ability: Snow Warning|[of] p2a: Froslass\n|move|p1a: Pelipper|U-turn|p2a: Froslass\n|-resisted|p2a: Froslass|1\n|-damage|p2a: Froslass|96/100\n|\n|t:|1775962016\n|switch|p1a: Basculegion|Basculegion, L50, M|100/100|[from] U-turn\n|move|p2a: Froslass|Thunderbolt|p1a: Basculegion\n|-supereffective|p1a: Basculegion|1\n|-damage|p1a: Basculegion|18/100\n|\n|-weather|Snowscape|[upkeep]\n|upkeep\n|turn|2\n|\n|t:|1775962034\n|switch|p2a: Gyarados|Gyarados, L50, F|100/100\n|-ability|p2a: Gyarados|Intimidate|boost\n|-unboost|p1a: Basculegion|atk|1\n|move|p1a: Basculegion|Flip Turn|p2a: Gyarados\n|-resisted|p2a: Gyarados|1\n|-damage|p2a: Gyarados|86/100\n|\n|t:|1775962038\n|switch|p1a: Meganium|Meganium, L50, M|100/100|[from] Flip Turn\n|\n|-weather|Snowscape|[upkeep]\n|upkeep\n|turn|3\n|\n|t:|1775962059\n|detailschange|p1a: Meganium|Meganium-Mega, L50, M\n|-mega|p1a: Meganium|Meganium|Meganiumite\n|move|p2a: Gyarados|Dragon Dance|p2a: Gyarados\n|-boost|p2a: Gyarados|atk|1\n|-boost|p2a: Gyarados|spe|1\n|move|p1a: Meganium|Weather Ball|p2a: Gyarados\n|-resisted|p2a: Gyarados|1\n|-damage|p2a: Gyarados|69/100\n|\n|-weather|Snowscape|[upkeep]\n|upkeep\n|turn|4\n|\n|t:|1775962074\n|move|p2a: Gyarados|Waterfall|p1a: Meganium\n|-resisted|p1a: Meganium|1\n|-damage|p1a: Meganium|74/100\n|move|p1a: Meganium|Solar Beam||[still]\n|-prepare|p1a: Meganium|Solar Beam\n|-activate|p1a: Meganium|ability: Mega Sol\n|-anim|p1a: Meganium|Solar Beam|p2a: Gyarados\n|-damage|p2a: Gyarados|2/100\n|-enditem|p2a: Gyarados|Sitrus Berry|[eat]\n|-heal|p2a: Gyarados|26/100|[from] item: Sitrus Berry\n|\n|-weather|Snowscape|[upkeep]\n|upkeep\n|turn|5\n|\n|t:|1775962089\n|move|p2a: Gyarados|Waterfall|p1a: Meganium\n|-resisted|p1a: Meganium|1\n|-damage|p1a: Meganium|45/100\n|move|p1a: Meganium|Synthesis|p1a: Meganium\n|-heal|p1a: Meganium|100/100\n|\n|-weather|none\n|upkeep\n|turn|6\n|\n|t:|1775962097\n|move|p2a: Gyarados|Waterfall|p1a: Meganium\n|-resisted|p1a: Meganium|1\n|-damage|p1a: Meganium|71/100\n|cant|p1a: Meganium|flinch\n|\n|upkeep\n|turn|7\n|\n|t:|1775962106\n|move|p2a: Gyarados|Waterfall|p1a: Meganium\n|-resisted|p1a: Meganium|1\n|-damage|p1a: Meganium|41/100\n|cant|p1a: Meganium|flinch\n|\n|upkeep\n|turn|8\n|c|\u2606Blastfury0614|bruh\n|\n|t:|1775962115\n|move|p2a: Gyarados|Waterfall|p1a: Meganium\n|-resisted|p1a: Meganium|1\n|-damage|p1a: Meganium|12/100\n|cant|p1a: Meganium|flinch\n|\n|upkeep\n|turn|9\n|c|\u2606Blastfury0614|lavos moment\n|c|\u2606Bvdgnbcxs|I feel bad for that cant lie\n|inactive|Blastfury0614 has 30 seconds left.\n|inactive|Bvdgnbcxs has 30 seconds left.\n|inactive|Blastfury0614 has 20 seconds left.\n|c|\u2606Blastfury0614|unfortunate doesn't begin to describe my series etc etc\n|\n|t:|1775962154\n|move|p2a: Gyarados|Waterfall|p1a: Meganium\n|-resisted|p1a: Meganium|1\n|-damage|p1a: Meganium|0 fnt\n|faint|p1a: Meganium\n|\n|upkeep\n|\n|t:|1775962157\n|switch|p1a: Pelipper|Pelipper, L50, M|100/100\n|-weather|RainDance|[from] ability: Drizzle|[of] p1a: Pelipper\n|turn|10\n|\n|t:|1775962166\n|move|p1a: Pelipper|U-turn|p2a: Gyarados\n|-resisted|p2a: Gyarados|1\n|-damage|p2a: Gyarados|21/100\n|\n|t:|1775962168\n|switch|p1a: Basculegion|Basculegion, L50, M|18/100|[from] U-turn\n|move|p2a: Gyarados|Power Whip|p1a: Basculegion\n|-supereffective|p1a: Basculegion|1\n|-damage|p1a: Basculegion|0 fnt\n|faint|p1a: Basculegion\n|\n|-weather|RainDance|[upkeep]\n|upkeep\n|c|\u2606Blastfury0614|gg\n|-message|Blastfury0614 forfeited.\n|\n|win|Bvdgnbcxs\n|raw|Blastfury0614's rating: 1244 &rarr; <strong>1218</strong><br />(-26 for losing)\n|raw|Bvdgnbcxs's rating: 1228 &rarr; <strong>1254</strong><br />(+26 for winning)\n|l|\u2606Blastfury0614\n|player|p1|\n|l|\u2606Bvdgnbcxs\n|player|p2|\n|j|\u2606Blastfury0614\n|player|p1|Blastfury0614|red-masters3|\n",
  "uploadtime": 1775962200,
  "views": 16,
  "formatid": "gen9championsbssregma",
  "rating": 1218,
  "private": 0,
  "password": null
}