{
  "id": "gen9championsbssregma-2583117018",
  "format": "[Gen 9 Champions] BSS Reg M-A",
  "players": [
    "Giant Gengar",
    "BJZJS"
  ],
  "log": "|j|\u2606Giant Gengar\n|j|\u2606BJZJS\n|t:|1776143996\n|gametype|singles\n|player|p1|Giant Gengar|265|1429\n|player|p2|BJZJS|2|1383\n|gen|9\n|tier|[Gen 9 Champions] BSS Reg M-A\n|rated|\n|rule|Species Clause: Limit one of each Pok\u00e9mon\n|rule|Item Clause: Limit 1 of each item\n|clearpoke\n|poke|p1|Venusaur, L50, M|\n|poke|p1|Skarmory, L50, F|\n|poke|p1|Rotom-Heat, L50|\n|poke|p1|Meowscarada, L50, F|\n|poke|p1|Garchomp, L50, F|\n|poke|p1|Ceruledge, L50, F|\n|poke|p2|Floette-Eternal, L50, F|\n|poke|p2|Sneasler, L50, F|\n|poke|p2|Gyarados, L50, F|\n|poke|p2|Archaludon, L50, F|\n|poke|p2|Rotom-Heat, L50|\n|poke|p2|Mimikyu, L50, F|\n|teampreview|3\n|inactive|Battle timer is ON: inactive players will automatically lose when time's up. (requested by Giant Gengar)\n|\n|t:|1776144063\n|teamsize|p1|3\n|teamsize|p2|3\n|start\n|switch|p1a: Venusaur|Venusaur, L50, M|100/100\n|switch|p2a: Archaludon|Archaludon, L50, F|100/100\n|turn|1\n|\n|t:|1776144071\n|detailschange|p1a: Venusaur|Venusaur-Mega, L50, M\n|-mega|p1a: Venusaur|Venusaur|Venusaurite\n|move|p2a: Archaludon|Flash Cannon|p1a: Venusaur\n|-damage|p1a: Venusaur|70/100\n|move|p1a: Venusaur|Leech Seed|p2a: Archaludon\n|-start|p2a: Archaludon|move: Leech Seed\n|\n|-damage|p2a: Archaludon|88/100|[from] Leech Seed|[of] p1a: Venusaur\n|-heal|p1a: Venusaur|83/100|[silent]\n|upkeep\n|turn|2\n|\n|t:|1776144081\n|move|p1a: Venusaur|Earth Power|p2a: Archaludon\n|-supereffective|p2a: Archaludon|1\n|-damage|p2a: Archaludon|28/100\n|move|p2a: Archaludon|Flash Cannon|p1a: Venusaur\n|-damage|p1a: Venusaur|53/100\n|\n|-damage|p2a: Archaludon|16/100|[from] Leech Seed|[of] p1a: Venusaur\n|-heal|p1a: Venusaur|66/100|[silent]\n|upkeep\n|turn|3\n|\n|t:|1776144091\n|move|p1a: Venusaur|Synthesis|p1a: Venusaur\n|-heal|p1a: Venusaur|100/100\n|move|p2a: Archaludon|Draco Meteor|p1a: Venusaur|[miss]\n|-miss|p2a: Archaludon|p1a: Venusaur\n|\n|-damage|p2a: Archaludon|4/100|[from] Leech Seed|[of] p1a: Venusaur\n|upkeep\n|turn|4\n|\n|t:|1776144099\n|move|p1a: Venusaur|Earth Power|p2a: Archaludon\n|-supereffective|p2a: Archaludon|1\n|-damage|p2a: Archaludon|0 fnt\n|faint|p2a: Archaludon\n|\n|upkeep\n|\n|t:|1776144105\n|switch|p2a: Floette|Floette-Eternal, L50, F|100/100\n|turn|5\n|\n|t:|1776144109\n|detailschange|p2a: Floette|Floette-Mega, L50, F\n|-mega|p2a: Floette|Floette|Floettite\n|-ability|p2a: Floette|Fairy Aura\n|move|p2a: Floette|Calm Mind|p2a: Floette\n|-boost|p2a: Floette|spa|1\n|-boost|p2a: Floette|spd|1\n|move|p1a: Venusaur|Sludge Bomb|p2a: Floette\n|-supereffective|p2a: Floette|1\n|-damage|p2a: Floette|63/100\n|\n|upkeep\n|turn|6\n|\n|t:|1776144117\n|move|p2a: Floette|Calm Mind|p2a: Floette\n|-boost|p2a: Floette|spa|1\n|-boost|p2a: Floette|spd|1\n|move|p1a: Venusaur|Sludge Bomb|p2a: Floette\n|-supereffective|p2a: Floette|1\n|-damage|p2a: Floette|35/100\n|\n|upkeep\n|turn|7\n|\n|t:|1776144121\n|move|p2a: Floette|Synthesis|p2a: Floette\n|-heal|p2a: Floette|85/100\n|move|p1a: Venusaur|Sludge Bomb|p2a: Floette\n|-supereffective|p2a: Floette|1\n|-damage|p2a: Floette|54/100\n|\n|upkeep\n|turn|8\n|j| p74\n|\n|t:|1776144125\n|move|p2a: Floette|Calm Mind|p2a: Floette\n|-boost|p2a: Floette|spa|1\n|-boost|p2a: Floette|spd|1\n|move|p1a: Venusaur|Leech Seed|p2a: Floette\n|-start|p2a: Floette|move: Leech Seed\n|\n|-damage|p2a: Floette|42/100|[from] Leech Seed|[of] p1a: Venusaur\n|upkeep\n|turn|9\n|\n|t:|1776144128\n|move|p2a: Floette|Synthesis|p2a: Floette\n|-heal|p2a: Floette|92/100\n|move|p1a: Venusaur|Sludge Bomb|p2a: Floette\n|-supereffective|p2a: Floette|1\n|-damage|p2a: Floette|71/100\n|\n|-damage|p2a: Floette|59/100|[from] Leech Seed|[of] p1a: Venusaur\n|upkeep\n|turn|10\n|\n|t:|1776144134\n|move|p2a: Floette|Calm Mind|p2a: Floette\n|-boost|p2a: Floette|spa|1\n|-boost|p2a: Floette|spd|1\n|move|p1a: Venusaur|Sludge Bomb|p2a: Floette\n|-supereffective|p2a: Floette|1\n|-damage|p2a: Floette|41/100\n|-status|p2a: Floette|psn\n|\n|-damage|p2a: Floette|29/100 psn|[from] Leech Seed|[of] p1a: Venusaur\n|-damage|p2a: Floette|17/100 psn|[from] psn\n|upkeep\n|turn|11\n|\n|t:|1776144138\n|move|p2a: Floette|Synthesis|p2a: Floette\n|-heal|p2a: Floette|67/100 psn\n|move|p1a: Venusaur|Synthesis|p1a: Venusaur\n|-fail|p1a: Venusaur|heal\n|\n|-damage|p2a: Floette|55/100 psn|[from] Leech Seed|[of] p1a: Venusaur\n|-damage|p2a: Floette|43/100 psn|[from] psn\n|upkeep\n|turn|12\n|\n|t:|1776144144\n|move|p2a: Floette|Synthesis|p2a: Floette\n|-heal|p2a: Floette|92/100 psn\n|move|p1a: Venusaur|Sludge Bomb|p2a: Floette\n|-supereffective|p2a: Floette|1\n|-damage|p2a: Floette|72/100 psn\n|\n|-damage|p2a: Floette|60/100 psn|[from] Leech Seed|[of] p1a: Venusaur\n|-damage|p2a: Floette|48/100 psn|[from] psn\n|upkeep\n|turn|13\n|\n|t:|1776144162\n|move|p2a: Floette|Light of Ruin|p1a: Venusaur\n|-resisted|p1a: Venusaur|1\n|-damage|p1a: Venusaur|2/100\n|-damage|p2a: Floette|0 fnt|[from] Recoil\n|faint|p2a: Floette\n|move|p1a: Venusaur|Sludge Bomb|p2: Floette|[notarget]\n|-fail|p1a: Venusaur\n|\n|upkeep\n|\n|t:|1776144164\n|switch|p2a: Sneasler|Sneasler, L50, F|100/100\n|turn|14\n|\n|t:|1776144169\n|move|p2a: Sneasler|Dire Claw|p1a: Venusaur\n|-damage|p1a: Venusaur|0 fnt\n|faint|p1a: Venusaur\n|\n|upkeep\n|\n|t:|1776144175\n|switch|p1a: Meowscarada|Meowscarada, L50, F|100/100\n|turn|15\n|\n|t:|1776144179\n|move|p1a: Meowscarada|Triple Axel|p2a: Sneasler\n|-start|p1a: Meowscarada|typechange|Ice|[from] ability: Protean\n|-damage|p2a: Sneasler|83/100\n|-damage|p2a: Sneasler|50/100\n|-damage|p2a: Sneasler|0 fnt\n|faint|p2a: Sneasler\n|-hitcount|p2: Sneasler|3\n|\n|win|Giant Gengar\n|raw|Giant Gengar's rating: 1429 &rarr; <strong>1446</strong><br />(+17 for winning)\n|raw|BJZJS's rating: 1383 &rarr; <strong>1366</strong><br />(-17 for losing)\n|l|\u2606Giant Gengar\n|player|p1|\n|l|\u2606BJZJS\n|player|p2|\n",
  "uploadtime": 1776144194,
  "views": 25,
  "formatid": "gen9championsbssregma",
  "rating": 1366,
  "private": 0,
  "password": null
}