{
  "id": "gen9championsbssregma-2588135506",
  "format": "[Gen 9 Champions] BSS Reg M-A",
  "players": [
    "joguri",
    "AcademicWorkHorsew"
  ],
  "log": "|j|\u2606joguri\n|j|\u2606AcademicWorkHorsew\n|t:|1776607960\n|gametype|singles\n|player|p1|joguri|dawn|1117\n|player|p2|AcademicWorkHorsew|juan|1212\n|gen|9\n|tier|[Gen 9 Champions] BSS Reg M-A\n|rated|\n|rule|Species Clause: Limit one of each Pok\u00e9mon\n|rule|Item Clause: Limit 1 of each item\n|clearpoke\n|poke|p1|Clefable, L50, F|\n|poke|p1|Espathra, L50, F|\n|poke|p1|Charizard, L50, F|\n|poke|p1|Hippowdon, L50, F|\n|poke|p1|Rotom-Wash, L50, shiny|\n|poke|p1|Garchomp, L50, F|\n|poke|p2|Empoleon, L50, M|\n|poke|p2|Lucario, L50, M|\n|poke|p2|Mamoswine, L50, M|\n|poke|p2|Rotom-Heat, L50|\n|poke|p2|Gallade, L50, M|\n|poke|p2|Garchomp, L50, F|\n|teampreview|3\n|inactive|Battle timer is ON: inactive players will automatically lose when time's up. (requested by joguri)\n|\n|t:|1776607999\n|teamsize|p1|3\n|teamsize|p2|3\n|start\n|switch|p1a: Hamadon|Hippowdon, L50, F|100/100\n|switch|p2a: Empoleon|Empoleon, L50, M|100/100\n|-weather|Sandstorm|[from] ability: Sand Stream|[of] p1a: Hamadon\n|turn|1\n|\n|t:|1776608006\n|move|p2a: Empoleon|Surf|p1a: Hamadon\n|-supereffective|p1a: Hamadon|1\n|-damage|p1a: Hamadon|14/100\n|-enditem|p1a: Hamadon|Sitrus Berry|[eat]\n|-heal|p1a: Hamadon|39/100|[from] item: Sitrus Berry\n|move|p1a: Hamadon|Stealth Rock|p2a: Empoleon\n|-sidestart|p2: AcademicWorkHorsew|move: Stealth Rock\n|\n|-weather|Sandstorm|[upkeep]\n|upkeep\n|turn|2\n|\n|t:|1776608016\n|move|p2a: Empoleon|Surf|p1a: Hamadon\n|-supereffective|p1a: Hamadon|1\n|-damage|p1a: Hamadon|0 fnt\n|faint|p1a: Hamadon\n|\n|-weather|Sandstorm|[upkeep]\n|upkeep\n|\n|t:|1776608021\n|switch|p1a: Espathra|Espathra, L50, F|100/100\n|turn|3\n|\n|t:|1776608034\n|move|p1a: Espathra|Calm Mind|p1a: Espathra\n|-boost|p1a: Espathra|spa|1\n|-boost|p1a: Espathra|spd|1\n|move|p2a: Empoleon|Yawn|p1a: Espathra\n|-start|p1a: Espathra|move: Yawn|[of] p2a: Empoleon\n|\n|-weather|Sandstorm|[upkeep]\n|-damage|p1a: Espathra|95/100|[from] Sandstorm\n|-heal|p1a: Espathra|100/100|[from] item: Leftovers\n|-ability|p1a: Espathra|Speed Boost|boost\n|-boost|p1a: Espathra|spe|1\n|upkeep\n|turn|4\n|\n|t:|1776608048\n|switch|p2a: Mamoswine|Mamoswine, L50, M|100/100\n|-damage|p2a: Mamoswine|88/100|[from] Stealth Rock\n|move|p1a: Espathra|Baton Pass|p1a: Espathra\n|\n|t:|1776608053\n|switch|p1a: Clefable|Clefable, L50, F|100/100|[from] Baton Pass\n|\n|-weather|Sandstorm|[upkeep]\n|-damage|p1a: Clefable|95/100|[from] Sandstorm\n|upkeep\n|turn|5\n|\n|t:|1776608063\n|move|p2a: Mamoswine|Endeavor|p1a: Clefable\n|-damage|p1a: Clefable|81/100\n|move|p1a: Clefable|Cosmic Power|p1a: Clefable\n|-boost|p1a: Clefable|def|1\n|-boost|p1a: Clefable|spd|1\n|\n|-weather|none\n|upkeep\n|turn|6\n|\n|t:|1776608074\n|switch|p2a: Empoleon|Empoleon, L50, M|100/100\n|-damage|p2a: Empoleon|94/100|[from] Stealth Rock\n|move|p1a: Clefable|Cosmic Power|p1a: Clefable\n|-boost|p1a: Clefable|def|1\n|-boost|p1a: Clefable|spd|1\n|\n|upkeep\n|turn|7\n|\n|t:|1776608086\n|detailschange|p1a: Clefable|Clefable-Mega, L50, F\n|-mega|p1a: Clefable|Clefable|Clefablite\n|move|p1a: Clefable|Flamethrower|p2a: Empoleon\n|-damage|p2a: Empoleon|59/100\n|move|p2a: Empoleon|Yawn|p1a: Clefable\n|move|p1a: Clefable|Yawn|p2a: Empoleon|[from] ability: Magic Bounce\n|-start|p2a: Empoleon|move: Yawn|[of] p1a: Clefable\n|\n|upkeep\n|turn|8\n|-message|AcademicWorkHorsew forfeited.\n|\n|win|joguri\n|raw|joguri's rating: 1117 &rarr; <strong>1149</strong><br />(+32 for winning)\n|raw|AcademicWorkHorsew's rating: 1212 &rarr; <strong>1180</strong><br />(-32 for losing)\n|l|\u2606AcademicWorkHorsew\n|player|p2|\n",
  "uploadtime": 1776608107,
  "views": 1,
  "formatid": "gen9championsbssregma",
  "rating": 1149,
  "private": 0,
  "password": null
}