{
  "id": "gen9championsbssregma-2587185098",
  "format": "[Gen 9 Champions] BSS Reg M-A",
  "players": [
    "jwyzxcvbnm",
    "peko877"
  ],
  "log": "|j|\u2606jwyzxcvbnm\n|j|\u2606peko877\n|t:|1776505842\n|gametype|singles\n|player|p1|jwyzxcvbnm|102|1403\n|player|p2|peko877|iono|1397\n|gen|9\n|tier|[Gen 9 Champions] BSS Reg M-A\n|rated|\n|rule|Species Clause: Limit one of each Pok\u00e9mon\n|rule|Item Clause: Limit 1 of each item\n|clearpoke\n|poke|p1|Sneasler, L50, M, shiny|\n|poke|p1|Polteageist, L50, shiny|\n|poke|p1|Archaludon, L50, M, shiny|\n|poke|p1|Armarouge, L50, M, shiny|\n|poke|p1|Gyarados, L50, M|\n|poke|p1|Meowscarada, L50, M, shiny|\n|poke|p2|Greninja, L50, M, shiny|\n|poke|p2|Goodra-Hisui, L50, F, shiny|\n|poke|p2|Garchomp, L50, M, shiny|\n|poke|p2|Meganium, L50, F, shiny|\n|poke|p2|Volcarona, L50, M, shiny|\n|poke|p2|Bellibolt, L50, M, shiny|\n|teampreview|3\n|inactive|Battle timer is ON: inactive players will automatically lose when time's up. (requested by jwyzxcvbnm)\n|\n|t:|1776505870\n|teamsize|p1|3\n|teamsize|p2|3\n|start\n|switch|p1a: Meowscarada|Meowscarada, L50, M, shiny|100/100\n|switch|p2a: Garchomp|Garchomp, L50, M, shiny|100/100\n|turn|1\n|\n|t:|1776505876\n|switch|p2a: Bellibolt|Bellibolt, L50, M, shiny|100/100\n|move|p1a: Meowscarada|U-turn|p2a: Bellibolt\n|-start|p1a: Meowscarada|typechange|Bug|[from] ability: Protean\n|-damage|p2a: Bellibolt|71/100\n|-start|p2a: Bellibolt|Charge|U-turn|[from] ability: Electromorphosis\n|\n|t:|1776505881\n|switch|p1a: Polteageist|Polteageist, L50, shiny|100/100|[from] U-turn\n|\n|upkeep\n|turn|2\n|\n|t:|1776505885\n|move|p1a: Polteageist|Shell Smash|p1a: Polteageist\n|-unboost|p1a: Polteageist|def|1\n|-unboost|p1a: Polteageist|spd|1\n|-boost|p1a: Polteageist|atk|2\n|-boost|p1a: Polteageist|spa|2\n|-boost|p1a: Polteageist|spe|2\n|-enditem|p1a: Polteageist|White Herb\n|-clearnegativeboost|p1a: Polteageist|[silent]\n|move|p2a: Bellibolt|Volt Switch|p1a: Polteageist\n|-damage|p1a: Polteageist|55/100\n|-end|p2a: Bellibolt|Charge|[silent]\n|\n|t:|1776505891\n|switch|p2a: Garchomp|Garchomp, L50, M, shiny|100/100|[from] Volt Switch\n|\n|upkeep\n|turn|3\n|j| p74\n|\n|t:|1776505895\n|move|p1a: Polteageist|Baton Pass|p1a: Polteageist\n|\n|t:|1776505897\n|switch|p1a: Gyarados|Gyarados, L50, M|100/100|[from] Baton Pass\n|-ability|p1a: Gyarados|Intimidate|boost\n|-unboost|p2a: Garchomp|atk|1\n|move|p2a: Garchomp|Earthquake|p1a: Gyarados\n|-immune|p1a: Gyarados\n|\n|upkeep\n|turn|4\n|\n|t:|1776505904\n|detailschange|p1a: Gyarados|Gyarados-Mega, L50, M\n|-mega|p1a: Gyarados|Gyarados|Gyaradosite\n|-ability|p1a: Gyarados|Mold Breaker\n|move|p1a: Gyarados|Crunch|p2a: Garchomp\n|-damage|p2a: Garchomp|8/100\n|-damage|p1a: Gyarados|88/100|[from] ability: Rough Skin|[of] p2a: Garchomp\n|move|p2a: Garchomp|Rock Tomb|p1a: Gyarados\n|-damage|p1a: Gyarados|77/100\n|-unboost|p1a: Gyarados|spe|1\n|\n|upkeep\n|turn|5\n|\n|t:|1776505910\n|move|p1a: Gyarados|Crunch|p2a: Garchomp\n|-damage|p2a: Garchomp|0 fnt\n|-damage|p1a: Gyarados|64/100|[from] ability: Rough Skin|[of] p2a: Garchomp\n|faint|p2a: Garchomp\n|\n|upkeep\n|\n|t:|1776505914\n|switch|p2a: Bellibolt|Bellibolt, L50, M, shiny|71/100\n|turn|6\n|\n|t:|1776505918\n|move|p1a: Gyarados|Crunch|p2a: Bellibolt\n|-damage|p2a: Bellibolt|0 fnt\n|faint|p2a: Bellibolt\n|\n|upkeep\n|\n|t:|1776505921\n|switch|p2a: Volcarona|Volcarona, L50, M, shiny|100/100\n|turn|7\n|\n|t:|1776505924\n|move|p1a: Gyarados|Waterfall|p2a: Volcarona\n|-supereffective|p2a: Volcarona|1\n|-damage|p2a: Volcarona|0 fnt\n|faint|p2a: Volcarona\n|\n|win|jwyzxcvbnm\n|raw|jwyzxcvbnm's rating: 1403 &rarr; <strong>1423</strong><br />(+20 for winning)\n|raw|peko877's rating: 1397 &rarr; <strong>1377</strong><br />(-20 for losing)\n|l|\u2606peko877\n|player|p2|\n|l|\u2606jwyzxcvbnm\n|player|p1|\n",
  "uploadtime": 1776506105,
  "views": 18,
  "formatid": "gen9championsbssregma",
  "rating": 1377,
  "private": 0,
  "password": null
}