{
  "id": "gen9championsbssregma-2582144298",
  "format": "[Gen 9 Champions] BSS Reg M-A",
  "players": [
    "KevMev",
    "berutene"
  ],
  "log": "|j|\u2606KevMev\n|j|\u2606berutene\n|t:|1776063696\n|gametype|singles\n|player|p1|KevMev|1|1213\n|player|p2|berutene|170|1301\n|gen|9\n|tier|[Gen 9 Champions] BSS Reg M-A\n|rated|\n|rule|Species Clause: Limit one of each Pok\u00e9mon\n|rule|Item Clause: Limit 1 of each item\n|clearpoke\n|poke|p1|Sneasler, L50, M|\n|poke|p1|Archaludon, L50, M|\n|poke|p1|Gyarados, L50, F|\n|poke|p1|Meowscarada, L50, M|\n|poke|p1|Primarina, L50, F|\n|poke|p1|Mimikyu, L50, M|\n|poke|p2|Charizard, L50, M|\n|poke|p2|Conkeldurr, L50, F|\n|poke|p2|Aegislash, L50, F|\n|poke|p2|Rotom-Wash, L50|\n|poke|p2|Mamoswine, L50, M|\n|poke|p2|Meganium, L50, F|\n|teampreview|3\n|inactive|Battle timer is ON: inactive players will automatically lose when time's up. (requested by berutene)\n|inactive|KevMev has 60 seconds left.\n|inactive|berutene has 60 seconds left.\n|\n|t:|1776063728\n|teamsize|p1|3\n|teamsize|p2|3\n|start\n|switch|p1a: Sneasler|Sneasler, L50, M, shiny|100/100\n|switch|p2a: Charizard|Charizard, L50, M|100/100\n|turn|1\n|\n|t:|1776063733\n|detailschange|p2a: Charizard|Charizard-Mega-X, L50, M\n|-mega|p2a: Charizard|Charizard|Charizardite X\n|move|p1a: Sneasler|Fake Out|p2a: Charizard\n|-damage|p2a: Charizard|85/100\n|-status|p2a: Charizard|psn|[from] ability: Poison Touch|[of] p1a: Sneasler\n|cant|p2a: Charizard|flinch\n|\n|-damage|p2a: Charizard|73/100 psn|[from] psn\n|upkeep\n|turn|2\n|\n|t:|1776063738\n|move|p1a: Sneasler|Close Combat|p2a: Charizard\n|-damage|p2a: Charizard|2/100 psn\n|-unboost|p1a: Sneasler|def|1\n|-unboost|p1a: Sneasler|spd|1\n|move|p2a: Charizard|Flame Charge|p1a: Sneasler\n|-damage|p1a: Sneasler|8/100\n|-boost|p2a: Charizard|spe|1\n|\n|-damage|p2a: Charizard|0 fnt|[from] psn\n|faint|p2a: Charizard\n|upkeep\n|\n|t:|1776063746\n|switch|p2a: Aegislash|Aegislash, L50, F|100/100\n|turn|3\n|\n|t:|1776063758\n|-formechange|p2a: Aegislash|Aegislash-Blade|\n|move|p2a: Aegislash|Shadow Sneak|p1a: Sneasler\n|-damage|p1a: Sneasler|0 fnt\n|faint|p1a: Sneasler\n|\n|upkeep\n|\n|t:|1776063760\n|switch|p1a: Gyarados|Gyarados, L50, F, shiny|100/100\n|-ability|p1a: Gyarados|Intimidate|boost\n|-unboost|p2a: Aegislash|atk|1\n|turn|4\n|j| p74\n|\n|t:|1776063777\n|-formechange|p2a: Aegislash|Aegislash|\n|move|p2a: Aegislash|King's Shield|p2a: Aegislash\n|-singleturn|p2a: Aegislash|Protect\n|move|p1a: Gyarados|Dragon Dance|p1a: Gyarados\n|-boost|p1a: Gyarados|atk|1\n|-boost|p1a: Gyarados|spe|1\n|\n|upkeep\n|turn|5\n|\n|t:|1776063792\n|detailschange|p1a: Gyarados|Gyarados-Mega, L50, F, shiny\n|-mega|p1a: Gyarados|Gyarados|Gyaradosite\n|-ability|p1a: Gyarados|Mold Breaker\n|move|p1a: Gyarados|Dragon Dance|p1a: Gyarados\n|-boost|p1a: Gyarados|atk|1\n|-boost|p1a: Gyarados|spe|1\n|-formechange|p2a: Aegislash|Aegislash-Blade|\n|move|p2a: Aegislash|Poltergeist|p1a: Gyarados\n|-activate|p1a: Gyarados|move: Poltergeist|Gyaradosite\n|-resisted|p1a: Gyarados|1\n|-damage|p1a: Gyarados|80/100\n|\n|upkeep\n|turn|6\n|\n|t:|1776063804\n|switch|p2a: Mamoswine|Mamoswine, L50, M|100/100\n|move|p1a: Gyarados|Earthquake|p2a: Mamoswine\n|-damage|p2a: Mamoswine|21/100\n|\n|upkeep\n|turn|7\n|-message|berutene forfeited.\n|\n|win|KevMev\n|raw|KevMev's rating: 1213 &rarr; <strong>1244</strong><br />(+31 for winning)\n|raw|berutene's rating: 1301 &rarr; <strong>1276</strong><br />(-25 for losing)\n|l|\u2606berutene\n|player|p2|\n|l|\u2606KevMev\n|player|p1|\n",
  "uploadtime": 1776063834,
  "views": 11,
  "formatid": "gen9championsbssregma",
  "rating": 1244,
  "private": 0,
  "password": null
}