{
  "id": "gen9championsbssregma-2586632651",
  "format": "[Gen 9 Champions] BSS Reg M-A",
  "players": [
    "joguri",
    "UtopicTurtle"
  ],
  "log": "|j|\u2606joguri\n|j|\u2606UtopicTurtle\n|t:|1776448224\n|gametype|singles\n|player|p1|joguri|dawn|1170\n|player|p2|UtopicTurtle|drayden|1307\n|gen|9\n|tier|[Gen 9 Champions] BSS Reg M-A\n|rated|\n|rule|Species Clause: Limit one of each Pok\u00e9mon\n|rule|Item Clause: Limit 1 of each item\n|clearpoke\n|poke|p1|Clefable, L50, M|\n|poke|p1|Espathra, L50, M|\n|poke|p1|Charizard, L50, M|\n|poke|p1|Hippowdon, L50, M|\n|poke|p1|Rotom-Wash, L50|\n|poke|p1|Garchomp, L50, F|\n|poke|p2|Meganium, L50, M|\n|poke|p2|Garchomp, L50, M|\n|poke|p2|Quaquaval, L50, M|\n|poke|p2|Kingambit, L50, M|\n|poke|p2|Volcarona, L50, F|\n|poke|p2|Gengar, L50, M|\n|teampreview|3\n|inactive|Battle timer is ON: inactive players will automatically lose when time's up. (requested by UtopicTurtle)\n|\n|t:|1776448271\n|teamsize|p1|3\n|teamsize|p2|3\n|start\n|switch|p1a: Hippowdon|Hippowdon, L50, M|100/100\n|switch|p2a: Quaquaval|Quaquaval, L50, M|100/100\n|-weather|Sandstorm|[from] ability: Sand Stream|[of] p1a: Hippowdon\n|turn|1\n|\n|t:|1776448279\n|move|p2a: Quaquaval|Aqua Step|p1a: Hippowdon\n|-supereffective|p1a: Hippowdon|1\n|-damage|p1a: Hippowdon|38/100\n|-boost|p2a: Quaquaval|spe|1\n|-enditem|p1a: Hippowdon|Sitrus Berry|[eat]\n|-heal|p1a: Hippowdon|63/100|[from] item: Sitrus Berry\n|move|p1a: Hippowdon|Stealth Rock|p2a: Quaquaval\n|-sidestart|p2: UtopicTurtle|move: Stealth Rock\n|\n|-weather|Sandstorm|[upkeep]\n|-damage|p2a: Quaquaval|94/100|[from] Sandstorm\n|upkeep\n|turn|2\n|\n|t:|1776448290\n|move|p2a: Quaquaval|Aqua Step|p1a: Hippowdon\n|-supereffective|p1a: Hippowdon|1\n|-damage|p1a: Hippowdon|0 fnt\n|-boost|p2a: Quaquaval|spe|1\n|faint|p1a: Hippowdon\n|-ability|p2a: Quaquaval|Moxie|boost\n|-boost|p2a: Quaquaval|atk|1\n|\n|-weather|Sandstorm|[upkeep]\n|-damage|p2a: Quaquaval|88/100|[from] Sandstorm\n|upkeep\n|\n|t:|1776448299\n|switch|p1a: Clefable|Clefable, L50, M|100/100\n|turn|3\n|\n|t:|1776448303\n|move|p2a: Quaquaval|Aqua Step|p1a: Clefable\n|-damage|p1a: Clefable|59/100\n|-boost|p2a: Quaquaval|spe|1\n|move|p1a: Clefable|Cosmic Power|p1a: Clefable\n|-boost|p1a: Clefable|def|1\n|-boost|p1a: Clefable|spd|1\n|\n|-weather|Sandstorm|[upkeep]\n|-damage|p2a: Quaquaval|82/100|[from] Sandstorm\n|-damage|p1a: Clefable|53/100|[from] Sandstorm\n|upkeep\n|turn|4\n|\n|t:|1776448317\n|move|p2a: Quaquaval|Aqua Step|p1a: Clefable\n|-damage|p1a: Clefable|28/100\n|-boost|p2a: Quaquaval|spe|1\n|move|p1a: Clefable|Moonlight|p1a: Clefable\n|-heal|p1a: Clefable|52/100\n|\n|-weather|Sandstorm|[upkeep]\n|-damage|p2a: Quaquaval|75/100|[from] Sandstorm\n|-damage|p1a: Clefable|47/100|[from] Sandstorm\n|upkeep\n|turn|5\n|\n|t:|1776448329\n|move|p2a: Quaquaval|Aqua Step|p1a: Clefable\n|-damage|p1a: Clefable|19/100\n|-boost|p2a: Quaquaval|spe|1\n|move|p1a: Clefable|Moonlight|p1a: Clefable\n|-heal|p1a: Clefable|44/100\n|\n|-weather|none\n|upkeep\n|turn|6\n|\n|t:|1776448338\n|move|p2a: Quaquaval|Aqua Step|p1a: Clefable\n|-damage|p1a: Clefable|15/100\n|-boost|p2a: Quaquaval|spe|1\n|move|p1a: Clefable|Moonlight|p1a: Clefable\n|-heal|p1a: Clefable|65/100\n|\n|upkeep\n|turn|7\n|\n|t:|1776448347\n|move|p2a: Quaquaval|Aqua Step|p1a: Clefable\n|-damage|p1a: Clefable|37/100\n|move|p1a: Clefable|Moonlight|p1a: Clefable\n|-heal|p1a: Clefable|87/100\n|\n|upkeep\n|turn|8\n|\n|t:|1776448354\n|move|p2a: Quaquaval|Aqua Step|p1a: Clefable\n|-damage|p1a: Clefable|57/100\n|move|p1a: Clefable|Cosmic Power|p1a: Clefable\n|-boost|p1a: Clefable|def|1\n|-boost|p1a: Clefable|spd|1\n|\n|upkeep\n|turn|9\n|\n|t:|1776448361\n|move|p2a: Quaquaval|Aqua Step|p1a: Clefable\n|-damage|p1a: Clefable|37/100\n|move|p1a: Clefable|Cosmic Power|p1a: Clefable\n|-boost|p1a: Clefable|def|1\n|-boost|p1a: Clefable|spd|1\n|\n|upkeep\n|turn|10\n|\n|t:|1776448367\n|move|p2a: Quaquaval|Aqua Step|p1a: Clefable\n|-damage|p1a: Clefable|20/100\n|move|p1a: Clefable|Moonlight|p1a: Clefable\n|-heal|p1a: Clefable|70/100\n|\n|upkeep\n|turn|11\n|\n|t:|1776448373\n|move|p2a: Quaquaval|Aqua Step|p1a: Clefable\n|-damage|p1a: Clefable|53/100\n|move|p1a: Clefable|Cosmic Power|p1a: Clefable\n|-boost|p1a: Clefable|def|1\n|-boost|p1a: Clefable|spd|1\n|\n|upkeep\n|turn|12\n|\n|t:|1776448380\n|move|p2a: Quaquaval|Aqua Step|p1a: Clefable\n|-damage|p1a: Clefable|40/100\n|move|p1a: Clefable|Moonlight|p1a: Clefable\n|-heal|p1a: Clefable|90/100\n|\n|upkeep\n|turn|13\n|\n|t:|1776448387\n|move|p2a: Quaquaval|Triple Axel|p1a: Clefable\n|-damage|p1a: Clefable|87/100\n|-damage|p1a: Clefable|83/100\n|-damage|p1a: Clefable|77/100\n|-hitcount|p1a: Clefable|3\n|move|p1a: Clefable|Cosmic Power|p1a: Clefable\n|-boost|p1a: Clefable|def|1\n|-boost|p1a: Clefable|spd|1\n|\n|upkeep\n|turn|14\n|\n|t:|1776448399\n|move|p2a: Quaquaval|Triple Axel|p1a: Clefable\n|-damage|p1a: Clefable|75/100\n|-damage|p1a: Clefable|71/100\n|-damage|p1a: Clefable|66/100\n|-hitcount|p1a: Clefable|3\n|move|p1a: Clefable|Cosmic Power|p1a: Clefable\n|-boost|p1a: Clefable|def|1\n|-boost|p1a: Clefable|spd|1\n|\n|upkeep\n|turn|15\n|\n|t:|1776448412\n|move|p2a: Quaquaval|Triple Axel|p1a: Clefable\n|-damage|p1a: Clefable|64/100\n|-hitcount|p1a: Clefable|1\n|move|p1a: Clefable|Stored Power|p2a: Quaquaval\n|-supereffective|p2a: Quaquaval|1\n|-damage|p2a: Quaquaval|0 fnt\n|faint|p2a: Quaquaval\n|\n|upkeep\n|\n|t:|1776448421\n|switch|p2a: Kingambit|Kingambit, L50, M|100/100\n|-damage|p2a: Kingambit|95/100|[from] Stealth Rock\n|turn|16\n|\n|t:|1776448430\n|detailschange|p1a: Clefable|Clefable-Mega, L50, M\n|-mega|p1a: Clefable|Clefable|Clefablite\n|move|p1a: Clefable|Flamethrower|p2a: Kingambit\n|-supereffective|p2a: Kingambit|1\n|-damage|p2a: Kingambit|42/100\n|move|p2a: Kingambit|Iron Head|p1a: Clefable\n|-supereffective|p1a: Clefable|1\n|-damage|p1a: Clefable|49/100\n|\n|upkeep\n|turn|17\n|\n|t:|1776448441\n|move|p2a: Kingambit|Sucker Punch||[still]\n|-fail|p2a: Kingambit\n|move|p1a: Clefable|Moonlight|p1a: Clefable\n|-heal|p1a: Clefable|99/100\n|\n|upkeep\n|turn|18\n|\n|t:|1776448449\n|move|p1a: Clefable|Flamethrower|p2a: Kingambit\n|-supereffective|p2a: Kingambit|1\n|-damage|p2a: Kingambit|0 fnt\n|faint|p2a: Kingambit\n|\n|upkeep\n|\n|t:|1776448452\n|switch|p2a: Meganium|Meganium, L50, M|100/100\n|-damage|p2a: Meganium|88/100|[from] Stealth Rock\n|turn|19\n|\n|t:|1776448459\n|detailschange|p2a: Meganium|Meganium-Mega, L50, M\n|-mega|p2a: Meganium|Meganium|Meganiumite\n|move|p2a: Meganium|Dazzling Gleam|p1a: Clefable\n|-damage|p1a: Clefable|88/100\n|move|p1a: Clefable|Stored Power|p2a: Meganium\n|-damage|p2a: Meganium|27/100\n|\n|upkeep\n|turn|20\n|\n|t:|1776448465\n|move|p2a: Meganium|Dazzling Gleam|p1a: Clefable\n|-damage|p1a: Clefable|77/100\n|move|p1a: Clefable|Stored Power|p2a: Meganium\n|-damage|p2a: Meganium|0 fnt\n|faint|p2a: Meganium\n|\n|win|joguri\n|raw|joguri's rating: 1170 &rarr; <strong>1204</strong><br />(+34 for winning)\n|raw|UtopicTurtle's rating: 1307 &rarr; <strong>1279</strong><br />(-28 for losing)\n|l|\u2606UtopicTurtle\n|player|p2|\n",
  "uploadtime": 1776448472,
  "views": 2,
  "formatid": "gen9championsbssregma",
  "rating": 1204,
  "private": 0,
  "password": null
}