{
  "id": "gen9championsbssregma-2585229882",
  "format": "[Gen 9 Champions] BSS Reg M-A",
  "players": [
    "puriness",
    "ssslizard"
  ],
  "log": "|j|\u2606puriness\n|j|\u2606ssslizard\n|t:|1776327654\n|gametype|singles\n|player|p1|puriness|unknown|1101\n|player|p2|ssslizard|266|1111\n|gen|9\n|tier|[Gen 9 Champions] BSS Reg M-A\n|rated|\n|rule|Species Clause: Limit one of each Pok\u00e9mon\n|rule|Item Clause: Limit 1 of each item\n|clearpoke\n|poke|p1|Lopunny, L50, F|\n|poke|p1|Aegislash, L50, F|\n|poke|p1|Volcarona, L50, F|\n|poke|p1|Basculegion, L50, M|\n|poke|p1|Garchomp, L50, M|\n|poke|p1|Mimikyu, L50, M|\n|poke|p2|Espathra, L50, M|\n|poke|p2|Clefable, L50, M|\n|poke|p2|Incineroar, L50, F|\n|poke|p2|Hatterene, L50, F|\n|poke|p2|Vaporeon, L50, M|\n|poke|p2|Espeon, L50, M|\n|teampreview|3\n|inactive|Battle timer is ON: inactive players will automatically lose when time's up. (requested by puriness)\n|inactive|ssslizard has 60 seconds left.\n|\n|t:|1776327698\n|teamsize|p1|3\n|teamsize|p2|3\n|start\n|switch|p1a: Lopunny|Lopunny, L50, F|100/100\n|switch|p2a: Espathra|Espathra, L50, M|100/100\n|turn|1\n|\n|t:|1776327704\n|detailschange|p1a: Lopunny|Lopunny-Mega, L50, F\n|-mega|p1a: Lopunny|Lopunny|Lopunnite\n|move|p2a: Espathra|Protect|p2a: Espathra\n|-singleturn|p2a: Espathra|Protect\n|move|p1a: Lopunny|U-turn|p2a: Espathra\n|-activate|p2a: Espathra|move: Protect\n|\n|-ability|p2a: Espathra|Speed Boost|boost\n|-boost|p2a: Espathra|spe|1\n|upkeep\n|turn|2\n|\n|t:|1776327712\n|move|p2a: Espathra|Feather Dance|p1a: Lopunny\n|-unboost|p1a: Lopunny|atk|2\n|move|p1a: Lopunny|U-turn|p2a: Espathra\n|-supereffective|p2a: Espathra|1\n|-crit|p2a: Espathra\n|-damage|p2a: Espathra|18/100\n|\n|t:|1776327719\n|switch|p1a: Aegislash|Aegislash, L50, F|100/100|[from] U-turn\n|\n|-ability|p2a: Espathra|Speed Boost|boost\n|-boost|p2a: Espathra|spe|1\n|upkeep\n|turn|3\n|\n|t:|1776327729\n|move|p2a: Espathra|Baton Pass|p2a: Espathra\n|\n|t:|1776327734\n|switch|p2a: Incineroar|Incineroar, L50, F|100/100|[from] Baton Pass\n|-ability|p2a: Incineroar|Intimidate|boost\n|-unboost|p1a: Aegislash|atk|1\n|-formechange|p1a: Aegislash|Aegislash-Blade|\n|move|p1a: Aegislash|Shadow Ball|p2a: Incineroar\n|-resisted|p2a: Incineroar|1\n|-damage|p2a: Incineroar|78/100\n|-unboost|p2a: Incineroar|spd|1\n|\n|upkeep\n|turn|4\n|\n|t:|1776327745\n|-formechange|p1a: Aegislash|Aegislash|\n|move|p1a: Aegislash|King's Shield|p1a: Aegislash\n|-singleturn|p1a: Aegislash|Protect\n|move|p2a: Incineroar|Bulk Up|p2a: Incineroar\n|-boost|p2a: Incineroar|atk|1\n|-boost|p2a: Incineroar|def|1\n|\n|upkeep\n|turn|5\n|\n|t:|1776327752\n|move|p2a: Incineroar|Bulk Up|p2a: Incineroar\n|-boost|p2a: Incineroar|atk|1\n|-boost|p2a: Incineroar|def|1\n|-formechange|p1a: Aegislash|Aegislash-Blade|\n|move|p1a: Aegislash|Shadow Ball|p2a: Incineroar\n|-resisted|p2a: Incineroar|1\n|-damage|p2a: Incineroar|43/100\n|-unboost|p2a: Incineroar|spd|1\n|-enditem|p2a: Incineroar|Sitrus Berry|[eat]\n|-heal|p2a: Incineroar|68/100|[from] item: Sitrus Berry\n|\n|upkeep\n|turn|6\n|\n|t:|1776327766\n|-formechange|p1a: Aegislash|Aegislash|\n|move|p1a: Aegislash|King's Shield|p1a: Aegislash\n|-singleturn|p1a: Aegislash|Protect\n|move|p2a: Incineroar|Bulk Up|p2a: Incineroar\n|-boost|p2a: Incineroar|atk|1\n|-boost|p2a: Incineroar|def|1\n|\n|upkeep\n|turn|7\n|\n|t:|1776327776\n|move|p2a: Incineroar|Bulk Up|p2a: Incineroar\n|-boost|p2a: Incineroar|atk|1\n|-boost|p2a: Incineroar|def|1\n|-formechange|p1a: Aegislash|Aegislash-Blade|\n|move|p1a: Aegislash|Shadow Ball|p2a: Incineroar\n|-resisted|p2a: Incineroar|1\n|-damage|p2a: Incineroar|24/100\n|-unboost|p2a: Incineroar|spd|1\n|\n|upkeep\n|turn|8\n|\n|t:|1776327790\n|move|p2a: Incineroar|Power Trip|p1a: Aegislash\n|-supereffective|p1a: Aegislash|1\n|-damage|p1a: Aegislash|0 fnt\n|faint|p1a: Aegislash\n|\n|upkeep\n|\n|t:|1776327796\n|switch|p1a: Basculegion|Basculegion, L50, M|100/100\n|turn|9\n|\n|t:|1776327801\n|move|p1a: Basculegion|Aqua Jet|p2a: Incineroar\n|-supereffective|p2a: Incineroar|1\n|-crit|p2a: Incineroar\n|-damage|p2a: Incineroar|0 fnt\n|faint|p2a: Incineroar\n|\n|upkeep\n|-message|ssslizard forfeited.\n|\n|win|puriness\n|raw|puriness's rating: 1101 &rarr; <strong>1127</strong><br />(+26 for winning)\n|raw|ssslizard's rating: 1111 &rarr; <strong>1085</strong><br />(-26 for losing)\n",
  "uploadtime": 1776327814,
  "views": 7,
  "formatid": "gen9championsbssregma",
  "rating": 1085,
  "private": 0,
  "password": null
}