{
  "id": "gen9championsbssregma-2588122071",
  "format": "[Gen 9 Champions] BSS Reg M-A",
  "players": [
    "ssssour",
    "adfsdfsdfsdaf"
  ],
  "log": "|j|\u2606ssssour\n|j|\u2606adfsdfsdfsdaf\n|t:|1776606637\n|gametype|singles\n|player|p1|ssssour|bugsy|1114\n|player|p2|adfsdfsdfsdaf|2|1203\n|gen|9\n|tier|[Gen 9 Champions] BSS Reg M-A\n|rated|\n|rule|Species Clause: Limit one of each Pok\u00e9mon\n|rule|Item Clause: Limit 1 of each item\n|clearpoke\n|poke|p1|Rotom-Wash, L50, shiny|\n|poke|p1|Archaludon, L50, M|\n|poke|p1|Garchomp, L50, M|\n|poke|p1|Floette-Eternal, L50, F|\n|poke|p1|Espathra, L50, F|\n|poke|p1|Aggron, L50, M|\n|poke|p2|Venusaur, L50, F|\n|poke|p2|Clefable, L50, M|\n|poke|p2|Hippowdon, L50, F|\n|poke|p2|Dragonite, L50, M|\n|poke|p2|Aegislash, L50, F|\n|poke|p2|Infernape, L50, M|\n|teampreview|3\n|inactive|Battle timer is ON: inactive players will automatically lose when time's up. (requested by ssssour)\n|\n|t:|1776606669\n|teamsize|p1|3\n|teamsize|p2|3\n|start\n|switch|p1a: Espathra|Espathra, L50, F|100/100\n|switch|p2a: Infernape|Infernape, L50, M|100/100\n|turn|1\n|\n|t:|1776606684\n|move|p2a: Infernape|U-turn|p1a: Espathra\n|-supereffective|p1a: Espathra|1\n|-damage|p1a: Espathra|32/100\n|\n|t:|1776606687\n|switch|p2a: Aegislash|Aegislash, L50, F|100/100|[from] U-turn\n|move|p1a: Espathra|Calm Mind|p1a: Espathra\n|-boost|p1a: Espathra|spa|1\n|-boost|p1a: Espathra|spd|1\n|\n|-ability|p1a: Espathra|Speed Boost|boost\n|-boost|p1a: Espathra|spe|1\n|upkeep\n|turn|2\n|\n|t:|1776606691\n|-formechange|p2a: Aegislash|Aegislash-Blade|\n|move|p2a: Aegislash|Shadow Sneak|p1a: Espathra\n|-supereffective|p1a: Espathra|1\n|-damage|p1a: Espathra|0 fnt\n|faint|p1a: Espathra\n|\n|upkeep\n|\n|t:|1776606696\n|switch|p1a: Garchomp|Garchomp, L50, M|100/100\n|turn|3\n|\n|t:|1776606701\n|move|p1a: Garchomp|Scorching Sands|p2a: Aegislash\n|-supereffective|p2a: Aegislash|1\n|-damage|p2a: Aegislash|3/100\n|move|p2a: Aegislash|Shadow Ball|p1a: Garchomp\n|-damage|p1a: Garchomp|46/100\n|\n|upkeep\n|turn|4\n|\n|t:|1776606707\n|move|p1a: Garchomp|Scorching Sands|p2a: Aegislash\n|-supereffective|p2a: Aegislash|1\n|-damage|p2a: Aegislash|0 fnt\n|faint|p2a: Aegislash\n|\n|upkeep\n|\n|t:|1776606715\n|switch|p2a: Infernape|Infernape, L50, M|100/100\n|turn|5\n|\n|t:|1776606721\n|move|p2a: Infernape|Close Combat|p1a: Garchomp\n|-damage|p1a: Garchomp|0 fnt\n|-unboost|p2a: Infernape|def|1\n|-unboost|p2a: Infernape|spd|1\n|-damage|p2a: Infernape|88/100|[from] ability: Rough Skin|[of] p1a: Garchomp\n|faint|p1a: Garchomp\n|\n|upkeep\n|\n|t:|1776606728\n|switch|p1a: Floette|Floette-Eternal, L50, F|100/100\n|turn|6\n|\n|t:|1776606732\n|switch|p2a: Venusaur|Venusaur, L50, F|100/100\n|detailschange|p1a: Floette|Floette-Mega, L50, F\n|-mega|p1a: Floette|Floette|Floettite\n|-ability|p1a: Floette|Fairy Aura\n|move|p1a: Floette|Psychic|p2a: Venusaur\n|-supereffective|p2a: Venusaur|1\n|-damage|p2a: Venusaur|52/100\n|\n|upkeep\n|turn|7\n|\n|t:|1776606741\n|detailschange|p2a: Venusaur|Venusaur-Mega, L50, F\n|-mega|p2a: Venusaur|Venusaur|Venusaurite\n|move|p1a: Floette|Psychic|p2a: Venusaur\n|-supereffective|p2a: Venusaur|1\n|-damage|p2a: Venusaur|7/100\n|move|p2a: Venusaur|Sludge Wave|p1a: Floette\n|-supereffective|p1a: Floette|1\n|-damage|p1a: Floette|28/100\n|-status|p1a: Floette|psn\n|\n|-damage|p1a: Floette|16/100 psn|[from] psn\n|upkeep\n|turn|8\n|\n|t:|1776606748\n|move|p1a: Floette|Psychic|p2a: Venusaur\n|-supereffective|p2a: Venusaur|1\n|-damage|p2a: Venusaur|0 fnt\n|faint|p2a: Venusaur\n|\n|-damage|p1a: Floette|4/100 psn|[from] psn\n|upkeep\n|\n|t:|1776606752\n|switch|p2a: Infernape|Infernape, L50, M|88/100\n|turn|9\n|\n|t:|1776606753\n|move|p2a: Infernape|Raging Fury|p1a: Floette\n|-damage|p1a: Floette|0 fnt\n|faint|p1a: Floette\n|\n|win|adfsdfsdfsdaf\n|raw|ssssour's rating: 1114 &rarr; <strong>1095</strong><br />(-19 for losing)\n|raw|adfsdfsdfsdaf's rating: 1203 &rarr; <strong>1222</strong><br />(+19 for winning)\n|c|\u2606ssssour|gg\n",
  "uploadtime": 1776606758,
  "views": 4,
  "formatid": "gen9championsbssregma",
  "rating": 1095,
  "private": 0,
  "password": null
}