{
  "id": "gen9championsbssregma-2585539209",
  "format": "[Gen 9 Champions] BSS Reg M-A",
  "players": [
    "Dodoprotector",
    "BBBKTY"
  ],
  "log": "|j|\u2606Dodoprotector\n|j|\u2606BBBKTY\n|t:|1776354215\n|gametype|singles\n|player|p1|Dodoprotector|102|1104\n|player|p2|BBBKTY|265|1034\n|gen|9\n|tier|[Gen 9 Champions] BSS Reg M-A\n|rated|\n|rule|Species Clause: Limit one of each Pok\u00e9mon\n|rule|Item Clause: Limit 1 of each item\n|clearpoke\n|poke|p1|Gyarados, L50, M|\n|poke|p1|Sneasler, L50, M|\n|poke|p1|Orthworm, L50, M|\n|poke|p1|Volcarona, L50, F|\n|poke|p1|Hatterene, L50, F|\n|poke|p1|Drampa, L50, F|\n|poke|p2|Dragapult, L50, M|\n|poke|p2|Alakazam, L50, F|\n|poke|p2|Azumarill, L50, M|\n|poke|p2|Clefable, L50, F|\n|poke|p2|Espathra, L50, M|\n|poke|p2|Glimmora, L50, F|\n|teampreview|3\n|inactive|Battle timer is ON: inactive players will automatically lose when time's up. (requested by BBBKTY)\n|\n|t:|1776354255\n|teamsize|p1|3\n|teamsize|p2|3\n|start\n|switch|p1a: Hatterene|Hatterene, L50, F|100/100\n|switch|p2a: Glimmora|Glimmora, L50, F|100/100\n|turn|1\n|\n|t:|1776354280\n|move|p2a: Glimmora|Mortal Spin|p1a: Hatterene\n|-supereffective|p1a: Hatterene|1\n|-damage|p1a: Hatterene|86/100\n|-status|p1a: Hatterene|psn\n|move|p1a: Hatterene|Trick Room|p1a: Hatterene\n|-fieldstart|move: Trick Room|[of] p1a: Hatterene\n|\n|-damage|p1a: Hatterene|74/100 psn|[from] psn\n|upkeep\n|turn|2\n|\n|t:|1776354287\n|move|p1a: Hatterene|Psychic Noise|p2a: Glimmora\n|-supereffective|p2a: Glimmora|1\n|-damage|p2a: Glimmora|13/100\n|-start|p2a: Glimmora|move: Heal Block\n|move|p2a: Glimmora|Power Gem|p1a: Hatterene\n|-damage|p1a: Hatterene|38/100 psn\n|\n|-damage|p1a: Hatterene|26/100 psn|[from] psn\n|upkeep\n|turn|3\n|\n|t:|1776354294\n|move|p1a: Hatterene|Psychic Noise|p2a: Glimmora\n|-supereffective|p2a: Glimmora|1\n|-damage|p2a: Glimmora|0 fnt\n|faint|p2a: Glimmora\n|\n|-damage|p1a: Hatterene|14/100 psn|[from] psn\n|upkeep\n|\n|t:|1776354298\n|switch|p2a: Espathra|Espathra, L50, M, shiny|100/100\n|turn|4\n|\n|t:|1776354305\n|move|p2a: Espathra|Protect|p2a: Espathra\n|-singleturn|p2a: Espathra|Protect\n|move|p1a: Hatterene|Healing Wish|p1a: Hatterene\n|faint|p1a: Hatterene\n|\n|-ability|p2a: Espathra|Speed Boost|boost\n|-boost|p2a: Espathra|spe|1\n|upkeep\n|\n|t:|1776354311\n|switch|p1a: Sneasler|Sneasler, L50, M|100/100\n|turn|5\n|\n|t:|1776354321\n|move|p2a: Espathra|Protect||[still]\n|-fail|p2a: Espathra\n|move|p1a: Sneasler|Switcheroo|p2a: Espathra\n|-activate|p1a: Sneasler|move: Trick|[of] p2a: Espathra\n|-item|p2a: Espathra|Choice Scarf|[from] move: Switcheroo\n|-item|p1a: Sneasler|Sitrus Berry|[from] move: Switcheroo\n|\n|-fieldend|move: Trick Room\n|-ability|p2a: Espathra|Speed Boost|boost\n|-boost|p2a: Espathra|spe|1\n|upkeep\n|turn|6\n|\n|t:|1776354335\n|move|p2a: Espathra|Baton Pass|p2a: Espathra\n|\n|t:|1776354337\n|switch|p2a: Clefable|Clefable, L50, F, shiny|100/100|[from] Baton Pass\n|move|p1a: Sneasler|U-turn|p2a: Clefable\n|-resisted|p2a: Clefable|1\n|-damage|p2a: Clefable|91/100\n|-status|p2a: Clefable|psn|[from] ability: Poison Touch|[of] p1a: Sneasler\n|\n|t:|1776354344\n|switch|p1a: Drampa|Drampa, L50, F|100/100|[from] U-turn\n|-ability|p1a: Drampa|Cloud Nine\n|\n|-damage|p2a: Clefable|79/100 psn|[from] psn\n|upkeep\n|turn|7\n|\n|t:|1776354354\n|detailschange|p2a: Clefable|Clefable-Mega, L50, F, shiny\n|-mega|p2a: Clefable|Clefable|Clefablite\n|detailschange|p1a: Drampa|Drampa-Mega, L50, F\n|-mega|p1a: Drampa|Drampa|Drampanite\n|move|p2a: Clefable|Moonblast|p1a: Drampa\n|-supereffective|p1a: Drampa|1\n|-damage|p1a: Drampa|35/100\n|-ability|p1a: Drampa|Berserk|boost\n|-boost|p1a: Drampa|spa|1\n|move|p1a: Drampa|Hyper Voice|p2a: Clefable\n|-damage|p2a: Clefable|4/100 psn\n|\n|-damage|p2a: Clefable|0 fnt|[from] psn\n|faint|p2a: Clefable\n|upkeep\n|\n|t:|1776354367\n|switch|p2a: Espathra|Espathra, L50, M, shiny|100/100\n|turn|8\n|\n|t:|1776354370\n|move|p2a: Espathra|Protect|p2a: Espathra\n|-singleturn|p2a: Espathra|Protect\n|move|p1a: Drampa|Hyper Voice|p2a: Espathra\n|-activate|p2a: Espathra|move: Protect\n|\n|-ability|p2a: Espathra|Speed Boost|boost\n|-boost|p2a: Espathra|spe|1\n|upkeep\n|turn|9\n|\n|t:|1776354374\n|move|p2a: Espathra|Protect||[still]\n|-fail|p2a: Espathra\n|move|p1a: Drampa|Hyper Voice|p2a: Espathra\n|-damage|p2a: Espathra|0 fnt\n|faint|p2a: Espathra\n|\n|win|Dodoprotector\n|raw|Dodoprotector's rating: 1104 &rarr; <strong>1124</strong><br />(+20 for winning)\n|raw|BBBKTY's rating: 1034 &rarr; <strong>1022</strong><br />(-12 for losing)\n",
  "uploadtime": 1776354378,
  "views": 17,
  "formatid": "gen9championsbssregma",
  "rating": 1022,
  "private": 0,
  "password": null
}