{
  "id": "gen9championsbssregma-2587484362",
  "format": "[Gen 9 Champions] BSS Reg M-A",
  "players": [
    "joguri",
    "aeronash"
  ],
  "log": "|j|\u2606joguri\n|j|\u2606aeronash\n|t:|1776535724\n|gametype|singles\n|player|p1|joguri|dawn|1286\n|player|p2|aeronash|raihan-masters|1221\n|gen|9\n|tier|[Gen 9 Champions] BSS Reg M-A\n|rated|\n|rule|Species Clause: Limit one of each Pok\u00e9mon\n|rule|Item Clause: Limit 1 of each item\n|clearpoke\n|poke|p1|Clefable, L50, F|\n|poke|p1|Espathra, L50, M|\n|poke|p1|Charizard, L50, F|\n|poke|p1|Hippowdon, L50, M|\n|poke|p1|Rotom-Wash, L50, shiny|\n|poke|p1|Garchomp, L50, M|\n|poke|p2|Floette-Eternal, L50, F|\n|poke|p2|Espathra, L50, F, shiny|\n|poke|p2|Sneasler, L50, M, shiny|\n|poke|p2|Rotom-Wash, L50, shiny|\n|poke|p2|Arcanine-Hisui, L50, M, shiny|\n|poke|p2|Meowscarada, L50, F, shiny|\n|teampreview|3\n|inactive|Battle timer is ON: inactive players will automatically lose when time's up. (requested by aeronash)\n|\n|t:|1776535766\n|teamsize|p1|3\n|teamsize|p2|3\n|start\n|switch|p1a: Hippowdon|Hippowdon, L50, M|100/100\n|switch|p2a: Magician|Meowscarada, L50, F, shiny|100/100\n|-weather|Sandstorm|[from] ability: Sand Stream|[of] p1a: Hippowdon\n|turn|1\n|j| huhyuhyuhyuh\n|\n|t:|1776535775\n|move|p2a: Magician|U-turn|p1a: Hippowdon\n|-start|p2a: Magician|typechange|Bug|[from] ability: Protean\n|-damage|p1a: Hippowdon|80/100\n|\n|t:|1776535777\n|switch|p2a: Plasma|Rotom-Wash, L50, shiny|100/100|[from] U-turn\n|move|p1a: Hippowdon|Yawn|p2a: Plasma\n|-start|p2a: Plasma|move: Yawn|[of] p1a: Hippowdon\n|\n|-weather|Sandstorm|[upkeep]\n|-damage|p2a: Plasma|95/100|[from] Sandstorm\n|-heal|p2a: Plasma|100/100|[from] item: Leftovers\n|upkeep\n|turn|2\n|\n|t:|1776535787\n|move|p2a: Plasma|Will-O-Wisp|p1a: Hippowdon\n|-status|p1a: Hippowdon|brn\n|move|p1a: Hippowdon|Stealth Rock|p2a: Plasma\n|-sidestart|p2: aeronash|move: Stealth Rock\n|\n|-weather|Sandstorm|[upkeep]\n|-damage|p2a: Plasma|95/100|[from] Sandstorm\n|-heal|p2a: Plasma|100/100|[from] item: Leftovers\n|-damage|p1a: Hippowdon|74/100 brn|[from] brn\n|-end|p2a: Plasma|move: Yawn|[silent]\n|-status|p2a: Plasma|slp\n|upkeep\n|turn|3\n|\n|t:|1776535798\n|cant|p2a: Plasma|slp\n|move|p1a: Hippowdon|Roar|p2a: Plasma\n|drag|p2a: Single Bloom|Floette-Eternal, L50, F|100/100\n|-damage|p2a: Single Bloom|88/100|[from] Stealth Rock\n|\n|-weather|Sandstorm|[upkeep]\n|-damage|p2a: Single Bloom|82/100|[from] Sandstorm\n|-damage|p1a: Hippowdon|67/100 brn|[from] brn\n|upkeep\n|turn|4\n|\n|t:|1776535815\n|move|p2a: Single Bloom|Moonblast|p1a: Hippowdon\n|-damage|p1a: Hippowdon|20/100 brn\n|-enditem|p1a: Hippowdon|Sitrus Berry|[eat]\n|-heal|p1a: Hippowdon|44/100 brn|[from] item: Sitrus Berry\n|move|p1a: Hippowdon|Yawn|p2a: Single Bloom\n|-start|p2a: Single Bloom|move: Yawn|[of] p1a: Hippowdon\n|\n|-weather|Sandstorm|[upkeep]\n|-damage|p2a: Single Bloom|76/100|[from] Sandstorm\n|-damage|p1a: Hippowdon|38/100 brn|[from] brn\n|upkeep\n|turn|5\n|\n|t:|1776535828\n|switch|p2a: Plasma|Rotom-Wash, L50, shiny|100/100 slp\n|-damage|p2a: Plasma|88/100 slp|[from] Stealth Rock\n|switch|p1a: Espathra|Espathra, L50, M|100/100\n|\n|-weather|none\n|-heal|p2a: Plasma|94/100 slp|[from] item: Leftovers\n|upkeep\n|turn|6\n|\n|t:|1776535844\n|move|p1a: Espathra|Calm Mind|p1a: Espathra\n|-boost|p1a: Espathra|spa|1\n|-boost|p1a: Espathra|spd|1\n|cant|p2a: Plasma|slp\n|\n|-heal|p2a: Plasma|99/100 slp|[from] item: Leftovers\n|-ability|p1a: Espathra|Speed Boost|boost\n|-boost|p1a: Espathra|spe|1\n|upkeep\n|turn|7\n|\n|t:|1776535851\n|move|p1a: Espathra|Calm Mind|p1a: Espathra\n|-boost|p1a: Espathra|spa|1\n|-boost|p1a: Espathra|spd|1\n|-curestatus|p2a: Plasma|slp|[msg]\n|move|p2a: Plasma|Volt Switch|p1a: Espathra\n|-damage|p1a: Espathra|85/100\n|\n|t:|1776535856\n|switch|p2a: Magician|Meowscarada, L50, F, shiny|100/100|[from] Volt Switch\n|-damage|p2a: Magician|88/100|[from] Stealth Rock\n|\n|-heal|p1a: Espathra|91/100|[from] item: Leftovers\n|-ability|p1a: Espathra|Speed Boost|boost\n|-boost|p1a: Espathra|spe|1\n|upkeep\n|turn|8\n|\n|t:|1776535865\n|move|p1a: Espathra|Protect|p1a: Espathra\n|-singleturn|p1a: Espathra|Protect\n|move|p2a: Magician|Knock Off|p1a: Espathra\n|-start|p2a: Magician|typechange|Dark|[from] ability: Protean\n|-activate|p1a: Espathra|move: Protect\n|\n|-heal|p1a: Espathra|97/100|[from] item: Leftovers\n|-ability|p1a: Espathra|Speed Boost|boost\n|-boost|p1a: Espathra|spe|1\n|upkeep\n|turn|9\n|\n|t:|1776535876\n|move|p1a: Espathra|Baton Pass|p1a: Espathra\n|\n|t:|1776535878\n|switch|p1a: Clefable|Clefable, L50, F|100/100|[from] Baton Pass\n|move|p2a: Magician|Knock Off|p1a: Clefable\n|-resisted|p1a: Clefable|1\n|-damage|p1a: Clefable|90/100\n|\n|upkeep\n|turn|10\n|\n|t:|1776535892\n|switch|p2a: Plasma|Rotom-Wash, L50, shiny|99/100\n|-damage|p2a: Plasma|88/100|[from] Stealth Rock\n|move|p1a: Clefable|Cosmic Power|p1a: Clefable\n|-boost|p1a: Clefable|def|1\n|-boost|p1a: Clefable|spd|1\n|\n|-heal|p2a: Plasma|93/100|[from] item: Leftovers\n|upkeep\n|turn|11\n|\n|t:|1776535904\n|detailschange|p1a: Clefable|Clefable-Mega, L50, F\n|-mega|p1a: Clefable|Clefable|Clefablite\n|move|p1a: Clefable|Cosmic Power|p1a: Clefable\n|-boost|p1a: Clefable|def|1\n|-boost|p1a: Clefable|spd|1\n|move|p2a: Plasma|Volt Switch|p1a: Clefable\n|-supereffective|p1a: Clefable|1\n|-crit|p1a: Clefable\n|-damage|p1a: Clefable|30/100\n|\n|t:|1776535910\n|switch|p2a: Magician|Meowscarada, L50, F, shiny|88/100|[from] Volt Switch\n|-damage|p2a: Magician|76/100|[from] Stealth Rock\n|\n|upkeep\n|turn|12\n|j| Down and fireflies\n|\n|t:|1776535923\n|move|p2a: Magician|Triple Axel|p1a: Clefable\n|-start|p2a: Magician|typechange|Ice|[from] ability: Protean\n|-supereffective|p1a: Clefable|1\n|-damage|p1a: Clefable|23/100\n|-supereffective|p1a: Clefable|1\n|-damage|p1a: Clefable|10/100\n|-supereffective|p1a: Clefable|1\n|-damage|p1a: Clefable|0 fnt\n|faint|p1a: Clefable\n|-hitcount|p1: Clefable|3\n|\n|upkeep\n|-message|joguri forfeited.\n|\n|win|aeronash\n|raw|joguri's rating: 1286 &rarr; <strong>1256</strong><br />(-30 for losing)\n|raw|aeronash's rating: 1221 &rarr; <strong>1251</strong><br />(+30 for winning)\n|l|\u2606joguri\n|player|p1|\n",
  "uploadtime": 1776535952,
  "views": 8,
  "formatid": "gen9championsbssregma",
  "rating": 1251,
  "private": 0,
  "password": null
}