{
  "id": "gen9championsbssregma-2587972319",
  "format": "[Gen 9 Champions] BSS Reg M-A",
  "players": [
    "jaxsha",
    "danyssj"
  ],
  "log": "|j|\u2606jaxsha\n|j|\u2606danyssj\n|t:|1776586914\n|gametype|singles\n|player|p1|jaxsha|1|1054\n|player|p2|danyssj|lucas-gen4pt|1110\n|gen|9\n|tier|[Gen 9 Champions] BSS Reg M-A\n|rated|\n|rule|Species Clause: Limit one of each Pok\u00e9mon\n|rule|Item Clause: Limit 1 of each item\n|clearpoke\n|poke|p1|Meowscarada, L50, F|\n|poke|p1|Scizor, L50, M|\n|poke|p1|Rotom-Wash, L50|\n|poke|p1|Charizard, L50, F|\n|poke|p1|Primarina, L50, F|\n|poke|p1|Garchomp, L50, M|\n|poke|p2|Kingambit, L50, M|\n|poke|p2|Venusaur, L50, F|\n|poke|p2|Rotom-Wash, L50|\n|poke|p2|Tyranitar, L50, F|\n|poke|p2|Basculegion, L50, M|\n|poke|p2|Corviknight, L50, F|\n|teampreview|3\n|\n|t:|1776586995\n|teamsize|p1|3\n|teamsize|p2|3\n|start\n|switch|p1a: Charizard|Charizard, L50, F|100/100\n|switch|p2a: Tyranitar|Tyranitar, L50, F|100/100\n|-weather|Sandstorm|[from] ability: Sand Stream|[of] p2a: Tyranitar\n|turn|1\n|\n|t:|1776587005\n|switch|p1a: Garchomp|Garchomp, L50, M|100/100\n|move|p2a: Tyranitar|Stealth Rock|p1a: Garchomp\n|-sidestart|p1: jaxsha|move: Stealth Rock\n|\n|-weather|Sandstorm|[upkeep]\n|upkeep\n|turn|2\n|\n|t:|1776587015\n|switch|p2a: Corviknight|Corviknight, L50, F|100/100\n|move|p1a: Garchomp|Stealth Rock|p2a: Corviknight\n|-sidestart|p2: danyssj|move: Stealth Rock\n|\n|-weather|Sandstorm|[upkeep]\n|upkeep\n|turn|3\n|\n|t:|1776587026\n|move|p2a: Corviknight|Defog|p1a: Garchomp\n|-unboost|p1a: Garchomp|evasion|1\n|-sideend|p1: jaxsha|Stealth Rock|[from] move: Defog|[of] p2a: Corviknight\n|-sideend|p2: danyssj|Stealth Rock|[from] move: Defog|[of] p2a: Corviknight\n|move|p1a: Garchomp|Dragon Tail|p2a: Corviknight\n|-resisted|p2a: Corviknight|1\n|-damage|p2a: Corviknight|92/100\n|drag|p2a: Tyranitar|Tyranitar, L50, F|100/100\n|\n|-weather|Sandstorm|[upkeep]\n|upkeep\n|turn|4\n|\n|t:|1776587040\n|move|p1a: Garchomp|Stealth Rock|p2a: Tyranitar\n|-sidestart|p2: danyssj|move: Stealth Rock\n|move|p2a: Tyranitar|Stealth Rock|p1a: Garchomp\n|-sidestart|p1: jaxsha|move: Stealth Rock\n|\n|-weather|Sandstorm|[upkeep]\n|upkeep\n|turn|5\n|\n|t:|1776587047\n|move|p1a: Garchomp|Dragon Tail|p2a: Tyranitar\n|-damage|p2a: Tyranitar|81/100\n|drag|p2a: Basculegion|Basculegion, L50, M|100/100\n|-damage|p2a: Basculegion|88/100|[from] Stealth Rock\n|\n|-weather|none\n|upkeep\n|turn|6\n|\n|t:|1776587057\n|move|p2a: Basculegion|Flip Turn|p1a: Garchomp\n|-damage|p1a: Garchomp|60/100\n|-damage|p2a: Basculegion|76/100|[from] ability: Rough Skin|[of] p1a: Garchomp\n|\n|t:|1776587067\n|switch|p2a: Tyranitar|Tyranitar, L50, F|81/100|[from] Flip Turn\n|-damage|p2a: Tyranitar|69/100|[from] Stealth Rock\n|-weather|Sandstorm|[from] ability: Sand Stream|[of] p2a: Tyranitar\n|move|p1a: Garchomp|Dragon Tail|p2a: Tyranitar\n|-damage|p2a: Tyranitar|50/100\n|drag|p2a: Basculegion|Basculegion, L50, M|76/100\n|-damage|p2a: Basculegion|64/100|[from] Stealth Rock\n|\n|-weather|Sandstorm|[upkeep]\n|-damage|p2a: Basculegion|58/100|[from] Sandstorm\n|upkeep\n|turn|7\n|\n|t:|1776587087\n|move|p2a: Basculegion|Wave Crash|p1a: Garchomp\n|-damage|p1a: Garchomp|0 fnt\n|-damage|p2a: Basculegion|46/100|[from] ability: Rough Skin|[of] p1a: Garchomp\n|faint|p1a: Garchomp\n|-damage|p2a: Basculegion|27/100|[from] Recoil\n|\n|-weather|Sandstorm|[upkeep]\n|-damage|p2a: Basculegion|21/100|[from] Sandstorm\n|upkeep\n|\n|t:|1776587097\n|switch|p1a: Rotom|Rotom-Wash, L50|100/100\n|-damage|p1a: Rotom|89/100|[from] Stealth Rock\n|turn|8\n|\n|t:|1776587111\n|switch|p2a: Corviknight|Corviknight, L50, F|92/100\n|-damage|p2a: Corviknight|80/100|[from] Stealth Rock\n|move|p1a: Rotom|Volt Switch|p2a: Corviknight\n|-supereffective|p2a: Corviknight|1\n|-damage|p2a: Corviknight|9/100\n|-enditem|p2a: Corviknight|Sitrus Berry|[eat]\n|-heal|p2a: Corviknight|34/100|[from] item: Sitrus Berry\n|\n|t:|1776587121\n|switch|p1a: Charizard|Charizard, L50, F|100/100|[from] Volt Switch\n|-damage|p1a: Charizard|51/100|[from] Stealth Rock\n|\n|-weather|Sandstorm|[upkeep]\n|-damage|p1a: Charizard|45/100|[from] Sandstorm\n|upkeep\n|turn|9\n|\n|t:|1776587177\n|detailschange|p1a: Charizard|Charizard-Mega-Y, L50, F\n|-mega|p1a: Charizard|Charizard|Charizardite Y\n|-weather|SunnyDay|[from] ability: Drought|[of] p1a: Charizard\n|move|p1a: Charizard|Weather Ball|p2a: Corviknight\n|-supereffective|p2a: Corviknight|1\n|-damage|p2a: Corviknight|0 fnt\n|faint|p2a: Corviknight\n|\n|-weather|SunnyDay|[upkeep]\n|upkeep\n|\n|t:|1776587187\n|switch|p2a: Tyranitar|Tyranitar, L50, F|50/100\n|-damage|p2a: Tyranitar|38/100|[from] Stealth Rock\n|-weather|Sandstorm|[from] ability: Sand Stream|[of] p2a: Tyranitar\n|turn|10\n|\n|t:|1776587198\n|detailschange|p2a: Tyranitar|Tyranitar-Mega, L50, F\n|-mega|p2a: Tyranitar|Tyranitar|Tyranitarite\n|move|p1a: Charizard|Overheat|p2a: Tyranitar\n|-resisted|p2a: Tyranitar|1\n|-damage|p2a: Tyranitar|20/100\n|-unboost|p1a: Charizard|spa|2\n|move|p2a: Tyranitar|Rock Blast|p1a: Charizard\n|-supereffective|p1a: Charizard|2\n|-damage|p1a: Charizard|0 fnt\n|faint|p1a: Charizard\n|-hitcount|p1: Charizard|1\n|\n|-weather|Sandstorm|[upkeep]\n|upkeep\n|\n|t:|1776587211\n|switch|p1a: Rotom|Rotom-Wash, L50|89/100\n|-damage|p1a: Rotom|77/100|[from] Stealth Rock\n|turn|11\n|\n|t:|1776587215\n|move|p1a: Rotom|Hydro Pump|p2a: Tyranitar|[miss]\n|-miss|p1a: Rotom|p2a: Tyranitar\n|move|p2a: Tyranitar|Knock Off|p1a: Rotom\n|-damage|p1a: Rotom|8/100\n|-enditem|p1a: Rotom|Choice Scarf|[from] move: Knock Off|[of] p2a: Tyranitar\n|\n|-weather|Sandstorm|[upkeep]\n|-damage|p1a: Rotom|2/100|[from] Sandstorm\n|upkeep\n|turn|12\n|\n|t:|1776587233\n|move|p1a: Rotom|Hydro Pump|p2a: Tyranitar\n|-supereffective|p2a: Tyranitar|1\n|-damage|p2a: Tyranitar|0 fnt\n|faint|p2a: Tyranitar\n|\n|-weather|Sandstorm|[upkeep]\n|-damage|p1a: Rotom|0 fnt|[from] Sandstorm\n|faint|p1a: Rotom\n|\n|win|danyssj\n|raw|jaxsha's rating: 1054 &rarr; <strong>1039</strong><br />(-15 for losing)\n|raw|danyssj's rating: 1110 &rarr; <strong>1131</strong><br />(+21 for winning)\n|l|\u2606danyssj\n|player|p2|\n",
  "uploadtime": 1776587243,
  "views": 3,
  "formatid": "gen9championsbssregma",
  "rating": 1039,
  "private": 0,
  "password": null
}