{
  "id": "gen9championsbssregma-2586275489",
  "format": "[Gen 9 Champions] BSS Reg M-A",
  "players": [
    "ninano200",
    "frnen"
  ],
  "log": "|j|\u2606ninano200\n|j|\u2606frnen\n|t:|1776420226\n|gametype|singles\n|player|p1|ninano200|102|1113\n|player|p2|frnen|drake-gen3|1132\n|gen|9\n|tier|[Gen 9 Champions] BSS Reg M-A\n|rated|\n|rule|Species Clause: Limit one of each Pok\u00e9mon\n|rule|Item Clause: Limit 1 of each item\n|clearpoke\n|poke|p1|Starmie, L50|\n|poke|p1|Corviknight, L50, F|\n|poke|p1|Mimikyu, L50, M|\n|poke|p1|Rotom-Heat, L50|\n|poke|p1|Garchomp, L50, F|\n|poke|p1|Lopunny, L50, M|\n|poke|p2|Blastoise, L50, F|\n|poke|p2|Dragapult, L50, F|\n|poke|p2|Ninetales-Alola, L50, M|\n|poke|p2|Dragonite, L50, M|\n|poke|p2|Gallade, L50, M|\n|poke|p2|Kingambit, L50, M|\n|teampreview|3\n|inactive|Battle timer is ON: inactive players will automatically lose when time's up. (requested by ninano200)\n|\n|t:|1776420255\n|teamsize|p1|3\n|teamsize|p2|3\n|start\n|switch|p1a: Rotom|Rotom-Heat, L50|100/100\n|switch|p2a: Ninetales|Ninetales-Alola, L50, M|100/100\n|-weather|Snowscape|[from] ability: Snow Warning|[of] p2a: Ninetales\n|turn|1\n|\n|t:|1776420259\n|move|p1a: Rotom|Overheat|p2a: Ninetales|[miss]\n|-miss|p1a: Rotom|p2a: Ninetales\n|move|p2a: Ninetales|Aurora Veil|p2a: Ninetales\n|-sidestart|p2: frnen|move: Aurora Veil\n|\n|-weather|Snowscape|[upkeep]\n|upkeep\n|turn|2\n|c|\u2606ninano200|fuck\n|c|\u2606ninano200|all avoid skill\n|\n|t:|1776420275\n|switch|p2a: Blastoise|Blastoise, L50, F|100/100\n|move|p1a: Rotom|Overheat|p2a: Blastoise\n|-resisted|p2a: Blastoise|1\n|-damage|p2a: Blastoise|84/100\n|-unboost|p1a: Rotom|spa|2\n|\n|-weather|Snowscape|[upkeep]\n|upkeep\n|turn|3\n|\n|t:|1776420280\n|switch|p1a: Mimikyu|Mimikyu, L50, M|100/100\n|detailschange|p2a: Blastoise|Blastoise-Mega, L50, F\n|-mega|p2a: Blastoise|Blastoise|Blastoisinite\n|move|p2a: Blastoise|Shell Smash|p2a: Blastoise\n|-unboost|p2a: Blastoise|def|1\n|-unboost|p2a: Blastoise|spd|1\n|-boost|p2a: Blastoise|atk|2\n|-boost|p2a: Blastoise|spa|2\n|-boost|p2a: Blastoise|spe|2\n|\n|-weather|Snowscape|[upkeep]\n|upkeep\n|turn|4\n|\n|t:|1776420286\n|move|p2a: Blastoise|Dark Pulse|p1a: Mimikyu\n|-activate|p1a: Mimikyu|ability: Disguise\n|-damage|p1a: Mimikyu|100/100\n|detailschange|p1a: Mimikyu|Mimikyu-Busted, L50, M\n|-damage|p1a: Mimikyu|88/100|[from] pokemon: Mimikyu-Busted\n|cant|p1a: Mimikyu|flinch\n|\n|-weather|Snowscape|[upkeep]\n|upkeep\n|turn|5\n|\n|t:|1776420290\n|move|p2a: Blastoise|Water Pulse|p1a: Mimikyu\n|-damage|p1a: Mimikyu|0 fnt\n|faint|p1a: Mimikyu\n|\n|-weather|none\n|-sideend|p2: frnen|move: Aurora Veil\n|upkeep\n|c|\u2606ninano200|wth wow\n|c|\u2606ninano200|pokemon god\n|\n|t:|1776420303\n|switch|p1a: Rotom|Rotom-Heat, L50|100/100\n|turn|6\n|\n|t:|1776420305\n|move|p2a: Blastoise|Water Pulse|p1a: Rotom\n|-supereffective|p1a: Rotom|1\n|-damage|p1a: Rotom|0 fnt\n|faint|p1a: Rotom\n|\n|upkeep\n|\n|t:|1776420308\n|switch|p1a: Starmie|Starmie, L50|100/100\n|turn|7\n|\n|t:|1776420310\n|detailschange|p1a: Starmie|Starmie-Mega, L50\n|-mega|p1a: Starmie|Starmie|Starminite\n|move|p2a: Blastoise|Dark Pulse|p1a: Starmie\n|-supereffective|p1a: Starmie|1\n|-damage|p1a: Starmie|0 fnt\n|faint|p1a: Starmie\n|\n|win|frnen\n|raw|ninano200's rating: 1113 &rarr; <strong>1089</strong><br />(-24 for losing)\n|raw|frnen's rating: 1132 &rarr; <strong>1156</strong><br />(+24 for winning)\n|c|\u2606frnen|sorry\n|c|\u2606ninano200|good XD\n",
  "uploadtime": 1776420316,
  "views": 8,
  "formatid": "gen9championsbssregma",
  "rating": 1089,
  "private": 0,
  "password": null
}