{
  "id": "gen9championsbssregma-2585813522",
  "format": "[Gen 9 Champions] BSS Reg M-A",
  "players": [
    "deer 3rd 4th",
    "eldiablotyCham"
  ],
  "log": "|j|\u2606deer 3rd 4th\n|j|\u2606eldiablotyCham\n|t:|1776372530\n|gametype|singles\n|player|p1|deer 3rd 4th|102|1051\n|player|p2|eldiablotyCham|170|1000\n|gen|9\n|tier|[Gen 9 Champions] BSS Reg M-A\n|rated|\n|rule|Species Clause: Limit one of each Pok\u00e9mon\n|rule|Item Clause: Limit 1 of each item\n|clearpoke\n|poke|p1|Dragonite, L50, M|\n|poke|p1|Charizard, L50, F|\n|poke|p1|Corviknight, L50, M|\n|poke|p1|Primarina, L50, F|\n|poke|p1|Meowscarada, L50, F|\n|poke|p1|Glimmora, L50, F|\n|poke|p2|Pinsir, L50, M|\n|poke|p2|Sneasler, L50, F|\n|poke|p2|Aurorus, L50, M|\n|poke|p2|Bastiodon, L50, M|\n|poke|p2|Hatterene, L50, F|\n|poke|p2|Rotom-Heat, L50|\n|teampreview|3\n|inactive|Battle timer is ON: inactive players will automatically lose when time's up. (requested by deer 3rd 4th)\n|\n|t:|1776372592\n|teamsize|p1|3\n|teamsize|p2|3\n|start\n|switch|p1a: Glimmora|Glimmora, L50, F|100/100\n|switch|p2a: Aurorus|Aurorus, L50, M|100/100\n|-weather|Snowscape|[from] ability: Snow Warning|[of] p2a: Aurorus\n|turn|1\n|inactive|eldiablotyCham has 30 seconds left.\n|\n|t:|1776372626\n|switch|p2a: Bastiodon|Bastiodon, L50, M|100/100\n|move|p1a: Glimmora|Stealth Rock|p2a: Bastiodon\n|-sidestart|p2: eldiablotyCham|move: Stealth Rock\n|\n|-weather|Snowscape|[upkeep]\n|upkeep\n|turn|2\n|\n|t:|1776372645\n|move|p1a: Glimmora|Spikes|p2a: Bastiodon\n|-sidestart|p2: eldiablotyCham|Spikes\n|move|p2a: Bastiodon|Reflect|p2a: Bastiodon\n|-sidestart|p2: eldiablotyCham|Reflect\n|\n|-weather|Snowscape|[upkeep]\n|upkeep\n|turn|3\n|\n|t:|1776372652\n|move|p1a: Glimmora|Spikes|p2a: Bastiodon\n|-sidestart|p2: eldiablotyCham|Spikes\n|move|p2a: Bastiodon|Iron Defense|p2a: Bastiodon\n|-boost|p2a: Bastiodon|def|2\n|\n|-weather|Snowscape|[upkeep]\n|upkeep\n|turn|4\n|\n|t:|1776372662\n|move|p1a: Glimmora|Power Gem|p2a: Bastiodon\n|-resisted|p2a: Bastiodon|1\n|-damage|p2a: Bastiodon|82/100\n|move|p2a: Bastiodon|Body Press|p1a: Glimmora\n|-damage|p1a: Glimmora|3/100\n|-activate|p1a: Glimmora|ability: Toxic Debris\n|-sidestart|p2: eldiablotyCham|move: Toxic Spikes\n|\n|-weather|Snowscape|[upkeep]\n|upkeep\n|turn|5\n|\n|t:|1776372672\n|move|p1a: Glimmora|Power Gem|p2a: Bastiodon\n|-resisted|p2a: Bastiodon|1\n|-damage|p2a: Bastiodon|64/100\n|move|p2a: Bastiodon|Iron Defense|p2a: Bastiodon\n|-boost|p2a: Bastiodon|def|2\n|\n|-weather|none\n|upkeep\n|turn|6\n|\n|t:|1776372679\n|move|p1a: Glimmora|Power Gem|p2a: Bastiodon\n|-resisted|p2a: Bastiodon|1\n|-damage|p2a: Bastiodon|47/100\n|-enditem|p2a: Bastiodon|Sitrus Berry|[eat]\n|-heal|p2a: Bastiodon|72/100|[from] item: Sitrus Berry\n|move|p2a: Bastiodon|Body Press|p1a: Glimmora\n|-damage|p1a: Glimmora|0 fnt\n|-activate|p1a: Glimmora|ability: Toxic Debris\n|-sidestart|p2: eldiablotyCham|move: Toxic Spikes\n|faint|p1a: Glimmora\n|\n|-sideend|p2: eldiablotyCham|Reflect\n|upkeep\n|\n|t:|1776372687\n|switch|p1a: Meowscarada|Meowscarada, L50, F|100/100\n|turn|7\n|\n|t:|1776372693\n|move|p1a: Meowscarada|Flower Trick|p2a: Bastiodon\n|-start|p1a: Meowscarada|typechange|Grass|[from] ability: Protean\n|-crit|p2a: Bastiodon\n|-damage|p2a: Bastiodon|39/100\n|move|p2a: Bastiodon|Body Press|p1a: Meowscarada\n|-damage|p1a: Meowscarada|0 fnt\n|faint|p1a: Meowscarada\n|\n|upkeep\n|\n|t:|1776372695\n|switch|p1a: Charizard|Charizard, L50, F|100/100\n|turn|8\n|\n|t:|1776372709\n|move|p1a: Charizard|Swords Dance|p1a: Charizard\n|-boost|p1a: Charizard|atk|2\n|move|p2a: Bastiodon|Reflect|p2a: Bastiodon\n|-sidestart|p2: eldiablotyCham|Reflect\n|\n|upkeep\n|turn|9\n|\n|t:|1776372713\n|detailschange|p1a: Charizard|Charizard-Mega-X, L50, F\n|-mega|p1a: Charizard|Charizard|Charizardite X\n|move|p1a: Charizard|Flare Blitz|p2a: Bastiodon\n|-damage|p2a: Bastiodon|21/100\n|-damage|p1a: Charizard|95/100|[from] Recoil\n|move|p2a: Bastiodon|Body Press|p1a: Charizard\n|-damage|p1a: Charizard|0 fnt\n|faint|p1a: Charizard\n|\n|win|eldiablotyCham\n|raw|deer 3rd 4th's rating: 1051 &rarr; <strong>1031</strong><br />(-20 for losing)\n|raw|eldiablotyCham's rating: 1000 &rarr; <strong>1046</strong><br />(+46 for winning)\n|l|\u2606deer 3rd 4th\n|player|p1|\n",
  "uploadtime": 1776372734,
  "views": 4,
  "formatid": "gen9championsbssregma",
  "rating": 1031,
  "private": 0,
  "password": null
}