{
  "id": "gen9championsbssregma-2586856661",
  "format": "[Gen 9 Champions] BSS Reg M-A",
  "players": [
    "ToiletClogger456",
    "mcconkey"
  ],
  "log": "|j|\u2606ToiletClogger456\n|j|\u2606mcconkey\n|t:|1776465794\n|gametype|singles\n|player|p1|ToiletClogger456|barry|1237\n|player|p2|mcconkey|linebacker|1321\n|gen|9\n|tier|[Gen 9 Champions] BSS Reg M-A\n|rated|\n|rule|Species Clause: Limit one of each Pok\u00e9mon\n|rule|Item Clause: Limit 1 of each item\n|clearpoke\n|poke|p1|Vaporeon, L50, M|\n|poke|p1|Jolteon, L50, F|\n|poke|p1|Flareon, L50, F|\n|poke|p1|Espeon, L50, F|\n|poke|p1|Umbreon, L50, M|\n|poke|p1|Sylveon, L50, F|\n|poke|p2|Altaria, L50, F|\n|poke|p2|Aegislash, L50, M|\n|poke|p2|Meowscarada, L50, F|\n|poke|p2|Delphox, L50, F|\n|poke|p2|Primarina, L50, F|\n|poke|p2|Garchomp, L50, F|\n|teampreview|3\n|\n|t:|1776465831\n|teamsize|p1|3\n|teamsize|p2|3\n|start\n|switch|p1a: Vaporeon|Vaporeon, L50, M|100/100\n|switch|p2a: Meowscarada|Meowscarada, L50, F|100/100\n|turn|1\n|\n|t:|1776465840\n|switch|p1a: Umbreon|Umbreon, L50, M|100/100\n|move|p2a: Meowscarada|Knock Off|p1a: Umbreon\n|-start|p2a: Meowscarada|typechange|Dark|[from] ability: Protean\n|-resisted|p1a: Umbreon|1\n|-damage|p1a: Umbreon|86/100\n|-enditem|p1a: Umbreon|Chople Berry|[from] move: Knock Off|[of] p2a: Meowscarada\n|\n|upkeep\n|turn|2\n|\n|t:|1776465852\n|move|p2a: Meowscarada|Knock Off|p1a: Umbreon\n|-resisted|p1a: Umbreon|1\n|-damage|p1a: Umbreon|76/100\n|move|p1a: Umbreon|Toxic|p2a: Meowscarada\n|-status|p2a: Meowscarada|tox\n|\n|-damage|p2a: Meowscarada|95/100 tox|[from] psn\n|upkeep\n|turn|3\n|\n|t:|1776465859\n|switch|p2a: Aegislash|Aegislash, L50, M, shiny|100/100\n|move|p1a: Umbreon|Wish|p1a: Umbreon\n|\n|upkeep\n|turn|4\n|\n|t:|1776465870\n|move|p1a: Umbreon|Foul Play|p2a: Aegislash\n|-supereffective|p2a: Aegislash|1\n|-damage|p2a: Aegislash|68/100\n|-formechange|p2a: Aegislash|Aegislash-Blade|\n|move|p2a: Aegislash|Close Combat|p1a: Umbreon\n|-supereffective|p1a: Umbreon|1\n|-damage|p1a: Umbreon|29/100\n|-unboost|p2a: Aegislash|def|1\n|-unboost|p2a: Aegislash|spd|1\n|\n|-heal|p1a: Umbreon|79/100|[from] move: Wish|[wisher] Umbreon\n|upkeep\n|turn|5\n|\n|t:|1776465880\n|move|p1a: Umbreon|Wish|p1a: Umbreon\n|move|p2a: Aegislash|Close Combat|p1a: Umbreon\n|-supereffective|p1a: Umbreon|1\n|-damage|p1a: Umbreon|37/100\n|-unboost|p2a: Aegislash|def|1\n|-unboost|p2a: Aegislash|spd|1\n|\n|upkeep\n|turn|6\n|\n|t:|1776465887\n|-formechange|p2a: Aegislash|Aegislash|\n|move|p2a: Aegislash|King's Shield|p2a: Aegislash\n|-singleturn|p2a: Aegislash|Protect\n|move|p1a: Umbreon|Foul Play|p2a: Aegislash\n|-activate|p2a: Aegislash|move: Protect\n|-unboost|p1a: Umbreon|atk|1\n|\n|-heal|p1a: Umbreon|87/100|[from] move: Wish|[wisher] Umbreon\n|upkeep\n|turn|7\n|\n|t:|1776465898\n|move|p1a: Umbreon|Foul Play|p2a: Aegislash\n|-supereffective|p2a: Aegislash|1\n|-damage|p2a: Aegislash|0 fnt\n|faint|p2a: Aegislash\n|\n|upkeep\n|\n|t:|1776465902\n|switch|p2a: Altaria|Altaria, L50, F, shiny|100/100\n|turn|8\n|\n|t:|1776465905\n|detailschange|p2a: Altaria|Altaria-Mega, L50, F, shiny\n|-mega|p2a: Altaria|Altaria|Altarianite\n|move|p2a: Altaria|Dragon Dance|p2a: Altaria\n|-boost|p2a: Altaria|atk|1\n|-boost|p2a: Altaria|spe|1\n|move|p1a: Umbreon|Toxic|p2a: Altaria\n|-status|p2a: Altaria|tox\n|\n|-damage|p2a: Altaria|94/100 tox|[from] psn\n|upkeep\n|turn|9\n|\n|t:|1776465914\n|move|p1a: Umbreon|Protect|p1a: Umbreon\n|-singleturn|p1a: Umbreon|Protect\n|move|p2a: Altaria|Dragon Dance|p2a: Altaria\n|-boost|p2a: Altaria|atk|1\n|-boost|p2a: Altaria|spe|1\n|\n|-damage|p2a: Altaria|82/100 tox|[from] psn\n|upkeep\n|turn|10\n|\n|t:|1776465921\n|switch|p1a: Vaporeon|Vaporeon, L50, M|100/100\n|move|p2a: Altaria|Body Slam|p1a: Vaporeon\n|-damage|p1a: Vaporeon|19/100\n|-enditem|p1a: Vaporeon|Sitrus Berry|[eat]\n|-heal|p1a: Vaporeon|44/100|[from] item: Sitrus Berry\n|\n|-damage|p2a: Altaria|64/100 tox|[from] psn\n|upkeep\n|turn|11\n|\n|t:|1776465930\n|move|p2a: Altaria|Body Slam|p1a: Vaporeon\n|-damage|p1a: Vaporeon|0 fnt\n|faint|p1a: Vaporeon\n|\n|-damage|p2a: Altaria|40/100 tox|[from] psn\n|upkeep\n|\n|t:|1776465932\n|switch|p1a: Sylveon|Sylveon, L50, F|100/100\n|turn|12\n|\n|t:|1776465939\n|move|p2a: Altaria|Body Slam|p1a: Sylveon\n|-damage|p1a: Sylveon|26/100\n|move|p1a: Sylveon|Wish|p1a: Sylveon\n|\n|-heal|p1a: Sylveon|32/100|[from] item: Leftovers\n|-damage|p2a: Altaria|10/100 tox|[from] psn\n|upkeep\n|turn|13\n|n|!mcconkey|mcconkey\n|\n|t:|1776465959\n|move|p1a: Sylveon|Detect|p1a: Sylveon\n|-singleturn|p1a: Sylveon|Protect\n|move|p2a: Altaria|Body Slam|p1a: Sylveon\n|-activate|p1a: Sylveon|move: Protect\n|\n|-heal|p1a: Sylveon|82/100|[from] move: Wish|[wisher] Sylveon\n|-heal|p1a: Sylveon|88/100|[from] item: Leftovers\n|-damage|p2a: Altaria|0 fnt|[from] psn\n|faint|p2a: Altaria\n|upkeep\n|-message|mcconkey forfeited.\n|\n|win|ToiletClogger456\n",
  "uploadtime": 1776465949,
  "views": 3,
  "formatid": "gen9championsbssregma",
  "rating": null,
  "private": 0,
  "password": null
}