{
  "id": "gen9championsbssregma-2584290099",
  "format": "[Gen 9 Champions] BSS Reg M-A",
  "players": [
    "Oshawottpoke",
    "karbain"
  ],
  "log": "|j|\u2606Oshawottpoke\n|j|\u2606karbain\n|t:|1776247655\n|gametype|singles\n|player|p1|Oshawottpoke|2|1343\n|player|p2|karbain|2|1421\n|gen|9\n|tier|[Gen 9 Champions] BSS Reg M-A\n|rated|\n|rule|Species Clause: Limit one of each Pok\u00e9mon\n|rule|Item Clause: Limit 1 of each item\n|clearpoke\n|poke|p1|Floette-Eternal, L50, F|\n|poke|p1|Aegislash, L50, M|\n|poke|p1|Garchomp, L50, M|\n|poke|p1|Vaporeon, L50, M|\n|poke|p1|Dragonite, L50, M|\n|poke|p1|Kingambit, L50, M|\n|poke|p2|Charizard, L50, F|\n|poke|p2|Greninja-*, L50, F|\n|poke|p2|Gengar, L50, F|\n|poke|p2|Mimikyu, L50, F|\n|poke|p2|Meowscarada, L50, F|\n|poke|p2|Empoleon, L50, F|\n|teampreview|3\n|j| p74\n|inactive|Battle timer is ON: inactive players will automatically lose when time's up. (requested by karbain)\n|inactive|Oshawottpoke has 60 seconds left.\n|\n|t:|1776247773\n|teamsize|p1|3\n|teamsize|p2|3\n|start\n|switch|p1a: Vaporeon|Vaporeon, L50, M|100/100\n|switch|p2a: Greninja|Greninja, L50, F|100/100\n|turn|1\n|\n|t:|1776247781\n|switch|p2a: Meowscarada|Meowscarada, L50, F|100/100\n|move|p1a: Vaporeon|Protect||[still]\n|-fail|p1a: Vaporeon\n|\n|upkeep\n|turn|2\n|\n|t:|1776247789\n|move|p1a: Vaporeon|Protect|p1a: Vaporeon\n|-singleturn|p1a: Vaporeon|Protect\n|move|p2a: Meowscarada|U-turn|p1a: Vaporeon\n|-start|p2a: Meowscarada|typechange|Bug|[from] ability: Protean\n|-activate|p1a: Vaporeon|move: Protect\n|\n|upkeep\n|turn|3\n|inactive|Oshawottpoke has 30 seconds left.\n|\n|t:|1776247819\n|move|p2a: Meowscarada|U-turn|p1a: Vaporeon\n|-damage|p1a: Vaporeon|75/100\n|\n|t:|1776247821\n|switch|p2a: Greninja|Greninja, L50, F|100/100|[from] U-turn\n|move|p1a: Vaporeon|Flip Turn|p2a: Greninja\n|-resisted|p2a: Greninja|1\n|-damage|p2a: Greninja|88/100\n|\n|t:|1776247828\n|switch|p1a: Kingambit|Kingambit, L50, M|100/100|[from] Flip Turn\n|\n|upkeep\n|turn|4\n|\n|t:|1776247833\n|move|p2a: Greninja|Surf|p1a: Kingambit\n|-damage|p1a: Kingambit|56/100\n|move|p1a: Kingambit|Kowtow Cleave|p2a: Greninja\n|-resisted|p2a: Greninja|1\n|-damage|p2a: Greninja|43/100\n|\n|upkeep\n|turn|5\n|\n|t:|1776247844\n|-end|p1a: Kingambit|fallenundefined|[silent]\n|switch|p1a: Vaporeon|Vaporeon, L50, M|75/100\n|move|p2a: Greninja|Surf|p1a: Vaporeon\n|-heal|p1a: Vaporeon|99/100|[from] ability: Water Absorb|[of] p2a: Greninja\n|\n|-heal|p1a: Vaporeon|100/100|[from] item: Leftovers\n|upkeep\n|turn|6\n|inactive|Oshawottpoke has 30 seconds left.\n|\n|t:|1776247874\n|switch|p2a: Meowscarada|Meowscarada, L50, F|100/100\n|move|p1a: Vaporeon|Yawn|p2a: Meowscarada\n|-start|p2a: Meowscarada|move: Yawn|[of] p1a: Vaporeon\n|\n|upkeep\n|turn|7\n|\n|t:|1776247883\n|switch|p2a: Charizard|Charizard, L50, F|100/100\n|move|p1a: Vaporeon|Protect||[still]\n|-fail|p1a: Vaporeon\n|\n|upkeep\n|turn|8\n|\n|t:|1776247898\n|detailschange|p2a: Charizard|Charizard-Mega-X, L50, F\n|-mega|p2a: Charizard|Charizard|Charizardite X\n|move|p1a: Vaporeon|Protect|p1a: Vaporeon\n|-singleturn|p1a: Vaporeon|Protect\n|move|p2a: Charizard|Swords Dance|p2a: Charizard\n|-boost|p2a: Charizard|atk|2\n|\n|upkeep\n|turn|9\n|\n|t:|1776247906\n|move|p2a: Charizard|Outrage|p1a: Vaporeon\n|-damage|p1a: Vaporeon|0 fnt\n|faint|p1a: Vaporeon\n|\n|upkeep\n|-message|Oshawottpoke forfeited.\n|\n|win|karbain\n|raw|Oshawottpoke's rating: 1343 &rarr; <strong>1327</strong><br />(-16 for losing)\n|raw|karbain's rating: 1421 &rarr; <strong>1437</strong><br />(+16 for winning)\n|l|\u2606Oshawottpoke\n|player|p1|\n|l|\u2606karbain\n|player|p2|\n",
  "uploadtime": 1776247924,
  "views": 11,
  "formatid": "gen9championsbssregma",
  "rating": 1327,
  "private": 0,
  "password": null
}