{
  "id": "gen9championsbssregma-2583290844",
  "format": "[Gen 9 Champions] BSS Reg M-A",
  "players": [
    "Xx_entropia_xX",
    "fletchyfletchy"
  ],
  "log": "|j|\u2606Xx_entropia_xX\n|j|\u2606fletchyfletchy\n|t:|1776163730\n|gametype|singles\n|player|p1|Xx_entropia_xX|266|1000\n|player|p2|fletchyfletchy|liko|1091\n|gen|9\n|tier|[Gen 9 Champions] BSS Reg M-A\n|rated|\n|rule|Species Clause: Limit one of each Pok\u00e9mon\n|rule|Item Clause: Limit 1 of each item\n|clearpoke\n|poke|p1|Chandelure, L50, M|\n|poke|p1|Meowscarada, L50, F|\n|poke|p1|Sinistcha, L50|\n|poke|p1|Lycanroc-Midnight, L50, F|\n|poke|p1|Orthworm, L50, M|\n|poke|p1|Sylveon, L50, M|\n|poke|p2|Lucario, L50, M|\n|poke|p2|Basculegion, L50, M|\n|poke|p2|Meowscarada, L50, M|\n|poke|p2|Aegislash, L50, F|\n|poke|p2|Charizard, L50, M|\n|poke|p2|Ninetales-Alola, L50, M|\n|teampreview|3\n|inactive|Battle timer is ON: inactive players will automatically lose when time's up. (requested by fletchyfletchy)\n|\n|t:|1776163759\n|teamsize|p1|3\n|teamsize|p2|3\n|start\n|switch|p1a: Sufrigato|Meowscarada, L50, F|100/100\n|switch|p2a: Basculegion|Basculegion, L50, M|100/100\n|turn|1\n|inactive|fletchyfletchy has 30 seconds left.\n|inactive|fletchyfletchy has 20 seconds left.\n|\n|t:|1776163798\n|move|p2a: Basculegion|Flip Turn|p1a: Sufrigato\n|-resisted|p1a: Sufrigato|1\n|-damage|p1a: Sufrigato|73/100\n|\n|t:|1776163810\n|switch|p2a: Aegislash|Aegislash, L50, F|100/100|[from] Flip Turn\n|move|p1a: Sufrigato|Knock Off|p2a: Aegislash\n|-supereffective|p2a: Aegislash|1\n|-damage|p2a: Aegislash|36/100\n|-enditem|p2a: Aegislash|Leftovers|[from] move: Knock Off|[of] p1a: Sufrigato\n|\n|upkeep\n|turn|2\n|\n|t:|1776163827\n|switch|p1a: Candelabro|Chandelure, L50, M|100/100\n|move|p2a: Aegislash|King's Shield||[still]\n|-fail|p2a: Aegislash\n|\n|upkeep\n|turn|3\n|\n|t:|1776163840\n|detailschange|p1a: Candelabro|Chandelure-Mega, L50, M\n|-mega|p1a: Candelabro|Chandelure|Chandelurite\n|move|p1a: Candelabro|Shadow Ball|p2a: Aegislash\n|-supereffective|p2a: Aegislash|1\n|-damage|p2a: Aegislash|0 fnt\n|faint|p2a: Aegislash\n|\n|upkeep\n|\n|t:|1776163845\n|switch|p2a: Basculegion|Basculegion, L50, M|100/100\n|turn|4\n|\n|t:|1776163849\n|move|p2a: Basculegion|Last Respects|p1a: Candelabro\n|-supereffective|p1a: Candelabro|1\n|-damage|p1a: Candelabro|0 fnt\n|faint|p1a: Candelabro\n|\n|upkeep\n|\n|t:|1776163854\n|switch|p1a: Sufrigato|Meowscarada, L50, F|73/100\n|turn|5\n|\n|t:|1776163865\n|switch|p2a: Meowscarada|Meowscarada, L50, M|100/100\n|move|p1a: Sufrigato|Knock Off|p2a: Meowscarada\n|-resisted|p2a: Meowscarada|1\n|-damage|p2a: Meowscarada|71/100\n|-enditem|p2a: Meowscarada|Focus Sash|[from] move: Knock Off|[of] p1a: Sufrigato\n|\n|upkeep\n|turn|6\n|\n|t:|1776163873\n|move|p1a: Sufrigato|Protect|p1a: Sufrigato\n|-singleturn|p1a: Sufrigato|Protect\n|move|p2a: Meowscarada|U-turn|p1a: Sufrigato\n|-start|p2a: Meowscarada|typechange|Bug|[from] ability: Protean\n|-activate|p1a: Sufrigato|move: Protect\n|\n|upkeep\n|turn|7\n|\n|t:|1776163888\n|move|p2a: Meowscarada|U-turn|p1a: Sufrigato\n|-supereffective|p1a: Sufrigato|2\n|-damage|p1a: Sufrigato|0 fnt\n|faint|p1a: Sufrigato\n|\n|t:|1776163890\n|switch|p2a: Basculegion|Basculegion, L50, M|100/100|[from] U-turn\n|\n|upkeep\n|\n|t:|1776163894\n|switch|p1a: taza toca cojones|Sinistcha, L50|100/100\n|turn|8\n|\n|t:|1776163900\n|switch|p2a: Meowscarada|Meowscarada, L50, M|71/100\n|move|p1a: taza toca cojones|Matcha Gotcha|p2a: Meowscarada|[miss]\n|-miss|p1a: taza toca cojones|p2a: Meowscarada\n|\n|upkeep\n|turn|9\n|\n|t:|1776163910\n|move|p2a: Meowscarada|Knock Off|p1a: taza toca cojones\n|-start|p2a: Meowscarada|typechange|Dark|[from] ability: Protean\n|-supereffective|p1a: taza toca cojones|1\n|-damage|p1a: taza toca cojones|2/100\n|-enditem|p1a: taza toca cojones|Leftovers|[from] move: Knock Off|[of] p2a: Meowscarada\n|move|p1a: taza toca cojones|Matcha Gotcha|p2a: Meowscarada\n|-damage|p2a: Meowscarada|21/100\n|-heal|p1a: taza toca cojones|28/100|[from] drain|[of] p2a: Meowscarada\n|\n|upkeep\n|turn|10\n|\n|t:|1776163921\n|move|p2a: Meowscarada|Knock Off|p1a: taza toca cojones\n|-supereffective|p1a: taza toca cojones|1\n|-crit|p1a: taza toca cojones\n|-damage|p1a: taza toca cojones|0 fnt\n|faint|p1a: taza toca cojones\n|\n|win|fletchyfletchy\n|raw|Xx_entropia_xX's rating: 1000 &rarr; <strong>1000</strong><br />(+0 for losing)\n|raw|fletchyfletchy's rating: 1091 &rarr; <strong>1111</strong><br />(+20 for winning)\n",
  "uploadtime": 1776163921,
  "views": 2,
  "formatid": "gen9championsbssregma",
  "rating": 1000,
  "private": 0,
  "password": null
}