{
  "id": "gen9championsbssregma-2587081286",
  "format": "[Gen 9 Champions] BSS Reg M-A",
  "players": [
    "aspirin-sali",
    "goomba number two"
  ],
  "log": "|j|\u2606aspirin-sali\n|j|\u2606goomba number two\n|t:|1776490799\n|gametype|singles\n|player|p1|aspirin-sali|tuberf|1314\n|player|p2|goomba number two|barry|1292\n|gen|9\n|tier|[Gen 9 Champions] BSS Reg M-A\n|rated|\n|rule|Species Clause: Limit one of each Pok\u00e9mon\n|rule|Item Clause: Limit 1 of each item\n|clearpoke\n|poke|p1|Charizard, L50, F|\n|poke|p1|Sylveon, L50, F|\n|poke|p1|Greninja, L50, F|\n|poke|p1|Garchomp, L50, F|\n|poke|p1|Kingambit, L50, F|\n|poke|p1|Chesnaught, L50, M|\n|poke|p2|Vaporeon, L50, M|\n|poke|p2|Jolteon, L50, F|\n|poke|p2|Flareon, L50, M|\n|poke|p2|Espeon, L50, M|\n|poke|p2|Umbreon, L50, F|\n|poke|p2|Sylveon, L50, F|\n|teampreview|3\n|inactive|Battle timer is ON: inactive players will automatically lose when time's up. (requested by goomba number two)\n|j| I love womennn\n|inactive|aspirin-sali has 60 seconds left.\n|c| I love womennn|where's number 1?\n|c| I love womennn|the superior gumba\n|c|\u2606goomba number two|that is also my account\n|inactive|aspirin-sali has 30 seconds left.\n|inactive|aspirin-sali has 20 seconds left.\n|\n|t:|1776490925\n|teamsize|p1|3\n|teamsize|p2|3\n|start\n|switch|p1a: Charizard|Charizard, L50, F|100/100\n|switch|p2a: Umbreon|Umbreon, L50, F|100/100\n|turn|1\n|c| I love womennn|lies\n|\n|t:|1776490932\n|detailschange|p1a: Charizard|Charizard-Mega-Y, L50, F\n|-mega|p1a: Charizard|Charizard|Charizardite Y\n|-weather|SunnyDay|[from] ability: Drought|[of] p1a: Charizard\n|move|p2a: Umbreon|Protect|p2a: Umbreon\n|-singleturn|p2a: Umbreon|Protect\n|move|p1a: Charizard|Weather Ball|p2a: Umbreon\n|-activate|p2a: Umbreon|move: Protect\n|\n|-weather|SunnyDay|[upkeep]\n|upkeep\n|turn|2\n|c|\u2606goomba number two|its true\n|\n|t:|1776490943\n|switch|p2a: Flareon|Flareon, L50, M|100/100\n|move|p1a: Charizard|Overheat|p2a: Flareon\n|-start|p2a: Flareon|ability: Flash Fire\n|\n|-weather|SunnyDay|[upkeep]\n|upkeep\n|turn|3\n|\n|t:|1776490964\n|switch|p1a: Garchomp|Garchomp, L50, F|100/100\n|move|p2a: Flareon|Flare Blitz|p1a: Garchomp\n|-resisted|p1a: Garchomp|1\n|-crit|p1a: Garchomp\n|-damage|p1a: Garchomp|0 fnt\n|-damage|p2a: Flareon|88/100|[from] ability: Rough Skin|[of] p1a: Garchomp\n|faint|p1a: Garchomp\n|-damage|p2a: Flareon|53/100|[from] Recoil\n|\n|-weather|SunnyDay|[upkeep]\n|upkeep\n|c|\u2606aspirin-sali|\ud83d\ude2d\n|c|\u2606goomba number two|good work flareon\n|inactive|aspirin-sali has 30 seconds left.\n|\n|t:|1776490989\n|switch|p1a: Sylveon|Sylveon, L50, F|100/100\n|turn|4\n|\n|t:|1776490996\n|move|p1a: Sylveon|Protect|p1a: Sylveon\n|-singleturn|p1a: Sylveon|Protect\n|move|p2a: Flareon|Wish|p2a: Flareon\n|\n|-weather|SunnyDay|[upkeep]\n|upkeep\n|turn|5\n|c| I love womennn|goomba no.1 would have finished this whole fight alrdy\n|\n|t:|1776491005\n|move|p1a: Sylveon|Protect|p1a: Sylveon\n|-singleturn|p1a: Sylveon|Protect\n|move|p2a: Flareon|Yawn|p1a: Sylveon\n|-activate|p1a: Sylveon|move: Protect\n|\n|-weather|none\n|-heal|p2a: Flareon|100/100|[from] move: Wish|[wisher] Flareon\n|upkeep\n|turn|6\n|c|\u2606goomba number two|no\n|\n|t:|1776491022\n|move|p2a: Flareon|Flare Blitz|p1a: Sylveon\n|-damage|p1a: Sylveon|16/100\n|-damage|p2a: Flareon|68/100|[from] Recoil\n|move|p1a: Sylveon|Yawn|p2a: Flareon\n|-start|p2a: Flareon|move: Yawn|[of] p1a: Sylveon\n|\n|-heal|p1a: Sylveon|22/100|[from] item: Leftovers\n|upkeep\n|turn|7\n|c|\u2606goomba number two|he wouldnt have crit their garchomp\n|\n|t:|1776491031\n|move|p2a: Flareon|Wish|p2a: Flareon\n|move|p1a: Sylveon|Yawn||[still]\n|-fail|p1a: Sylveon\n|\n|-heal|p1a: Sylveon|28/100|[from] item: Leftovers\n|-end|p2a: Flareon|move: Yawn|[silent]\n|-status|p2a: Flareon|slp\n|upkeep\n|turn|8\n|\n|t:|1776491044\n|cant|p2a: Flareon|slp\n|move|p1a: Sylveon|Calm Mind|p1a: Sylveon\n|-boost|p1a: Sylveon|spa|1\n|-boost|p1a: Sylveon|spd|1\n|\n|-heal|p2a: Flareon|100/100 slp|[from] move: Wish|[wisher] Flareon\n|-heal|p1a: Sylveon|34/100|[from] item: Leftovers\n|upkeep\n|turn|9\n|\n|t:|1776491050\n|cant|p2a: Flareon|slp\n|move|p1a: Sylveon|Hyper Voice|p2a: Flareon\n|-resisted|p2a: Flareon|1\n|-damage|p2a: Flareon|81/100 slp\n|\n|-heal|p1a: Sylveon|40/100|[from] item: Leftovers\n|upkeep\n|turn|10\n|\n|t:|1776491054\n|-curestatus|p2a: Flareon|slp|[msg]\n|move|p2a: Flareon|Yawn|p1a: Sylveon\n|-start|p1a: Sylveon|move: Yawn|[of] p2a: Flareon\n|move|p1a: Sylveon|Hyper Voice|p2a: Flareon\n|-resisted|p2a: Flareon|1\n|-damage|p2a: Flareon|60/100\n|\n|-heal|p1a: Sylveon|46/100|[from] item: Leftovers\n|upkeep\n|turn|11\n|\n|t:|1776491063\n|move|p2a: Flareon|Detect|p2a: Flareon\n|-singleturn|p2a: Flareon|Protect\n|move|p1a: Sylveon|Yawn|p2a: Flareon\n|-activate|p2a: Flareon|move: Protect\n|\n|-heal|p1a: Sylveon|51/100|[from] item: Leftovers\n|-end|p1a: Sylveon|move: Yawn|[silent]\n|-status|p1a: Sylveon|slp\n|upkeep\n|turn|12\n|-message|aspirin-sali forfeited.\n|\n|win|goomba number two\n|raw|aspirin-sali's rating: 1314 &rarr; <strong>1293</strong><br />(-21 for losing)\n|raw|goomba number two's rating: 1292 &rarr; <strong>1319</strong><br />(+27 for winning)\n|c| I love womennn|nah he would have crit 10 times in a row\n|c|\u2606goomba number two|big if true\n|c| I love womennn|it's true\n|c|\u2606goomba number two|ok i must go\n|c|\u2606goomba number two|goodbye women lover\n",
  "uploadtime": 1776491162,
  "views": 3,
  "formatid": "gen9championsbssregma",
  "rating": 1293,
  "private": 0,
  "password": null
}