{
  "id": "gen9championsbssregma-2582286224",
  "format": "[Gen 9 Champions] BSS Reg M-A",
  "players": [
    "egjp",
    "totg.soka"
  ],
  "log": "|j|\u2606egjp\n|j|\u2606totg.soka\n|t:|1776079885\n|gametype|singles\n|player|p1|egjp|marley|1368\n|player|p2|totg.soka|collector|1283\n|gen|9\n|tier|[Gen 9 Champions] BSS Reg M-A\n|rated|\n|rule|Species Clause: Limit one of each Pok\u00e9mon\n|rule|Item Clause: Limit 1 of each item\n|clearpoke\n|poke|p1|Garchomp, L50, F|\n|poke|p1|Umbreon, L50, F|\n|poke|p1|Gengar, L50, F|\n|poke|p1|Hydreigon, L50, M|\n|poke|p1|Toxapex, L50, M|\n|poke|p1|Diggersby, L50, F|\n|poke|p2|Lopunny, L50, F|\n|poke|p2|Meganium, L50, M|\n|poke|p2|Garchomp, L50, F|\n|poke|p2|Kleavor, L50, M|\n|poke|p2|Aegislash, L50, F|\n|poke|p2|Dragonite, L50, M|\n|teampreview|3\n|j| Champoins123\n|\n|t:|1776079915\n|teamsize|p1|3\n|teamsize|p2|3\n|start\n|switch|p1a: Gengar|Gengar, L50, F|100/100\n|switch|p2a: Kleavor|Kleavor, L50, M|100/100\n|turn|1\n|\n|t:|1776079923\n|detailschange|p1a: Gengar|Gengar-Mega, L50, F\n|-mega|p1a: Gengar|Gengar|Gengarite\n|move|p1a: Gengar|Protect|p1a: Gengar\n|-singleturn|p1a: Gengar|Protect\n|move|p2a: Kleavor|Stone Axe|p1a: Gengar\n|-activate|p1a: Gengar|move: Protect\n|\n|upkeep\n|turn|2\n|\n|t:|1776079962\n|move|p1a: Gengar|Thunderbolt|p2a: Kleavor\n|-damage|p2a: Kleavor|38/100\n|move|p2a: Kleavor|X-Scissor|p1a: Gengar\n|-resisted|p1a: Gengar|2\n|-damage|p1a: Gengar|80/100\n|\n|upkeep\n|turn|3\n|inactive|Battle timer is ON: inactive players will automatically lose when time's up. (requested by totg.soka)\n|\n|t:|1776079970\n|move|p1a: Gengar|Shadow Ball|p2a: Kleavor\n|-damage|p2a: Kleavor|0 fnt\n|faint|p2a: Kleavor\n|\n|upkeep\n|\n|t:|1776079973\n|switch|p2a: Garchomp|Garchomp, L50, F|100/100\n|turn|4\n|\n|t:|1776079980\n|switch|p1a: Umbreon|Umbreon, L50, F|100/100\n|move|p2a: Garchomp|Earthquake|p1a: Umbreon\n|-damage|p1a: Umbreon|68/100\n|\n|-heal|p1a: Umbreon|74/100|[from] item: Leftovers\n|upkeep\n|turn|5\n|\n|t:|1776079991\n|switch|p2a: Meganium|Meganium, L50, M|100/100\n|move|p1a: Umbreon|Yawn|p2a: Meganium\n|-start|p2a: Meganium|move: Yawn|[of] p1a: Umbreon\n|\n|-heal|p1a: Umbreon|80/100|[from] item: Leftovers\n|upkeep\n|turn|6\n|j| p74\n|\n|t:|1776080006\n|switch|p2a: Garchomp|Garchomp, L50, F|100/100\n|move|p1a: Umbreon|Yawn|p2a: Garchomp\n|-start|p2a: Garchomp|move: Yawn|[of] p1a: Umbreon\n|\n|-heal|p1a: Umbreon|86/100|[from] item: Leftovers\n|upkeep\n|turn|7\n|\n|t:|1776080018\n|switch|p2a: Meganium|Meganium, L50, M|100/100\n|move|p1a: Umbreon|Wish|p1a: Umbreon\n|\n|-heal|p1a: Umbreon|92/100|[from] item: Leftovers\n|upkeep\n|turn|8\n|\n|t:|1776080023\n|detailschange|p2a: Meganium|Meganium-Mega, L50, M\n|-mega|p2a: Meganium|Meganium|Meganiumite\n|move|p2a: Meganium|Dazzling Gleam|p1a: Umbreon\n|-supereffective|p1a: Umbreon|1\n|-damage|p1a: Umbreon|16/100\n|move|p1a: Umbreon|Yawn|p2a: Meganium\n|-start|p2a: Meganium|move: Yawn|[of] p1a: Umbreon\n|\n|-heal|p1a: Umbreon|66/100|[from] move: Wish|[wisher] Umbreon\n|-heal|p1a: Umbreon|72/100|[from] item: Leftovers\n|upkeep\n|turn|9\n|\n|t:|1776080045\n|switch|p2a: Garchomp|Garchomp, L50, F|100/100\n|move|p1a: Umbreon|Protect||[still]\n|-fail|p1a: Umbreon\n|\n|-heal|p1a: Umbreon|78/100|[from] item: Leftovers\n|upkeep\n|turn|10\n|\n|t:|1776080068\n|switch|p2a: Meganium|Meganium-Mega, L50, M|100/100\n|move|p1a: Umbreon|Yawn|p2a: Meganium\n|-start|p2a: Meganium|move: Yawn|[of] p1a: Umbreon\n|\n|-heal|p1a: Umbreon|84/100|[from] item: Leftovers\n|upkeep\n|turn|11\n|inactive|egjp has 30 seconds left.\n|\n|t:|1776080095\n|switch|p2a: Garchomp|Garchomp, L50, F|100/100\n|move|p1a: Umbreon|Yawn|p2a: Garchomp\n|-start|p2a: Garchomp|move: Yawn|[of] p1a: Umbreon\n|\n|-heal|p1a: Umbreon|90/100|[from] item: Leftovers\n|upkeep\n|turn|12\n|\n|t:|1776080109\n|switch|p2a: Meganium|Meganium-Mega, L50, M|100/100\n|switch|p1a: Toxapex|Toxapex, L50, M|100/100\n|\n|upkeep\n|turn|13\n|\n|t:|1776080119\n|move|p2a: Meganium|Solar Beam||[still]\n|-prepare|p2a: Meganium|Solar Beam\n|-activate|p2a: Meganium|ability: Mega Sol\n|-anim|p2a: Meganium|Solar Beam|p1a: Toxapex\n|-damage|p1a: Toxapex|43/100\n|move|p1a: Toxapex|Toxic|p2a: Meganium\n|-status|p2a: Meganium|tox\n|\n|-damage|p2a: Meganium|94/100 tox|[from] psn\n|upkeep\n|turn|14\n|\n|t:|1776080127\n|switch|p2a: Garchomp|Garchomp, L50, F|100/100\n|move|p1a: Toxapex|Recover|p1a: Toxapex\n|-heal|p1a: Toxapex|93/100\n|\n|upkeep\n|turn|15\n|\n|t:|1776080141\n|move|p2a: Garchomp|Earthquake|p1a: Toxapex\n|-supereffective|p1a: Toxapex|1\n|-damage|p1a: Toxapex|30/100\n|move|p1a: Toxapex|Toxic|p2a: Garchomp\n|-status|p2a: Garchomp|tox\n|\n|-damage|p2a: Garchomp|94/100 tox|[from] psn\n|upkeep\n|turn|16\n|\n|t:|1776080150\n|switch|p1a: Umbreon|Umbreon, L50, F|90/100\n|move|p2a: Garchomp|Earthquake|p1a: Umbreon\n|-damage|p1a: Umbreon|58/100\n|\n|-heal|p1a: Umbreon|64/100|[from] item: Leftovers\n|-damage|p2a: Garchomp|82/100 tox|[from] psn\n|upkeep\n|turn|17\n|-message|totg.soka forfeited.\n|\n|win|egjp\n|raw|egjp's rating: 1368 &rarr; <strong>1383</strong><br />(+15 for winning)\n|raw|totg.soka's rating: 1283 &rarr; <strong>1264</strong><br />(-19 for losing)\n|l|\u2606totg.soka\n|player|p2|\n|l|\u2606egjp\n|player|p1|\n|l| Champoins123\n",
  "uploadtime": 1776080552,
  "views": 17,
  "formatid": "gen9championsbssregma",
  "rating": 1264,
  "private": 0,
  "password": null
}