{
  "id": "gen9championsbssregma-2586136141",
  "format": "[Gen 9 Champions] BSS Reg M-A",
  "players": [
    "fwegerigjr",
    "Crit Happens1"
  ],
  "log": "|j|\u2606fwegerigjr\n|j|\u2606Crit Happens1\n|t:|1776403482\n|gametype|singles\n|player|p1|fwegerigjr|102|1146\n|player|p2|Crit Happens1|pokemaniac|1176\n|gen|9\n|tier|[Gen 9 Champions] BSS Reg M-A\n|rated|\n|rule|Species Clause: Limit one of each Pok\u00e9mon\n|rule|Item Clause: Limit 1 of each item\n|clearpoke\n|poke|p1|Salazzle, L50, F|\n|poke|p1|Glimmora, L50, M|\n|poke|p1|Sharpedo, L50, M|\n|poke|p1|Abomasnow, L50, M|\n|poke|p1|Altaria, L50, M|\n|poke|p1|Araquanid, L50, F|\n|poke|p2|Victreebel, L50, M|\n|poke|p2|Primarina, L50, F|\n|poke|p2|Garchomp, L50, M|\n|poke|p2|Aegislash, L50, M|\n|poke|p2|Clefable, L50, F|\n|poke|p2|Delphox, L50, F|\n|teampreview|3\n|\n|t:|1776403533\n|teamsize|p1|3\n|teamsize|p2|3\n|start\n|switch|p1a: Salazzle|Salazzle, L50, F|100/100\n|switch|p2a: Aegislash|Aegislash, L50, M|100/100\n|turn|1\n|\n|t:|1776403541\n|move|p1a: Salazzle|Toxic|p2a: Aegislash\n|-status|p2a: Aegislash|tox\n|-formechange|p2a: Aegislash|Aegislash-Blade|\n|move|p2a: Aegislash|Poltergeist|p1a: Salazzle\n|-activate|p1a: Salazzle|move: Poltergeist|Focus Sash\n|-damage|p1a: Salazzle|7/100\n|\n|-damage|p2a: Aegislash|95/100 tox|[from] psn\n|upkeep\n|turn|2\n|\n|t:|1776403545\n|move|p1a: Salazzle|Protect|p1a: Salazzle\n|-singleturn|p1a: Salazzle|Protect\n|move|p2a: Aegislash|Shadow Sneak|p1a: Salazzle\n|-activate|p1a: Salazzle|move: Protect\n|\n|-damage|p2a: Aegislash|83/100 tox|[from] psn\n|upkeep\n|turn|3\n|\n|t:|1776403552\n|switch|p1a: Glimmora|Glimmora, L50, M|100/100\n|move|p2a: Aegislash|Shadow Sneak|p1a: Glimmora\n|-damage|p1a: Glimmora|84/100\n|-activate|p1a: Glimmora|ability: Toxic Debris\n|-sidestart|p2: Crit Happens1|move: Toxic Spikes\n|\n|-damage|p2a: Aegislash|65/100 tox|[from] psn\n|upkeep\n|turn|4\n|\n|t:|1776403564\n|move|p1a: Glimmora|Protect|p1a: Glimmora\n|-singleturn|p1a: Glimmora|Protect\n|move|p2a: Aegislash|Poltergeist|p1a: Glimmora\n|-activate|p1a: Glimmora|move: Protect\n|\n|-damage|p2a: Aegislash|42/100 tox|[from] psn\n|upkeep\n|turn|5\n|\n|t:|1776403569\n|move|p2a: Aegislash|Poltergeist|p1a: Glimmora\n|-activate|p1a: Glimmora|move: Poltergeist|Mental Herb\n|-damage|p1a: Glimmora|34/100\n|-activate|p1a: Glimmora|ability: Toxic Debris\n|-sidestart|p2: Crit Happens1|move: Toxic Spikes\n|move|p1a: Glimmora|Stealth Rock|p2a: Aegislash\n|-sidestart|p2: Crit Happens1|move: Stealth Rock\n|\n|-damage|p2a: Aegislash|13/100 tox|[from] psn\n|upkeep\n|turn|6\n|\n|t:|1776403581\n|move|p1a: Glimmora|Protect|p1a: Glimmora\n|-singleturn|p1a: Glimmora|Protect\n|move|p2a: Aegislash|Poltergeist|p1a: Glimmora\n|-activate|p1a: Glimmora|move: Protect\n|\n|-damage|p2a: Aegislash|0 fnt|[from] psn\n|faint|p2a: Aegislash\n|upkeep\n|\n|t:|1776403587\n|switch|p2a: Delphox|Delphox, L50, F, shiny|100/100\n|-status|p2a: Delphox|tox\n|-damage|p2a: Delphox|75/100 tox|[from] Stealth Rock\n|turn|7\n|\n|t:|1776403600\n|detailschange|p2a: Delphox|Delphox-Mega, L50, F, shiny\n|-mega|p2a: Delphox|Delphox|Delphoxite\n|move|p1a: Glimmora|Protect|p1a: Glimmora\n|-singleturn|p1a: Glimmora|Protect\n|move|p2a: Delphox|Will-O-Wisp|p1a: Glimmora\n|-activate|p1a: Glimmora|move: Protect\n|\n|-damage|p2a: Delphox|70/100 tox|[from] psn\n|upkeep\n|turn|8\n|\n|t:|1776403606\n|move|p1a: Glimmora|Protect||[still]\n|-fail|p1a: Glimmora\n|move|p2a: Delphox|Psychic|p1a: Glimmora\n|-supereffective|p1a: Glimmora|1\n|-damage|p1a: Glimmora|0 fnt\n|faint|p1a: Glimmora\n|\n|-damage|p2a: Delphox|58/100 tox|[from] psn\n|upkeep\n|\n|t:|1776403609\n|switch|p1a: Salazzle|Salazzle, L50, F|7/100\n|turn|9\n|\n|t:|1776403615\n|move|p1a: Salazzle|Protect|p1a: Salazzle\n|-singleturn|p1a: Salazzle|Protect\n|move|p2a: Delphox|Psychic|p1a: Salazzle\n|-activate|p1a: Salazzle|move: Protect\n|\n|-damage|p2a: Delphox|40/100 tox|[from] psn\n|upkeep\n|turn|10\n|\n|t:|1776403618\n|move|p1a: Salazzle|Protect||[still]\n|-fail|p1a: Salazzle\n|move|p2a: Delphox|Psychic|p1a: Salazzle\n|-supereffective|p1a: Salazzle|1\n|-damage|p1a: Salazzle|0 fnt\n|faint|p1a: Salazzle\n|\n|-damage|p2a: Delphox|16/100 tox|[from] psn\n|upkeep\n|\n|t:|1776403620\n|switch|p1a: Sharpedo|Sharpedo, L50, M|100/100\n|turn|11\n|\n|t:|1776403624\n|move|p1a: Sharpedo|Aqua Jet|p2a: Delphox\n|-supereffective|p2a: Delphox|1\n|-damage|p2a: Delphox|0 fnt\n|faint|p2a: Delphox\n|\n|-ability|p1a: Sharpedo|Speed Boost|boost\n|-boost|p1a: Sharpedo|spe|1\n|upkeep\n|\n|t:|1776403627\n|switch|p2a: Clefable|Clefable, L50, F|100/100\n|-status|p2a: Clefable|tox\n|-damage|p2a: Clefable|88/100 tox|[from] Stealth Rock\n|turn|12\n|\n|t:|1776403632\n|move|p1a: Sharpedo|Substitute|p1a: Sharpedo\n|-start|p1a: Sharpedo|Substitute\n|-damage|p1a: Sharpedo|76/100\n|move|p2a: Clefable|Moonblast|p1a: Sharpedo\n|-supereffective|p1a: Sharpedo|1\n|-end|p1a: Sharpedo|Substitute\n|\n|-heal|p1a: Sharpedo|82/100|[from] item: Leftovers\n|-damage|p2a: Clefable|82/100 tox|[from] psn\n|-ability|p1a: Sharpedo|Speed Boost|boost\n|-boost|p1a: Sharpedo|spe|1\n|upkeep\n|turn|13\n|\n|t:|1776403640\n|move|p1a: Sharpedo|Protect|p1a: Sharpedo\n|-singleturn|p1a: Sharpedo|Protect\n|move|p2a: Clefable|Moonblast|p1a: Sharpedo\n|-activate|p1a: Sharpedo|move: Protect\n|\n|-heal|p1a: Sharpedo|88/100|[from] item: Leftovers\n|-damage|p2a: Clefable|70/100 tox|[from] psn\n|-ability|p1a: Sharpedo|Speed Boost|boost\n|-boost|p1a: Sharpedo|spe|1\n|upkeep\n|turn|14\n|\n|t:|1776403642\n|move|p1a: Sharpedo|Substitute|p1a: Sharpedo\n|-start|p1a: Sharpedo|Substitute\n|-damage|p1a: Sharpedo|63/100\n|move|p2a: Clefable|Moonblast|p1a: Sharpedo\n|-supereffective|p1a: Sharpedo|1\n|-end|p1a: Sharpedo|Substitute\n|\n|-heal|p1a: Sharpedo|69/100|[from] item: Leftovers\n|-damage|p2a: Clefable|52/100 tox|[from] psn\n|-ability|p1a: Sharpedo|Speed Boost|boost\n|-boost|p1a: Sharpedo|spe|1\n|upkeep\n|turn|15\n|\n|t:|1776403645\n|move|p1a: Sharpedo|Protect|p1a: Sharpedo\n|-singleturn|p1a: Sharpedo|Protect\n|move|p2a: Clefable|Moonblast|p1a: Sharpedo\n|-activate|p1a: Sharpedo|move: Protect\n|\n|-heal|p1a: Sharpedo|76/100|[from] item: Leftovers\n|-damage|p2a: Clefable|29/100 tox|[from] psn\n|-ability|p1a: Sharpedo|Speed Boost|boost\n|-boost|p1a: Sharpedo|spe|1\n|upkeep\n|turn|16\n|\n|t:|1776403648\n|move|p1a: Sharpedo|Substitute|p1a: Sharpedo\n|-start|p1a: Sharpedo|Substitute\n|-damage|p1a: Sharpedo|51/100\n|move|p2a: Clefable|Moonblast|p1a: Sharpedo\n|-supereffective|p1a: Sharpedo|1\n|-end|p1a: Sharpedo|Substitute\n|\n|-heal|p1a: Sharpedo|57/100|[from] item: Leftovers\n|-damage|p2a: Clefable|0 fnt|[from] psn\n|faint|p2a: Clefable\n|\n|win|fwegerigjr\n|raw|fwegerigjr's rating: 1146 &rarr; <strong>1173</strong><br />(+27 for winning)\n|raw|Crit Happens1's rating: 1176 &rarr; <strong>1149</strong><br />(-27 for losing)\n|l|\u2606Crit Happens1\n|player|p2|\n",
  "uploadtime": 1776403654,
  "views": 11,
  "formatid": "gen9championsbssregma",
  "rating": 1149,
  "private": 0,
  "password": null
}