{
  "id": "gen9championsbssregma-2588054053",
  "format": "[Gen 9 Champions] BSS Reg M-A",
  "players": [
    "sunshne",
    "qweralt"
  ],
  "log": "|j|\u2606sunshne\n|j|\u2606qweralt\n|t:|1776598648\n|gametype|singles\n|player|p1|sunshne|2|1156\n|player|p2|qweralt|boarder|1053\n|gen|9\n|tier|[Gen 9 Champions] BSS Reg M-A\n|rated|\n|rule|Species Clause: Limit one of each Pok\u00e9mon\n|rule|Item Clause: Limit 1 of each item\n|clearpoke\n|poke|p1|Froslass, L50, F, shiny|\n|poke|p1|Archaludon, L50, M|\n|poke|p1|Quaquaval, L50, M|\n|poke|p1|Garchomp, L50, F|\n|poke|p1|Kingambit, L50, F|\n|poke|p1|Tyranitar, L50, M|\n|poke|p2|Gengar, L50, F|\n|poke|p2|Vivillon, L50, F|\n|poke|p2|Hatterene, L50, F|\n|poke|p2|Weavile, L50, M|\n|poke|p2|Aerodactyl, L50, F|\n|poke|p2|Volcarona, L50, F|\n|teampreview|3\n|inactive|Battle timer is ON: inactive players will automatically lose when time's up. (requested by sunshne)\n|\n|t:|1776598704\n|teamsize|p1|3\n|teamsize|p2|3\n|start\n|switch|p1a: Archaludon|Archaludon, L50, M|100/100\n|switch|p2a: Gengar|Gengar, L50, F|100/100\n|turn|1\n|\n|t:|1776598714\n|detailschange|p2a: Gengar|Gengar-Mega, L50, F\n|-mega|p2a: Gengar|Gengar|Gengarite\n|move|p2a: Gengar|Substitute|p2a: Gengar\n|-start|p2a: Gengar|Substitute\n|-damage|p2a: Gengar|76/100\n|move|p1a: Archaludon|Thunder Wave||[still]\n|-fail|p1a: Archaludon\n|\n|upkeep\n|turn|2\n|\n|t:|1776598728\n|move|p2a: Gengar|Nasty Plot|p2a: Gengar\n|-boost|p2a: Gengar|spa|2\n|move|p1a: Archaludon|Flash Cannon|p2a: Gengar\n|-end|p2a: Gengar|Substitute\n|\n|upkeep\n|turn|3\n|\n|t:|1776598737\n|move|p2a: Gengar|Shadow Ball|p1a: Archaludon\n|-damage|p1a: Archaludon|0 fnt\n|faint|p1a: Archaludon\n|\n|upkeep\n|\n|t:|1776598744\n|switch|p1a: Kingambit|Kingambit, L50, F|100/100\n|turn|4\n|\n|t:|1776598750\n|move|p2a: Gengar|Shadow Ball|p1a: Kingambit\n|-resisted|p1a: Kingambit|1\n|-damage|p1a: Kingambit|54/100\n|move|p1a: Kingambit|Swords Dance|p1a: Kingambit\n|-boost|p1a: Kingambit|atk|2\n|\n|upkeep\n|turn|5\n|\n|t:|1776598756\n|move|p1a: Kingambit|Sucker Punch||[still]\n|-fail|p1a: Kingambit\n|move|p2a: Gengar|Substitute|p2a: Gengar\n|-start|p2a: Gengar|Substitute\n|-damage|p2a: Gengar|52/100\n|\n|upkeep\n|turn|6\n|\n|t:|1776598763\n|move|p2a: Gengar|Shadow Ball|p1a: Kingambit\n|-resisted|p1a: Kingambit|1\n|-damage|p1a: Kingambit|4/100\n|move|p1a: Kingambit|Kowtow Cleave|p2a: Gengar\n|-supereffective|p2a: Gengar|1\n|-end|p2a: Gengar|Substitute\n|\n|upkeep\n|turn|7\n|\n|t:|1776598768\n|move|p2a: Gengar|Substitute|p2a: Gengar\n|-start|p2a: Gengar|Substitute\n|-damage|p2a: Gengar|27/100\n|move|p1a: Kingambit|Kowtow Cleave|p2a: Gengar\n|-supereffective|p2a: Gengar|1\n|-end|p2a: Gengar|Substitute\n|\n|upkeep\n|turn|8\n|\n|t:|1776598771\n|move|p1a: Kingambit|Sucker Punch||[still]\n|-fail|p1a: Kingambit\n|move|p2a: Gengar|Substitute|p2a: Gengar\n|-start|p2a: Gengar|Substitute\n|-damage|p2a: Gengar|3/100\n|\n|upkeep\n|turn|9\n|\n|t:|1776598775\n|move|p2a: Gengar|Shadow Ball|p1a: Kingambit\n|-resisted|p1a: Kingambit|1\n|-damage|p1a: Kingambit|0 fnt\n|faint|p1a: Kingambit\n|\n|upkeep\n|\n|t:|1776598776\n|switch|p1a: Tyranitar|Tyranitar, L50, M|100/100\n|-weather|Sandstorm|[from] ability: Sand Stream|[of] p1a: Tyranitar\n|turn|10\n|-message|sunshne forfeited.\n|\n|win|qweralt\n|raw|sunshne's rating: 1156 &rarr; <strong>1124</strong><br />(-32 for losing)\n|raw|qweralt's rating: 1053 &rarr; <strong>1094</strong><br />(+41 for winning)\n|l|\u2606sunshne\n|player|p1|\n",
  "uploadtime": 1776598785,
  "views": 1,
  "formatid": "gen9championsbssregma",
  "rating": 1094,
  "private": 0,
  "password": null
}