{
  "id": "gen9championsbssregma-2581163551",
  "format": "[Gen 9 Champions] BSS Reg M-A",
  "players": [
    "aspirin-sali",
    "11oyd"
  ],
  "log": "|j|\u2606aspirin-sali\n|j|\u260611oyd\n|t:|1775966054\n|gametype|singles\n|player|p1|aspirin-sali|tuberf|1281\n|player|p2|11oyd|unknown|1241\n|gen|9\n|tier|[Gen 9 Champions] BSS Reg M-A\n|rated|\n|rule|Species Clause: Limit one of each Pok\u00e9mon\n|rule|Item Clause: Limit 1 of each item\n|clearpoke\n|poke|p1|Charizard, L50, M|\n|poke|p1|Archaludon, L50, F|\n|poke|p1|Sylveon, L50, F|\n|poke|p1|Greninja-*, L50, M|\n|poke|p1|Gengar, L50, M|\n|poke|p1|Garchomp, L50, F|\n|poke|p2|Gengar, L50, F|\n|poke|p2|Lopunny, L50, M|\n|poke|p2|Glimmora, L50, F|\n|poke|p2|Hippowdon, L50, F|\n|poke|p2|Rotom-Wash, L50|\n|poke|p2|Dragonite, L50, F|\n|teampreview|3\n|inactive|Battle timer is ON: inactive players will automatically lose when time's up. (requested by 11oyd)\n|inactive|aspirin-sali has 60 seconds left.\n|j| bromerta\n|inactive|aspirin-sali has 30 seconds left.\n|inactive|aspirin-sali has 20 seconds left.\n|inactive|aspirin-sali has 15 seconds left.\n|inactive|aspirin-sali has 10 seconds left.\n|inactive|aspirin-sali has 5 seconds left.\n|l| bromerta\n|\n|t:|1775966176\n|teamsize|p1|3\n|teamsize|p2|3\n|start\n|switch|p1a: Sylveon|Sylveon, L50, F|100/100\n|switch|p2a: Glimmora|Glimmora, L50, F|100/100\n|turn|1\n|j| bromerta\n|inactive|aspirin-sali has 30 seconds left.\n|inactive|aspirin-sali has 20 seconds left.\n|inactive|aspirin-sali has 15 seconds left.\n|\n|t:|1775966219\n|move|p2a: Glimmora|Stealth Rock|p1a: Sylveon\n|-sidestart|p1: aspirin-sali|move: Stealth Rock\n|move|p1a: Sylveon|Yawn|p2a: Glimmora\n|-start|p2a: Glimmora|move: Yawn|[of] p1a: Sylveon\n|\n|upkeep\n|turn|2\n|\n|t:|1775966228\n|switch|p2a: Rotom|Rotom-Wash, L50|100/100\n|move|p1a: Sylveon|Calm Mind|p1a: Sylveon\n|-boost|p1a: Sylveon|spa|1\n|-boost|p1a: Sylveon|spd|1\n|\n|upkeep\n|turn|3\n|\n|t:|1775966242\n|move|p2a: Rotom|Thunder Wave|p1a: Sylveon\n|-status|p1a: Sylveon|par\n|move|p1a: Sylveon|Yawn|p2a: Rotom\n|-start|p2a: Rotom|move: Yawn|[of] p1a: Sylveon\n|\n|upkeep\n|turn|4\n|\n|t:|1775966252\n|switch|p2a: Glimmora|Glimmora, L50, F|100/100\n|move|p1a: Sylveon|Yawn|p2a: Glimmora\n|-start|p2a: Glimmora|move: Yawn|[of] p1a: Sylveon\n|\n|upkeep\n|turn|5\n|\n|t:|1775966262\n|move|p2a: Glimmora|Sludge Wave|p1a: Sylveon\n|-supereffective|p1a: Sylveon|1\n|-damage|p1a: Sylveon|58/100 par\n|move|p1a: Sylveon|Calm Mind|p1a: Sylveon\n|-boost|p1a: Sylveon|spa|1\n|-boost|p1a: Sylveon|spd|1\n|\n|-end|p2a: Glimmora|move: Yawn|[silent]\n|-status|p2a: Glimmora|slp\n|upkeep\n|turn|6\n|\n|t:|1775966277\n|cant|p2a: Glimmora|slp\n|move|p1a: Sylveon|Rest|p1a: Sylveon\n|-status|p1a: Sylveon|slp|[from] move: Rest\n|-heal|p1a: Sylveon|100/100 slp|[silent]\n|-enditem|p1a: Sylveon|Chesto Berry|[eat]\n|-curestatus|p1a: Sylveon|slp|[msg]\n|\n|upkeep\n|turn|7\n|\n|t:|1775966299\n|-curestatus|p2a: Glimmora|slp|[msg]\n|move|p2a: Glimmora|Sludge Wave|p1a: Sylveon\n|-supereffective|p1a: Sylveon|1\n|-damage|p1a: Sylveon|61/100\n|move|p1a: Sylveon|Hyper Voice|p2a: Glimmora\n|-resisted|p2a: Glimmora|1\n|-damage|p2a: Glimmora|49/100\n|\n|upkeep\n|turn|8\n|\n|t:|1775966314\n|move|p2a: Glimmora|Sludge Wave|p1a: Sylveon\n|-supereffective|p1a: Sylveon|1\n|-damage|p1a: Sylveon|25/100\n|move|p1a: Sylveon|Hyper Voice|p2a: Glimmora\n|-resisted|p2a: Glimmora|1\n|-damage|p2a: Glimmora|0 fnt\n|faint|p2a: Glimmora\n|\n|upkeep\n|\n|t:|1775966319\n|switch|p2a: Lopunny|Lopunny, L50, M|100/100\n|turn|9\n|\n|t:|1775966337\n|detailschange|p2a: Lopunny|Lopunny-Mega, L50, M\n|-mega|p2a: Lopunny|Lopunny|Lopunnite\n|move|p2a: Lopunny|Fake Out|p1a: Sylveon\n|-damage|p1a: Sylveon|7/100\n|cant|p1a: Sylveon|flinch\n|\n|upkeep\n|turn|10\n|\n|t:|1775966349\n|move|p2a: Lopunny|U-turn|p1a: Sylveon\n|-resisted|p1a: Sylveon|1\n|-damage|p1a: Sylveon|0 fnt\n|faint|p1a: Sylveon\n|\n|t:|1775966351\n|switch|p2a: Rotom|Rotom-Wash, L50|100/100|[from] U-turn\n|\n|upkeep\n|inactive|aspirin-sali has 30 seconds left.\n|inactive|aspirin-sali has 20 seconds left.\n|\n|t:|1775966391\n|switch|p1a: Archaludon|Archaludon, L50, F|100/100\n|-damage|p1a: Archaludon|94/100|[from] Stealth Rock\n|turn|11\n|\n|t:|1775966404\n|move|p2a: Rotom|Will-O-Wisp|p1a: Archaludon|[miss]\n|-miss|p2a: Rotom|p1a: Archaludon\n|move|p1a: Archaludon|Aura Sphere|p2a: Rotom\n|-damage|p2a: Rotom|80/100\n|\n|-heal|p2a: Rotom|86/100|[from] item: Leftovers\n|-heal|p1a: Archaludon|100/100|[from] item: Leftovers\n|upkeep\n|turn|12\n|\n|t:|1775966417\n|move|p2a: Rotom|Will-O-Wisp|p1a: Archaludon|[miss]\n|-miss|p2a: Rotom|p1a: Archaludon\n|move|p1a: Archaludon|Aura Sphere|p2a: Rotom\n|-damage|p2a: Rotom|64/100\n|\n|-heal|p2a: Rotom|69/100|[from] item: Leftovers\n|upkeep\n|turn|13\n|l| bromerta\n|\n|t:|1775966425\n|move|p2a: Rotom|Thunder Wave|p1a: Archaludon\n|-status|p1a: Archaludon|par\n|move|p1a: Archaludon|Aura Sphere|p2a: Rotom\n|-damage|p2a: Rotom|49/100\n|\n|-heal|p2a: Rotom|55/100|[from] item: Leftovers\n|upkeep\n|turn|14\n|j| bromerta\n|inactive|11oyd has 30 seconds left.\n|inactive|11oyd has 20 seconds left.\n|inactive|11oyd has 15 seconds left.\n|inactive|11oyd has 10 seconds left.\n|inactive|11oyd has 5 seconds left.\n|\n|t:|1775966480\n|move|p2a: Rotom|Will-O-Wisp||[still]\n|-fail|p2a: Rotom\n|move|p1a: Archaludon|Aura Sphere|p2a: Rotom\n|-damage|p2a: Rotom|34/100\n|\n|-heal|p2a: Rotom|39/100|[from] item: Leftovers\n|upkeep\n|turn|15\n|\n|t:|1775966489\n|switch|p2a: Lopunny|Lopunny-Mega, L50, M|100/100\n|move|p1a: Archaludon|Aura Sphere|p2a: Lopunny\n|-supereffective|p2a: Lopunny|1\n|-damage|p2a: Lopunny|30/100\n|\n|upkeep\n|turn|16\n|\n|t:|1775966496\n|move|p2a: Lopunny|Close Combat|p1a: Archaludon\n|-supereffective|p1a: Archaludon|1\n|-crit|p1a: Archaludon\n|-damage|p1a: Archaludon|0 fnt\n|-unboost|p2a: Lopunny|def|1\n|-unboost|p2a: Lopunny|spd|1\n|faint|p1a: Archaludon\n|\n|upkeep\n|\n|t:|1775966500\n|switch|p1a: Garchomp|Garchomp, L50, F|100/100\n|-damage|p1a: Garchomp|95/100|[from] Stealth Rock\n|turn|17\n|\n|t:|1775966510\n|move|p1a: Garchomp|Outrage|p2a: Lopunny\n|-damage|p2a: Lopunny|0 fnt\n|faint|p2a: Lopunny\n|\n|upkeep\n|\n|t:|1775966512\n|switch|p2a: Rotom|Rotom-Wash, L50|39/100\n|turn|18\n|\n|t:|1775966515\n|move|p1a: Garchomp|Outrage|p2a: Rotom|[from] lockedmove\n|-damage|p2a: Rotom|0 fnt\n|faint|p2a: Rotom\n|-start|p1a: Garchomp|confusion|[fatigue]\n|\n|win|aspirin-sali\n|raw|aspirin-sali's rating: 1281 &rarr; <strong>1303</strong><br />(+22 for winning)\n|raw|11oyd's rating: 1241 &rarr; <strong>1219</strong><br />(-22 for losing)\n|l|\u260611oyd\n|player|p2|\n|l|\u2606aspirin-sali\n|player|p1|\n",
  "uploadtime": 1775966585,
  "views": 23,
  "formatid": "gen9championsbssregma",
  "rating": 1219,
  "private": 0,
  "password": null
}