{
  "id": "gen9championsbssregma-2584871883",
  "format": "[Gen 9 Champions] BSS Reg M-A",
  "players": [
    "dyuros",
    "Jean-Raoul Scoot"
  ],
  "log": "|j|\u2606dyuros\n|j|\u2606Jean-Raoul Scoot\n|t:|1776290341\n|gametype|singles\n|player|p1|dyuros|102|1211\n|player|p2|Jean-Raoul Scoot|bugcatcher-gen4dp|1277\n|gen|9\n|tier|[Gen 9 Champions] BSS Reg M-A\n|rated|\n|rule|Species Clause: Limit one of each Pok\u00e9mon\n|rule|Item Clause: Limit 1 of each item\n|clearpoke\n|poke|p1|Aegislash, L50, F|\n|poke|p1|Araquanid, L50, M|\n|poke|p1|Lopunny, L50, F|\n|poke|p1|Rotom-Wash, L50|\n|poke|p1|Pidgeot, L50, M|\n|poke|p1|Garchomp, L50, M|\n|poke|p2|Araquanid, L50, F|\n|poke|p2|Corviknight, L50, F|\n|poke|p2|Glimmora, L50, M|\n|poke|p2|Dragapult, L50, F|\n|poke|p2|Starmie, L50|\n|poke|p2|Dragonite, L50, F|\n|teampreview|3\n|inactive|Battle timer is ON: inactive players will automatically lose when time's up. (requested by Jean-Raoul Scoot)\n|\n|t:|1776290373\n|teamsize|p1|3\n|teamsize|p2|3\n|start\n|switch|p1a: Aegislash|Aegislash, L50, F|100/100\n|switch|p2a: Glimmora|Glimmora, L50, M|100/100\n|turn|1\n|inactive|dyuros has 30 seconds left.\n|inactive|dyuros has 20 seconds left.\n|inactive|dyuros has 15 seconds left.\n|inactive|dyuros has 10 seconds left.\n|inactive|dyuros has 5 seconds left.\n|\n|t:|1776290428\n|move|p2a: Glimmora|Stealth Rock|p1a: Aegislash\n|-sidestart|p1: dyuros|move: Stealth Rock\n|move|p1a: Aegislash|Swords Dance|p1a: Aegislash\n|-boost|p1a: Aegislash|atk|2\n|\n|upkeep\n|turn|2\n|j| p74\n|\n|t:|1776290440\n|move|p2a: Glimmora|Mud Shot|p1a: Aegislash\n|-supereffective|p1a: Aegislash|1\n|-damage|p1a: Aegislash|71/100\n|-unboost|p1a: Aegislash|spe|1\n|-formechange|p1a: Aegislash|Aegislash-Blade|\n|move|p1a: Aegislash|Poltergeist|p2a: Glimmora\n|-activate|p2a: Glimmora|move: Poltergeist|Focus Sash\n|-enditem|p2a: Glimmora|Focus Sash\n|-damage|p2a: Glimmora|1/100\n|-activate|p2a: Glimmora|ability: Toxic Debris\n|-sidestart|p1: dyuros|move: Toxic Spikes\n|\n|upkeep\n|turn|3\n|\n|t:|1776290453\n|move|p1a: Aegislash|Shadow Sneak|p2a: Glimmora\n|-damage|p2a: Glimmora|0 fnt\n|-activate|p2a: Glimmora|ability: Toxic Debris\n|-sidestart|p1: dyuros|move: Toxic Spikes\n|faint|p2a: Glimmora\n|\n|upkeep\n|\n|t:|1776290459\n|switch|p2a: Araquanid|Araquanid, L50, F|100/100\n|turn|4\n|\n|t:|1776290477\n|move|p1a: Aegislash|Shadow Sneak|p2a: Araquanid\n|-damage|p2a: Araquanid|40/100\n|move|p2a: Araquanid|Liquidation|p1a: Aegislash\n|-damage|p1a: Aegislash|0 fnt\n|faint|p1a: Aegislash\n|\n|upkeep\n|\n|t:|1776290495\n|switch|p1a: Garchomp|Garchomp, L50, M|100/100\n|-damage|p1a: Garchomp|95/100|[from] Stealth Rock\n|-status|p1a: Garchomp|tox\n|turn|5\n|\n|t:|1776290513\n|move|p1a: Garchomp|Rock Tomb|p2a: Araquanid\n|-supereffective|p2a: Araquanid|1\n|-damage|p2a: Araquanid|0 fnt\n|faint|p2a: Araquanid\n|\n|-damage|p1a: Garchomp|89/100 tox|[from] psn\n|upkeep\n|\n|t:|1776290517\n|switch|p2a: Starmie|Starmie, L50|100/100\n|turn|6\n|\n|t:|1776290531\n|detailschange|p2a: Starmie|Starmie-Mega, L50\n|-mega|p2a: Starmie|Starmie|Starminite\n|move|p2a: Starmie|Ice Beam|p1a: Garchomp\n|-supereffective|p1a: Garchomp|2\n|-damage|p1a: Garchomp|0 fnt\n|faint|p1a: Garchomp\n|\n|upkeep\n|\n|t:|1776290535\n|switch|p1a: Pidgeot|Pidgeot, L50, M|100/100\n|-damage|p1a: Pidgeot|75/100|[from] Stealth Rock\n|turn|7\n|\n|t:|1776290541\n|detailschange|p1a: Pidgeot|Pidgeot-Mega, L50, M\n|-mega|p1a: Pidgeot|Pidgeot|Pidgeotite\n|move|p1a: Pidgeot|Hyper Beam|p2a: Starmie\n|-damage|p2a: Starmie|0 fnt\n|-mustrecharge|p1a: Pidgeot\n|faint|p2a: Starmie\n|\n|win|dyuros\n|raw|dyuros's rating: 1211 &rarr; <strong>1241</strong><br />(+30 for winning)\n|raw|Jean-Raoul Scoot's rating: 1277 &rarr; <strong>1247</strong><br />(-30 for losing)\n|l|\u2606Jean-Raoul Scoot\n|player|p2|\n|l|\u2606dyuros\n|player|p1|\n",
  "uploadtime": 1776290601,
  "views": 7,
  "formatid": "gen9championsbssregma",
  "rating": 1241,
  "private": 0,
  "password": null
}