{
  "id": "gen9championsbssregma-2588043783",
  "format": "[Gen 9 Champions] BSS Reg M-A",
  "players": [
    "qweralt",
    "krookodih"
  ],
  "log": "|j|\u2606qweralt\n|j|\u2606krookodih\n|t:|1776597258\n|gametype|singles\n|player|p1|qweralt|boarder|1000\n|player|p2|krookodih|hilbert|1000\n|gen|9\n|tier|[Gen 9 Champions] BSS Reg M-A\n|rated|\n|rule|Species Clause: Limit one of each Pok\u00e9mon\n|rule|Item Clause: Limit 1 of each item\n|clearpoke\n|poke|p1|Gengar, L50, F|\n|poke|p1|Vivillon, L50, F|\n|poke|p1|Hatterene, L50, F|\n|poke|p1|Weavile, L50, M|\n|poke|p1|Aerodactyl, L50, M|\n|poke|p1|Volcarona, L50, M|\n|poke|p2|Maushold, L50|\n|poke|p2|Primarina, L50, M|\n|poke|p2|Gengar, L50, M|\n|poke|p2|Orthworm, L50, M|\n|poke|p2|Hydreigon, L50, F|\n|poke|p2|Delphox, L50, M|\n|teampreview|3\n|inactive|Battle timer is ON: inactive players will automatically lose when time's up. (requested by krookodih)\n|inactive|qweralt has 60 seconds left.\n|\n|t:|1776597341\n|teamsize|p1|3\n|teamsize|p2|3\n|start\n|switch|p1a: Weavile|Weavile, L50, M|100/100\n|switch|p2a: Primarina|Primarina, L50, M|100/100\n|-ability|p1a: Weavile|Pressure\n|turn|1\n|\n|t:|1776597358\n|move|p1a: Weavile|Swords Dance|p1a: Weavile\n|-boost|p1a: Weavile|atk|2\n|move|p2a: Primarina|Moonblast|p1a: Weavile\n|-supereffective|p1a: Weavile|1\n|-enditem|p1a: Weavile|Focus Sash\n|-damage|p1a: Weavile|1/100\n|\n|upkeep\n|turn|2\n|\n|t:|1776597366\n|move|p2a: Primarina|Aqua Jet|p1a: Weavile\n|-damage|p1a: Weavile|0 fnt\n|faint|p1a: Weavile\n|\n|upkeep\n|\n|t:|1776597368\n|switch|p1a: Gengar|Gengar, L50, F|100/100\n|turn|3\n|\n|t:|1776597376\n|detailschange|p1a: Gengar|Gengar-Mega, L50, F\n|-mega|p1a: Gengar|Gengar|Gengarite\n|move|p1a: Gengar|Sludge Wave|p2a: Primarina\n|-supereffective|p2a: Primarina|1\n|-damage|p2a: Primarina|0 fnt\n|faint|p2a: Primarina\n|\n|upkeep\n|\n|t:|1776597391\n|switch|p2a: Delphox|Delphox, L50, M|100/100\n|turn|4\n|\n|t:|1776597394\n|detailschange|p2a: Delphox|Delphox-Mega, L50, M\n|-mega|p2a: Delphox|Delphox|Delphoxite\n|move|p2a: Delphox|Psychic|p1a: Gengar\n|-supereffective|p1a: Gengar|1\n|-damage|p1a: Gengar|0 fnt\n|faint|p1a: Gengar\n|\n|upkeep\n|\n|t:|1776597399\n|switch|p1a: Volcarona|Volcarona, L50, M|100/100\n|turn|5\n|\n|t:|1776597413\n|move|p2a: Delphox|Flamethrower|p1a: Volcarona\n|-damage|p1a: Volcarona|40/100\n|move|p1a: Volcarona|Quiver Dance|p1a: Volcarona\n|-boost|p1a: Volcarona|spa|1\n|-boost|p1a: Volcarona|spd|1\n|-boost|p1a: Volcarona|spe|1\n|\n|upkeep\n|turn|6\n|\n|t:|1776597416\n|move|p1a: Volcarona|Bug Buzz|p2a: Delphox\n|-damage|p2a: Delphox|35/100\n|-unboost|p2a: Delphox|spd|1\n|move|p2a: Delphox|Flamethrower|p1a: Volcarona\n|-damage|p1a: Volcarona|4/100\n|\n|upkeep\n|turn|7\n|\n|t:|1776597422\n|move|p1a: Volcarona|Bug Buzz|p2a: Delphox\n|-damage|p2a: Delphox|0 fnt\n|faint|p2a: Delphox\n|\n|upkeep\n|\n|t:|1776597425\n|switch|p2a: Maushold|Maushold, L50|100/100\n|turn|8\n|\n|t:|1776597430\n|move|p1a: Volcarona|Bug Buzz|p2a: Maushold\n|-damage|p2a: Maushold|0 fnt\n|faint|p2a: Maushold\n|\n|win|qweralt\n|raw|qweralt's rating: 1000 &rarr; <strong>1040</strong><br />(+40 for winning)\n|raw|krookodih's rating: 1000 &rarr; <strong>1000</strong><br />(+0 for losing)\n|l|\u2606krookodih\n|player|p2|\n",
  "uploadtime": 1776597436,
  "views": 1,
  "formatid": "gen9championsbssregma",
  "rating": 1000,
  "private": 0,
  "password": null
}