{
  "id": "gen9championsbssregma-2582276544",
  "format": "[Gen 9 Champions] BSS Reg M-A",
  "players": [
    "388737dgtgt",
    "Lucad_18"
  ],
  "log": "|j|\u2606388737dgtgt\n|j|\u2606Lucad_18\n|t:|1776078922\n|gametype|singles\n|player|p1|388737dgtgt|1|1153\n|player|p2|Lucad_18|101|1111\n|gen|9\n|tier|[Gen 9 Champions] BSS Reg M-A\n|rated|\n|rule|Species Clause: Limit one of each Pok\u00e9mon\n|rule|Item Clause: Limit 1 of each item\n|clearpoke\n|poke|p1|Lucario, L50, M|\n|poke|p1|Conkeldurr, L50, M|\n|poke|p1|Scizor, L50, F|\n|poke|p1|Tyranitar, L50, F|\n|poke|p1|Starmie, L50|\n|poke|p1|Ninetales-Alola, L50, F|\n|poke|p2|Toxapex, L50, M|\n|poke|p2|Steelix, L50, F|\n|poke|p2|Meowscarada, L50, F|\n|poke|p2|Dragonite, L50, F|\n|poke|p2|Rotom-Heat, L50|\n|poke|p2|Garchomp, L50, F|\n|teampreview|3\n|inactive|Battle timer is ON: inactive players will automatically lose when time's up. (requested by 388737dgtgt)\n|\n|t:|1776078947\n|teamsize|p1|3\n|teamsize|p2|3\n|start\n|switch|p1a: Ninetales|Ninetales-Alola, L50, F|100/100\n|switch|p2a: Steelix|Steelix, L50, F|100/100\n|-weather|Snowscape|[from] ability: Snow Warning|[of] p1a: Ninetales\n|turn|1\n|inactive|388737dgtgt has 30 seconds left.\n|-activate|p2a: Steelix|item: Quick Claw\n|\n|t:|1776078977\n|move|p2a: Steelix|Heavy Slam|p1a: Ninetales\n|-supereffective|p1a: Ninetales|2\n|-damage|p1a: Ninetales|0 fnt\n|faint|p1a: Ninetales\n|\n|-weather|Snowscape|[upkeep]\n|upkeep\n|\n|t:|1776078986\n|switch|p1a: Tyranitar|Tyranitar, L50, F|100/100\n|-weather|Sandstorm|[from] ability: Sand Stream|[of] p1a: Tyranitar\n|turn|2\n|j| p74\n|\n|t:|1776079001\n|move|p1a: Tyranitar|Stealth Rock|p2a: Steelix\n|-sidestart|p2: Lucad_18|move: Stealth Rock\n|move|p2a: Steelix|Body Press|p1a: Tyranitar\n|-supereffective|p1a: Tyranitar|2\n|-damage|p1a: Tyranitar|0 fnt\n|faint|p1a: Tyranitar\n|\n|-weather|Sandstorm|[upkeep]\n|upkeep\n|\n|t:|1776079007\n|switch|p1a: Starmie|Starmie, L50|100/100\n|turn|3\n|\n|t:|1776079013\n|detailschange|p1a: Starmie|Starmie-Mega, L50\n|-mega|p1a: Starmie|Starmie|Starminite\n|move|p1a: Starmie|Bulk Up|p1a: Starmie\n|-boost|p1a: Starmie|atk|1\n|-boost|p1a: Starmie|def|1\n|move|p2a: Steelix|Rock Tomb|p1a: Starmie\n|-damage|p1a: Starmie|87/100\n|-unboost|p1a: Starmie|spe|1\n|\n|-weather|Sandstorm|[upkeep]\n|-damage|p1a: Starmie|81/100|[from] Sandstorm\n|upkeep\n|turn|4\n|\n|t:|1776079026\n|move|p1a: Starmie|Bulk Up|p1a: Starmie\n|-boost|p1a: Starmie|atk|1\n|-boost|p1a: Starmie|def|1\n|move|p2a: Steelix|Rock Tomb|p1a: Starmie\n|-damage|p1a: Starmie|72/100\n|-unboost|p1a: Starmie|spe|1\n|\n|-weather|Sandstorm|[upkeep]\n|-damage|p1a: Starmie|66/100|[from] Sandstorm\n|upkeep\n|turn|5\n|-activate|p2a: Steelix|item: Quick Claw\n|\n|t:|1776079034\n|move|p2a: Steelix|Rock Tomb|p1a: Starmie\n|-damage|p1a: Starmie|55/100\n|-unboost|p1a: Starmie|spe|1\n|move|p1a: Starmie|Bulk Up|p1a: Starmie\n|-boost|p1a: Starmie|atk|1\n|-boost|p1a: Starmie|def|1\n|\n|-weather|Sandstorm|[upkeep]\n|-damage|p1a: Starmie|49/100|[from] Sandstorm\n|upkeep\n|turn|6\n|\n|t:|1776079049\n|move|p1a: Starmie|Aqua Jet|p2a: Steelix\n|-supereffective|p2a: Steelix|1\n|-damage|p2a: Steelix|19/100\n|move|p2a: Steelix|Rock Tomb|p1a: Starmie\n|-damage|p1a: Starmie|41/100\n|-unboost|p1a: Starmie|spe|1\n|\n|-weather|none\n|upkeep\n|turn|7\n|-activate|p2a: Steelix|item: Quick Claw\n|\n|t:|1776079058\n|move|p1a: Starmie|Aqua Jet|p2a: Steelix\n|-supereffective|p2a: Steelix|1\n|-damage|p2a: Steelix|0 fnt\n|faint|p2a: Steelix\n|\n|upkeep\n|\n|t:|1776079069\n|switch|p2a: Dragonite|Dragonite, L50, F|100/100\n|-damage|p2a: Dragonite|75/100|[from] Stealth Rock\n|turn|8\n|\n|t:|1776079076\n|detailschange|p2a: Dragonite|Dragonite-Mega, L50, F\n|-mega|p2a: Dragonite|Dragonite|Dragoninite\n|move|p2a: Dragonite|Draco Meteor|p1a: Starmie\n|-damage|p1a: Starmie|0 fnt\n|-unboost|p2a: Dragonite|spa|2\n|faint|p1a: Starmie\n|\n|win|Lucad_18\n|raw|388737dgtgt's rating: 1153 &rarr; <strong>1125</strong><br />(-28 for losing)\n|raw|Lucad_18's rating: 1111 &rarr; <strong>1139</strong><br />(+28 for winning)\n|l|\u2606388737dgtgt\n|player|p1|\n",
  "uploadtime": 1776079085,
  "views": 5,
  "formatid": "gen9championsbssregma",
  "rating": 1125,
  "private": 0,
  "password": null
}