{
  "id": "gen9championsbssregma-2588084260",
  "format": "[Gen 9 Champions] BSS Reg M-A",
  "players": [
    "paradisesc",
    "qweralt"
  ],
  "log": "|j|\u2606paradisesc\n|j|\u2606qweralt\n|t:|1776602440\n|gametype|singles\n|player|p1|paradisesc|265|1123\n|player|p2|qweralt|boarder|1148\n|gen|9\n|tier|[Gen 9 Champions] BSS Reg M-A\n|rated|\n|rule|Species Clause: Limit one of each Pok\u00e9mon\n|rule|Item Clause: Limit 1 of each item\n|clearpoke\n|poke|p1|Kingambit, L50, F|\n|poke|p1|Dragonite, L50, M|\n|poke|p1|Starmie, L50|\n|poke|p1|Hippowdon, L50, F|\n|poke|p1|Chandelure, L50, F|\n|poke|p1|Corviknight, L50, M|\n|poke|p2|Delphox, L50, F|\n|poke|p2|Hatterene, L50, F|\n|poke|p2|Weavile, L50, M|\n|poke|p2|Volcarona, L50, M|\n|poke|p2|Garchomp, L50, M|\n|poke|p2|Rotom-Wash, L50|\n|teampreview|3\n|\n|t:|1776602481\n|teamsize|p1|3\n|teamsize|p2|3\n|start\n|switch|p1a: Corviknight|Corviknight, L50, M|100/100\n|switch|p2a: Weavile|Weavile, L50, M|100/100\n|-ability|p2a: Weavile|Pressure\n|turn|1\n|\n|t:|1776602489\n|switch|p2a: Rotom|Rotom-Wash, L50|100/100\n|move|p1a: Corviknight|Iron Defense|p1a: Corviknight\n|-boost|p1a: Corviknight|def|2\n|\n|upkeep\n|turn|2\n|\n|t:|1776602500\n|move|p2a: Rotom|Volt Switch|p1a: Corviknight\n|-supereffective|p1a: Corviknight|1\n|-damage|p1a: Corviknight|50/100\n|\n|t:|1776602506\n|switch|p2a: Garchomp|Garchomp, L50, M|100/100|[from] Volt Switch\n|move|p1a: Corviknight|Body Press|p2a: Garchomp\n|-damage|p2a: Garchomp|47/100\n|-damage|p1a: Corviknight|38/100|[from] ability: Rough Skin|[of] p2a: Garchomp\n|\n|-heal|p1a: Corviknight|43/100|[from] item: Leftovers\n|upkeep\n|turn|3\n|\n|t:|1776602515\n|switch|p2a: Rotom|Rotom-Wash, L50|100/100\n|move|p1a: Corviknight|Roost|p1a: Corviknight\n|-heal|p1a: Corviknight|94/100\n|-singleturn|p1a: Corviknight|move: Roost\n|\n|-heal|p1a: Corviknight|99/100|[from] item: Leftovers\n|upkeep\n|turn|4\n|\n|t:|1776602520\n|move|p2a: Rotom|Will-O-Wisp|p1a: Corviknight\n|-status|p1a: Corviknight|brn\n|move|p1a: Corviknight|Body Press|p2a: Rotom\n|-damage|p2a: Rotom|78/100\n|\n|-heal|p1a: Corviknight|100/100 brn|[from] item: Leftovers\n|-damage|p1a: Corviknight|95/100 brn|[from] brn\n|upkeep\n|turn|5\n|\n|t:|1776602543\n|move|p2a: Rotom|Hydro Pump|p1a: Corviknight|[miss]\n|-miss|p2a: Rotom|p1a: Corviknight\n|move|p1a: Corviknight|U-turn|p2a: Rotom\n|-damage|p2a: Rotom|72/100\n|\n|t:|1776602551\n|switch|p1a: Kingambit|Kingambit, L50, F|100/100|[from] U-turn\n|\n|upkeep\n|turn|6\n|\n|t:|1776602556\n|move|p2a: Rotom|Hydro Pump|p1a: Kingambit\n|-damage|p1a: Kingambit|57/100\n|move|p1a: Kingambit|Swords Dance|p1a: Kingambit\n|-boost|p1a: Kingambit|atk|2\n|\n|upkeep\n|turn|7\n|-activate|p1a: Kingambit|item: Quick Claw\n|\n|t:|1776602563\n|move|p1a: Kingambit|Kowtow Cleave|p2a: Rotom\n|-damage|p2a: Rotom|0 fnt\n|faint|p2a: Rotom\n|\n|upkeep\n|\n|t:|1776602568\n|switch|p2a: Garchomp|Garchomp, L50, M|47/100\n|turn|8\n|-activate|p1a: Kingambit|item: Quick Claw\n|\n|t:|1776602571\n|move|p1a: Kingambit|Sucker Punch|p2a: Garchomp\n|-damage|p2a: Garchomp|0 fnt\n|-damage|p1a: Kingambit|45/100|[from] ability: Rough Skin|[of] p2a: Garchomp\n|faint|p2a: Garchomp\n|\n|upkeep\n|\n|t:|1776602574\n|switch|p2a: Weavile|Weavile, L50, M|100/100\n|-ability|p2a: Weavile|Pressure\n|turn|9\n|\n|t:|1776602580\n|move|p1a: Kingambit|Sucker Punch|p2a: Weavile\n|-resisted|p2a: Weavile|1\n|-damage|p2a: Weavile|28/100\n|move|p2a: Weavile|Triple Axel|p1a: Kingambit\n|-resisted|p1a: Kingambit|1\n|-damage|p1a: Kingambit|41/100\n|-resisted|p1a: Kingambit|1\n|-damage|p1a: Kingambit|32/100\n|-resisted|p1a: Kingambit|1\n|-damage|p1a: Kingambit|19/100\n|-hitcount|p1a: Kingambit|3\n|\n|upkeep\n|turn|10\n|\n|t:|1776602583\n|move|p1a: Kingambit|Sucker Punch|p2a: Weavile\n|-resisted|p2a: Weavile|1\n|-damage|p2a: Weavile|0 fnt\n|faint|p2a: Weavile\n|\n|win|paradisesc\n|raw|paradisesc's rating: 1123 &rarr; <strong>1150</strong><br />(+27 for winning)\n|raw|qweralt's rating: 1148 &rarr; <strong>1121</strong><br />(-27 for losing)\n",
  "uploadtime": 1776602585,
  "views": 1,
  "formatid": "gen9championsbssregma",
  "rating": 1121,
  "private": 0,
  "password": null
}