{
  "id": "gen9championsbssregma-2583860346",
  "format": "[Gen 9 Champions] BSS Reg M-A",
  "players": [
    "charlottelov",
    "Venti1025"
  ],
  "log": "|j|\u2606charlottelov\n|j|\u2606Venti1025\n|t:|1776203382\n|gametype|singles\n|player|p1|charlottelov|nate|1045\n|player|p2|Venti1025|n|1148\n|gen|9\n|tier|[Gen 9 Champions] BSS Reg M-A\n|rated|\n|rule|Species Clause: Limit one of each Pok\u00e9mon\n|rule|Item Clause: Limit 1 of each item\n|clearpoke\n|poke|p1|Hawlucha, L50, M|\n|poke|p1|Excadrill, L50, M|\n|poke|p1|Tyranitar, L50, F|\n|poke|p1|Charizard, L50, M|\n|poke|p1|Feraligatr, L50, F|\n|poke|p1|Pikachu, L50, M|\n|poke|p2|Charizard, L50, F|\n|poke|p2|Garchomp, L50, M|\n|poke|p2|Rotom-Wash, L50|\n|poke|p2|Gengar, L50, M|\n|poke|p2|Archaludon, L50, M|\n|poke|p2|Corviknight, L50, F|\n|teampreview|3\n|inactive|Battle timer is ON: inactive players will automatically lose when time's up. (requested by charlottelov)\n|inactive|Venti1025 has 60 seconds left.\n|\n|t:|1776203426\n|teamsize|p1|3\n|teamsize|p2|3\n|start\n|switch|p1a: Hawlucha|Hawlucha, L50, M|100/100\n|switch|p2a: Garchomp|Garchomp, L50, M|100/100\n|turn|1\n|\n|t:|1776203435\n|detailschange|p1a: Hawlucha|Hawlucha-Mega, L50, M\n|-mega|p1a: Hawlucha|Hawlucha|Hawluchanite\n|move|p2a: Garchomp|Outrage|p1a: Hawlucha\n|-damage|p1a: Hawlucha|30/100\n|move|p1a: Hawlucha|Swords Dance|p1a: Hawlucha\n|-boost|p1a: Hawlucha|atk|2\n|\n|upkeep\n|turn|2\n|\n|t:|1776203442\n|move|p2a: Garchomp|Outrage|p1a: Hawlucha|[from] lockedmove\n|-damage|p1a: Hawlucha|0 fnt\n|faint|p1a: Hawlucha\n|-start|p2a: Garchomp|confusion|[fatigue]\n|\n|upkeep\n|\n|t:|1776203445\n|switch|p1a: Tyranitar|Tyranitar, L50, F|100/100\n|-weather|Sandstorm|[from] ability: Sand Stream|[of] p1a: Tyranitar\n|turn|3\n|\n|t:|1776203450\n|switch|p2a: Corviknight|Corviknight, L50, F|100/100\n|move|p1a: Tyranitar|Dragon Dance|p1a: Tyranitar\n|-boost|p1a: Tyranitar|atk|1\n|-boost|p1a: Tyranitar|spe|1\n|\n|-weather|Sandstorm|[upkeep]\n|upkeep\n|turn|4\n|\n|t:|1776203459\n|move|p1a: Tyranitar|Stone Edge|p2a: Corviknight\n|-damage|p2a: Corviknight|43/100\n|move|p2a: Corviknight|Body Press|p1a: Tyranitar\n|-supereffective|p1a: Tyranitar|2\n|-damage|p1a: Tyranitar|14/100\n|\n|-weather|Sandstorm|[upkeep]\n|-heal|p1a: Tyranitar|19/100|[from] item: Leftovers\n|-heal|p2a: Corviknight|49/100|[from] item: Leftovers\n|upkeep\n|turn|5\n|\n|t:|1776203467\n|move|p1a: Tyranitar|Stone Edge|p2a: Corviknight|[miss]\n|-miss|p1a: Tyranitar|p2a: Corviknight\n|move|p2a: Corviknight|U-turn|p1a: Tyranitar\n|-supereffective|p1a: Tyranitar|1\n|-damage|p1a: Tyranitar|0 fnt\n|faint|p1a: Tyranitar\n|\n|t:|1776203475\n|switch|p2a: Garchomp|Garchomp, L50, M|100/100|[from] U-turn\n|\n|-weather|Sandstorm|[upkeep]\n|upkeep\n|\n|t:|1776203479\n|switch|p1a: Excadrill|Excadrill, L50, M|100/100\n|turn|6\n|\n|t:|1776203487\n|move|p1a: Excadrill|Horn Drill|p2a: Garchomp\n|-damage|p2a: Garchomp|0 fnt\n|-damage|p1a: Excadrill|88/100|[from] ability: Rough Skin|[of] p2a: Garchomp\n|faint|p2a: Garchomp\n|-ohko\n|\n|-weather|Sandstorm|[upkeep]\n|upkeep\n|\n|t:|1776203511\n|switch|p2a: Corviknight|Corviknight, L50, F|49/100\n|turn|7\n|\n|t:|1776203517\n|move|p1a: Excadrill|Horn Drill|p2a: Corviknight|[miss]\n|-miss|p1a: Excadrill|p2a: Corviknight\n|move|p2a: Corviknight|Body Press|p1a: Excadrill\n|-supereffective|p1a: Excadrill|1\n|-damage|p1a: Excadrill|28/100\n|\n|-weather|none\n|-heal|p2a: Corviknight|55/100|[from] item: Leftovers\n|upkeep\n|turn|8\n|\n|t:|1776203523\n|move|p1a: Excadrill|Horn Drill|p2a: Corviknight\n|-damage|p2a: Corviknight|0 fnt\n|faint|p2a: Corviknight\n|-ohko\n|\n|upkeep\n|\n|t:|1776203526\n|switch|p2a: Gengar|Gengar, L50, M|100/100\n|turn|9\n|\n|t:|1776203533\n|detailschange|p2a: Gengar|Gengar-Mega, L50, M\n|-mega|p2a: Gengar|Gengar|Gengarite\n|move|p2a: Gengar|Shadow Ball|p1a: Excadrill\n|-damage|p1a: Excadrill|0 fnt\n|faint|p1a: Excadrill\n|\n|win|Venti1025\n|raw|charlottelov's rating: 1045 &rarr; <strong>1033</strong><br />(-12 for losing)\n|raw|Venti1025's rating: 1148 &rarr; <strong>1166</strong><br />(+18 for winning)\n|l|\u2606charlottelov\n|player|p1|\n",
  "uploadtime": 1776203554,
  "views": 11,
  "formatid": "gen9championsbssregma",
  "rating": 1033,
  "private": 0,
  "password": null
}