{
  "id": "gen9championsbssregma-2588323575",
  "format": "[Gen 9 Champions] BSS Reg M-A",
  "players": [
    "joguri",
    "dr.ultraball head"
  ],
  "log": "|j|\u2606joguri\n|j|\u2606dr.ultraball head\n|t:|1776624101\n|gametype|singles\n|player|p1|joguri|dawn|1101\n|player|p2|dr.ultraball head|acetrainer-gen3rs|1048\n|gen|9\n|tier|[Gen 9 Champions] BSS Reg M-A\n|rated|\n|rule|Species Clause: Limit one of each Pok\u00e9mon\n|rule|Item Clause: Limit 1 of each item\n|clearpoke\n|poke|p1|Clefable, L50, M|\n|poke|p1|Garchomp, L50, M|\n|poke|p1|Glimmora, L50, M|\n|poke|p1|Lopunny, L50, F|\n|poke|p1|Primarina, L50, F|\n|poke|p1|Corviknight, L50, F|\n|poke|p2|Froslass, L50, F|\n|poke|p2|Rotom-Wash, L50|\n|poke|p2|Garchomp, L50, M|\n|poke|p2|Corviknight, L50, F|\n|poke|p2|Whimsicott, L50, M|\n|poke|p2|Sneasler, L50, M|\n|teampreview|3\n|inactive|Battle timer is ON: inactive players will automatically lose when time's up. (requested by joguri)\n|\n|t:|1776624120\n|teamsize|p1|3\n|teamsize|p2|3\n|start\n|switch|p1a: Lopunny|Lopunny, L50, F|100/100\n|switch|p2a: Garchomp|Garchomp, L50, M|100/100\n|turn|1\n|\n|t:|1776624129\n|move|p2a: Garchomp|Stealth Rock|p1a: Lopunny\n|-sidestart|p1: joguri|move: Stealth Rock\n|move|p1a: Lopunny|Cotton Guard|p1a: Lopunny\n|-boost|p1a: Lopunny|def|3\n|\n|upkeep\n|turn|2\n|\n|t:|1776624137\n|move|p1a: Lopunny|Agility|p1a: Lopunny\n|-boost|p1a: Lopunny|spe|2\n|move|p2a: Garchomp|Dragon Tail|p1a: Lopunny\n|-damage|p1a: Lopunny|91/100\n|drag|p1a: Garchomp|Garchomp, L50, M|100/100\n|-damage|p1a: Garchomp|95/100|[from] Stealth Rock\n|\n|upkeep\n|turn|3\n|\n|t:|1776624146\n|switch|p2a: Whimsicott|Whimsicott, L50, M|100/100\n|move|p1a: Garchomp|Outrage|p2a: Whimsicott\n|-immune|p2a: Whimsicott\n|\n|upkeep\n|turn|4\n|\n|t:|1776624160\n|switch|p1a: Lopunny|Lopunny, L50, F|91/100\n|-damage|p1a: Lopunny|79/100|[from] Stealth Rock\n|move|p2a: Whimsicott|Moonblast|p1a: Lopunny\n|-damage|p1a: Lopunny|39/100\n|\n|upkeep\n|turn|5\n|\n|t:|1776624172\n|move|p2a: Whimsicott|Moonblast|p1a: Lopunny\n|-damage|p1a: Lopunny|0 fnt\n|faint|p1a: Lopunny\n|\n|upkeep\n|\n|t:|1776624176\n|switch|p1a: Clefable|Clefable, L50, M|100/100\n|-damage|p1a: Clefable|88/100|[from] Stealth Rock\n|turn|6\n|\n|t:|1776624183\n|move|p2a: Whimsicott|Moonblast|p1a: Clefable\n|-crit|p1a: Clefable\n|-damage|p1a: Clefable|48/100\n|-unboost|p1a: Clefable|spa|1\n|move|p1a: Clefable|Calm Mind|p1a: Clefable\n|-boost|p1a: Clefable|spa|1\n|-boost|p1a: Clefable|spd|1\n|\n|upkeep\n|turn|7\n|\n|t:|1776624194\n|move|p2a: Whimsicott|U-turn|p1a: Clefable\n|-resisted|p1a: Clefable|1\n|-damage|p1a: Clefable|42/100\n|\n|t:|1776624197\n|switch|p2a: Froslass|Froslass, L50, F|100/100|[from] U-turn\n|move|p1a: Clefable|Moonlight|p1a: Clefable\n|-heal|p1a: Clefable|92/100\n|\n|upkeep\n|turn|8\n|\n|t:|1776624205\n|detailschange|p2a: Froslass|Froslass-Mega, L50, F\n|-mega|p2a: Froslass|Froslass|Froslassite\n|-weather|Snowscape|[from] ability: Snow Warning|[of] p2a: Froslass\n|move|p2a: Froslass|Nasty Plot|p2a: Froslass\n|-boost|p2a: Froslass|spa|2\n|move|p1a: Clefable|Calm Mind|p1a: Clefable\n|-boost|p1a: Clefable|spa|1\n|-boost|p1a: Clefable|spd|1\n|\n|-weather|Snowscape|[upkeep]\n|upkeep\n|turn|9\n|\n|t:|1776624215\n|move|p2a: Froslass|Blizzard|p1a: Clefable\n|-damage|p1a: Clefable|71/100\n|move|p1a: Clefable|Calm Mind|p1a: Clefable\n|-boost|p1a: Clefable|spa|1\n|-boost|p1a: Clefable|spd|1\n|\n|-weather|Snowscape|[upkeep]\n|upkeep\n|turn|10\n|\n|t:|1776624223\n|move|p2a: Froslass|Nasty Plot|p2a: Froslass\n|-boost|p2a: Froslass|spa|2\n|move|p1a: Clefable|Calm Mind|p1a: Clefable\n|-boost|p1a: Clefable|spa|1\n|-boost|p1a: Clefable|spd|1\n|\n|-weather|Snowscape|[upkeep]\n|upkeep\n|turn|11\n|\n|t:|1776624230\n|move|p2a: Froslass|Blizzard|p1a: Clefable\n|-damage|p1a: Clefable|56/100\n|move|p1a: Clefable|Calm Mind|p1a: Clefable\n|-boost|p1a: Clefable|spa|1\n|-boost|p1a: Clefable|spd|1\n|\n|-weather|Snowscape|[upkeep]\n|upkeep\n|turn|12\n|\n|t:|1776624240\n|move|p2a: Froslass|Blizzard|p1a: Clefable\n|-damage|p1a: Clefable|43/100\n|move|p1a: Clefable|Calm Mind|p1a: Clefable\n|-boost|p1a: Clefable|spa|1\n|-boost|p1a: Clefable|spd|1\n|\n|-weather|none\n|upkeep\n|turn|13\n|\n|t:|1776624248\n|move|p2a: Froslass|Shadow Ball|p1a: Clefable\n|-damage|p1a: Clefable|35/100\n|move|p1a: Clefable|Moonlight|p1a: Clefable\n|-heal|p1a: Clefable|85/100\n|\n|upkeep\n|turn|14\n|\n|t:|1776624255\n|switch|p2a: Whimsicott|Whimsicott, L50, M|100/100\n|move|p1a: Clefable|Calm Mind|p1a: Clefable\n|-boost|p1a: Clefable|spa|1\n|-boost|p1a: Clefable|spd|0\n|\n|upkeep\n|turn|15\n|\n|t:|1776624263\n|detailschange|p1a: Clefable|Clefable-Mega, L50, M\n|-mega|p1a: Clefable|Clefable|Clefablite\n|move|p2a: Whimsicott|Encore|p1a: Clefable\n|move|p1a: Clefable|Encore||[from] ability: Magic Bounce|[still]\n|-fail|p1a: Clefable\n|move|p1a: Clefable|Stored Power|p2a: Whimsicott\n|-enditem|p2a: Whimsicott|Focus Sash\n|-damage|p2a: Whimsicott|1/100\n|\n|upkeep\n|turn|16\n|\n|t:|1776624274\n|move|p2a: Whimsicott|Moonblast|p1a: Clefable\n|-damage|p1a: Clefable|79/100\n|move|p1a: Clefable|Stored Power|p2a: Whimsicott\n|-damage|p2a: Whimsicott|0 fnt\n|faint|p2a: Whimsicott\n|\n|upkeep\n|c|\u2606dr.ultraball head|Ggs\n|-message|dr.ultraball head forfeited.\n|\n|win|joguri\n|raw|joguri's rating: 1101 &rarr; <strong>1122</strong><br />(+21 for winning)\n|raw|dr.ultraball head's rating: 1048 &rarr; <strong>1033</strong><br />(-15 for losing)\n",
  "uploadtime": 1776624296,
  "views": 1,
  "formatid": "gen9championsbssregma",
  "rating": 1033,
  "private": 0,
  "password": null
}