{
  "id": "gen9championsbssregma-2583847469",
  "format": "[Gen 9 Champions] BSS Reg M-A",
  "players": [
    "harald283",
    "prawny1111"
  ],
  "log": "|j|\u2606harald283\n|j|\u2606prawny1111\n|t:|1776202372\n|gametype|singles\n|player|p1|harald283|drayden|1092\n|player|p2|prawny1111|265|1228\n|gen|9\n|tier|[Gen 9 Champions] BSS Reg M-A\n|rated|\n|rule|Species Clause: Limit one of each Pok\u00e9mon\n|rule|Item Clause: Limit 1 of each item\n|clearpoke\n|poke|p1|Hippowdon, L50, M|\n|poke|p1|Garchomp, L50, M|\n|poke|p1|Charizard, L50, M|\n|poke|p1|Aegislash, L50, M|\n|poke|p1|Glimmora, L50, M|\n|poke|p1|Corviknight, L50, M|\n|poke|p2|Corviknight, L50, F|\n|poke|p2|Lopunny, L50, M|\n|poke|p2|Espathra, L50, M|\n|poke|p2|Incineroar, L50, F|\n|poke|p2|Kommo-o, L50, F|\n|poke|p2|Basculegion, L50, M|\n|teampreview|3\n|inactive|Battle timer is ON: inactive players will automatically lose when time's up. (requested by prawny1111)\n|inactive|prawny1111 has 60 seconds left.\n|\n|t:|1776202452\n|teamsize|p1|3\n|teamsize|p2|3\n|start\n|switch|p1a: Aegislash|Aegislash, L50, M, shiny|100/100\n|switch|p2a: Espathra|Espathra, L50, M|100/100\n|turn|1\n|\n|t:|1776202459\n|move|p2a: Espathra|Calm Mind|p2a: Espathra\n|-boost|p2a: Espathra|spa|1\n|-boost|p2a: Espathra|spd|1\n|-formechange|p1a: Aegislash|Aegislash-Blade|\n|move|p1a: Aegislash|Poltergeist|p2a: Espathra\n|-activate|p2a: Espathra|move: Poltergeist|Leftovers\n|-supereffective|p2a: Espathra|1\n|-damage|p2a: Espathra|0 fnt\n|faint|p2a: Espathra\n|\n|upkeep\n|\n|t:|1776202471\n|switch|p2a: Basculegion|Basculegion, L50, M|100/100\n|turn|2\n|\n|t:|1776202475\n|-formechange|p1a: Aegislash|Aegislash|\n|move|p1a: Aegislash|King's Shield|p1a: Aegislash\n|-singleturn|p1a: Aegislash|Protect\n|move|p2a: Basculegion|Last Respects|p1a: Aegislash\n|-activate|p1a: Aegislash|move: Protect\n|\n|upkeep\n|turn|3\n|\n|t:|1776202484\n|move|p2a: Basculegion|Last Respects|p1a: Aegislash\n|-supereffective|p1a: Aegislash|1\n|-damage|p1a: Aegislash|5/100\n|-formechange|p1a: Aegislash|Aegislash-Blade|\n|move|p1a: Aegislash|Poltergeist|p2a: Basculegion\n|-activate|p2a: Basculegion|move: Poltergeist|Choice Scarf\n|-supereffective|p2a: Basculegion|1\n|-damage|p2a: Basculegion|0 fnt\n|faint|p2a: Basculegion\n|\n|-heal|p1a: Aegislash|11/100|[from] item: Leftovers\n|upkeep\n|inactive|prawny1111 has 30 seconds left.\n|\n|t:|1776202516\n|switch|p2a: Kommo-o|Kommo-o, L50, F|100/100\n|turn|4\n|\n|t:|1776202523\n|-formechange|p1a: Aegislash|Aegislash|\n|move|p1a: Aegislash|King's Shield|p1a: Aegislash\n|-singleturn|p1a: Aegislash|Protect\n|move|p2a: Kommo-o|Iron Defense|p2a: Kommo-o\n|-boost|p2a: Kommo-o|def|2\n|\n|-heal|p1a: Aegislash|17/100|[from] item: Leftovers\n|upkeep\n|turn|5\n|\n|t:|1776202540\n|-formechange|p1a: Aegislash|Aegislash-Blade|\n|move|p1a: Aegislash|Shadow Sneak|p2a: Kommo-o\n|-damage|p2a: Kommo-o|95/100\n|move|p2a: Kommo-o|Iron Defense|p2a: Kommo-o\n|-boost|p2a: Kommo-o|def|2\n|\n|-heal|p1a: Aegislash|23/100|[from] item: Leftovers\n|upkeep\n|turn|6\n|\n|t:|1776202551\n|move|p2a: Kommo-o|Iron Defense|p2a: Kommo-o\n|-boost|p2a: Kommo-o|def|2\n|move|p1a: Aegislash|Poltergeist|p2a: Kommo-o\n|-activate|p2a: Kommo-o|move: Poltergeist|Babiri Berry\n|-damage|p2a: Kommo-o|88/100\n|\n|-heal|p1a: Aegislash|29/100|[from] item: Leftovers\n|upkeep\n|turn|7\n|\n|t:|1776202568\n|-formechange|p1a: Aegislash|Aegislash|\n|move|p1a: Aegislash|King's Shield|p1a: Aegislash\n|-singleturn|p1a: Aegislash|Protect\n|move|p2a: Kommo-o|Flash Cannon|p1a: Aegislash\n|-activate|p1a: Aegislash|move: Protect\n|\n|-heal|p1a: Aegislash|35/100|[from] item: Leftovers\n|upkeep\n|turn|8\n|\n|t:|1776202581\n|move|p2a: Kommo-o|Clanging Scales|p1a: Aegislash\n|-resisted|p1a: Aegislash|1\n|-damage|p1a: Aegislash|24/100\n|-unboost|p2a: Kommo-o|def|1\n|-formechange|p1a: Aegislash|Aegislash-Blade|\n|move|p1a: Aegislash|Poltergeist|p2a: Kommo-o\n|-activate|p2a: Kommo-o|move: Poltergeist|Babiri Berry\n|-damage|p2a: Kommo-o|79/100\n|\n|-heal|p1a: Aegislash|30/100|[from] item: Leftovers\n|upkeep\n|turn|9\n|\n|t:|1776202593\n|-formechange|p1a: Aegislash|Aegislash|\n|move|p1a: Aegislash|King's Shield|p1a: Aegislash\n|-singleturn|p1a: Aegislash|Protect\n|move|p2a: Kommo-o|Iron Defense|p2a: Kommo-o\n|-boost|p2a: Kommo-o|def|1\n|\n|-heal|p1a: Aegislash|36/100|[from] item: Leftovers\n|upkeep\n|turn|10\n|\n|t:|1776202605\n|move|p2a: Kommo-o|Clanging Scales|p1a: Aegislash\n|-resisted|p1a: Aegislash|1\n|-damage|p1a: Aegislash|23/100\n|-unboost|p2a: Kommo-o|def|1\n|-formechange|p1a: Aegislash|Aegislash-Blade|\n|move|p1a: Aegislash|Iron Head|p2a: Kommo-o\n|-damage|p2a: Kommo-o|72/100\n|\n|-heal|p1a: Aegislash|29/100|[from] item: Leftovers\n|upkeep\n|turn|11\n|\n|t:|1776202619\n|move|p2a: Kommo-o|Iron Defense|p2a: Kommo-o\n|-boost|p2a: Kommo-o|def|1\n|move|p1a: Aegislash|Poltergeist|p2a: Kommo-o|[miss]\n|-miss|p1a: Aegislash|p2a: Kommo-o\n|\n|-heal|p1a: Aegislash|35/100|[from] item: Leftovers\n|upkeep\n|turn|12\n|\n|t:|1776202628\n|-formechange|p1a: Aegislash|Aegislash|\n|move|p1a: Aegislash|King's Shield|p1a: Aegislash\n|-singleturn|p1a: Aegislash|Protect\n|move|p2a: Kommo-o|Flash Cannon|p1a: Aegislash\n|-activate|p1a: Aegislash|move: Protect\n|\n|-heal|p1a: Aegislash|41/100|[from] item: Leftovers\n|upkeep\n|turn|13\n|\n|t:|1776202639\n|move|p2a: Kommo-o|Clanging Scales|p1a: Aegislash\n|-resisted|p1a: Aegislash|1\n|-damage|p1a: Aegislash|30/100\n|-unboost|p2a: Kommo-o|def|1\n|-formechange|p1a: Aegislash|Aegislash-Blade|\n|move|p1a: Aegislash|Poltergeist|p2a: Kommo-o\n|-activate|p2a: Kommo-o|move: Poltergeist|Babiri Berry\n|-damage|p2a: Kommo-o|63/100\n|\n|-heal|p1a: Aegislash|36/100|[from] item: Leftovers\n|upkeep\n|turn|14\n|-message|prawny1111 forfeited.\n|\n|win|harald283\n|raw|harald283's rating: 1092 &rarr; <strong>1128</strong><br />(+36 for winning)\n|raw|prawny1111's rating: 1228 &rarr; <strong>1194</strong><br />(-34 for losing)\n|l|\u2606prawny1111\n|player|p2|\n",
  "uploadtime": 1776202657,
  "views": 5,
  "formatid": "gen9championsbssregma",
  "rating": 1128,
  "private": 0,
  "password": null
}