{
  "id": "gen9championsbssregma-2584878781",
  "format": "[Gen 9 Champions] BSS Reg M-A",
  "players": [
    "Clown IRL",
    "ccand"
  ],
  "log": "|j|\u2606Clown IRL\n|j|\u2606ccand\n|t:|1776290931\n|gametype|singles\n|player|p1|Clown IRL|harlequin|1288\n|player|p2|ccand|266|1198\n|gen|9\n|tier|[Gen 9 Champions] BSS Reg M-A\n|rated|\n|rule|Species Clause: Limit one of each Pok\u00e9mon\n|rule|Item Clause: Limit 1 of each item\n|clearpoke\n|poke|p1|Starmie, L50|\n|poke|p1|Pelipper, L50, M|\n|poke|p1|Chesnaught, L50, M|\n|poke|p1|Kleavor, L50, F|\n|poke|p1|Hydreigon, L50, F|\n|poke|p1|Toxapex, L50, M|\n|poke|p2|Delphox, L50, M|\n|poke|p2|Lucario, L50, M|\n|poke|p2|Meowscarada, L50, F|\n|poke|p2|Hippowdon, L50, M|\n|poke|p2|Mimikyu, L50, M|\n|poke|p2|Rotom-Wash, L50|\n|teampreview|3\n|\n|t:|1776290983\n|teamsize|p1|3\n|teamsize|p2|3\n|start\n|switch|p1a: Hydreigon|Hydreigon, L50, F|100/100\n|switch|p2a: Meowscarada|Meowscarada, L50, F|100/100\n|turn|1\n|\n|t:|1776290990\n|move|p2a: Meowscarada|U-turn|p1a: Hydreigon\n|-start|p2a: Meowscarada|typechange|Bug|[from] ability: Protean\n|-supereffective|p1a: Hydreigon|1\n|-damage|p1a: Hydreigon|28/100\n|\n|t:|1776291000\n|switch|p2a: Mimikyu|Mimikyu, L50, M|100/100|[from] U-turn\n|move|p1a: Hydreigon|Dragon Pulse|p2a: Mimikyu\n|-immune|p2a: Mimikyu\n|\n|upkeep\n|turn|2\n|\n|t:|1776291006\n|move|p2a: Mimikyu|Swords Dance|p2a: Mimikyu\n|-boost|p2a: Mimikyu|atk|2\n|move|p1a: Hydreigon|Dark Pulse|p2a: Mimikyu\n|-activate|p2a: Mimikyu|ability: Disguise\n|-damage|p2a: Mimikyu|100/100\n|detailschange|p2a: Mimikyu|Mimikyu-Busted, L50, M\n|-damage|p2a: Mimikyu|88/100|[from] pokemon: Mimikyu-Busted\n|\n|upkeep\n|turn|3\n|\n|t:|1776291014\n|move|p2a: Mimikyu|Drain Punch|p1a: Hydreigon\n|-supereffective|p1a: Hydreigon|1\n|-damage|p1a: Hydreigon|0 fnt\n|-heal|p2a: Mimikyu|100/100|[from] drain|[of] p1a: Hydreigon\n|faint|p1a: Hydreigon\n|\n|upkeep\n|\n|t:|1776291016\n|switch|p1a: Kleavor|Kleavor, L50, F|100/100\n|turn|4\n|\n|t:|1776291022\n|move|p2a: Mimikyu|Play Rough|p1a: Kleavor\n|-damage|p1a: Kleavor|19/100\n|move|p1a: Kleavor|Stone Axe|p2a: Mimikyu\n|-damage|p2a: Mimikyu|0 fnt\n|-sidestart|p2: ccand|move: Stealth Rock\n|faint|p2a: Mimikyu\n|\n|upkeep\n|\n|t:|1776291043\n|switch|p2a: Delphox|Delphox, L50, M, shiny|100/100\n|-damage|p2a: Delphox|76/100|[from] Stealth Rock\n|turn|5\n|j| p74\n|\n|t:|1776291047\n|detailschange|p2a: Delphox|Delphox-Mega, L50, M, shiny\n|-mega|p2a: Delphox|Delphox|Delphoxite\n|move|p2a: Delphox|Psyshock|p1a: Kleavor\n|-damage|p1a: Kleavor|0 fnt\n|faint|p1a: Kleavor\n|\n|upkeep\n|\n|t:|1776291050\n|switch|p1a: Chesnaught|Chesnaught, L50, M|100/100\n|turn|6\n|\n|t:|1776291056\n|detailschange|p1a: Chesnaught|Chesnaught-Mega, L50, M\n|-mega|p1a: Chesnaught|Chesnaught|Chesnaughtite\n|move|p2a: Delphox|Fire Blast|p1a: Chesnaught|[miss]\n|-miss|p2a: Delphox|p1a: Chesnaught\n|move|p1a: Chesnaught|Body Press|p2a: Delphox\n|-resisted|p2a: Delphox|1\n|-damage|p2a: Delphox|35/100\n|\n|upkeep\n|turn|7\n|c|\u2606Clown IRL|gg\n|\n|t:|1776291062\n|move|p2a: Delphox|Fire Blast|p1a: Chesnaught|[miss]\n|-miss|p2a: Delphox|p1a: Chesnaught\n|move|p1a: Chesnaught|Body Press|p2a: Delphox\n|-resisted|p2a: Delphox|1\n|-damage|p2a: Delphox|0 fnt\n|faint|p2a: Delphox\n|\n|upkeep\n|\n|t:|1776291069\n|switch|p2a: Meowscarada|Meowscarada, L50, F|100/100\n|-damage|p2a: Meowscarada|88/100|[from] Stealth Rock\n|turn|8\n|\n|t:|1776291078\n|move|p2a: Meowscarada|Triple Axel|p1a: Chesnaught\n|-start|p2a: Meowscarada|typechange|Ice|[from] ability: Protean\n|-supereffective|p1a: Chesnaught|1\n|-damage|p1a: Chesnaught|90/100\n|-supereffective|p1a: Chesnaught|1\n|-damage|p1a: Chesnaught|71/100\n|-hitcount|p1a: Chesnaught|2\n|move|p1a: Chesnaught|Iron Defense|p1a: Chesnaught\n|-boost|p1a: Chesnaught|def|2\n|\n|upkeep\n|turn|9\n|-message|ccand forfeited.\n|\n|win|Clown IRL\n|raw|Clown IRL's rating: 1288 &rarr; <strong>1307</strong><br />(+19 for winning)\n|raw|ccand's rating: 1198 &rarr; <strong>1179</strong><br />(-19 for losing)\n|l|\u2606ccand\n|player|p2|\n|l|\u2606Clown IRL\n|player|p1|\n",
  "uploadtime": 1776291111,
  "views": 29,
  "formatid": "gen9championsbssregma",
  "rating": 1179,
  "private": 0,
  "password": null
}