{
  "id": "gen9championsbssregma-2588675003",
  "format": "[Gen 9 Champions] BSS Reg M-A",
  "players": [
    "fusionwatch",
    "sunshne"
  ],
  "log": "|j|\u2606fusionwatch\n|j|\u2606sunshne\n|t:|1776656420\n|gametype|singles\n|player|p1|fusionwatch|cynthia-gen4|1106\n|player|p2|sunshne|lyra|1195\n|gen|9\n|tier|[Gen 9 Champions] BSS Reg M-A\n|rated|\n|rule|Species Clause: Limit one of each Pok\u00e9mon\n|rule|Item Clause: Limit 1 of each item\n|clearpoke\n|poke|p1|Lopunny, L50, M|\n|poke|p1|Blastoise, L50, M|\n|poke|p1|Meowscarada, L50, M|\n|poke|p1|Dragapult, L50, M|\n|poke|p1|Slowking-Galar, L50, F|\n|poke|p1|Corviknight, L50, M|\n|poke|p2|Froslass, L50, F, shiny|\n|poke|p2|Archaludon, L50, F|\n|poke|p2|Quaquaval, L50, M|\n|poke|p2|Garchomp, L50, M|\n|poke|p2|Kingambit, L50, F|\n|poke|p2|Charizard, L50, F|\n|teampreview|3\n|inactive|Battle timer is ON: inactive players will automatically lose when time's up. (requested by fusionwatch)\n|\n|t:|1776656452\n|teamsize|p1|3\n|teamsize|p2|3\n|start\n|switch|p1a: Meowscarada|Meowscarada, L50, M|100/100\n|switch|p2a: Archaludon|Archaludon, L50, F|100/100\n|turn|1\n|inactive|fusionwatch has 30 seconds left.\n|\n|t:|1776656480\n|move|p1a: Meowscarada|Knock Off|p2a: Archaludon\n|-start|p1a: Meowscarada|typechange|Dark|[from] ability: Protean\n|-damage|p2a: Archaludon|76/100\n|-ability|p2a: Archaludon|Stamina|boost\n|-boost|p2a: Archaludon|def|1\n|-enditem|p2a: Archaludon|Sitrus Berry|[from] move: Knock Off|[of] p1a: Meowscarada\n|move|p2a: Archaludon|Thunder Wave|p1a: Meowscarada\n|-status|p1a: Meowscarada|par\n|\n|upkeep\n|turn|2\n|\n|t:|1776656489\n|switch|p1a: Blastoise|Blastoise, L50, M|100/100\n|move|p2a: Archaludon|Stealth Rock|p1a: Blastoise\n|-sidestart|p1: fusionwatch|move: Stealth Rock\n|\n|upkeep\n|turn|3\n|\n|t:|1776656497\n|detailschange|p1a: Blastoise|Blastoise-Mega, L50, M\n|-mega|p1a: Blastoise|Blastoise|Blastoisinite\n|move|p1a: Blastoise|Shell Smash|p1a: Blastoise\n|-unboost|p1a: Blastoise|def|1\n|-unboost|p1a: Blastoise|spd|1\n|-boost|p1a: Blastoise|atk|2\n|-boost|p1a: Blastoise|spa|2\n|-boost|p1a: Blastoise|spe|2\n|move|p2a: Archaludon|Dragon Tail|p1a: Blastoise\n|-damage|p1a: Blastoise|75/100\n|drag|p1a: Meowscarada|Meowscarada, L50, M|100/100 par\n|-damage|p1a: Meowscarada|88/100 par|[from] Stealth Rock\n|\n|upkeep\n|turn|4\n|\n|t:|1776656511\n|switch|p1a: Blastoise|Blastoise-Mega, L50, M|75/100\n|-damage|p1a: Blastoise|63/100|[from] Stealth Rock\n|move|p2a: Archaludon|Dragon Tail|p1a: Blastoise\n|-crit|p1a: Blastoise\n|-damage|p1a: Blastoise|34/100\n|drag|p1a: Dragapult|Dragapult, L50, M|100/100\n|-damage|p1a: Dragapult|88/100|[from] Stealth Rock\n|\n|upkeep\n|turn|5\n|\n|t:|1776656521\n|move|p1a: Dragapult|Draco Meteor|p2a: Archaludon\n|-damage|p2a: Archaludon|10/100\n|-unboost|p1a: Dragapult|spa|2\n|-ability|p2a: Archaludon|Stamina|boost\n|-boost|p2a: Archaludon|def|1\n|move|p2a: Archaludon|Dragon Tail|p1a: Dragapult\n|-supereffective|p1a: Dragapult|1\n|-damage|p1a: Dragapult|36/100\n|drag|p1a: Meowscarada|Meowscarada, L50, M|88/100 par\n|-damage|p1a: Meowscarada|76/100 par|[from] Stealth Rock\n|\n|upkeep\n|turn|6\n|\n|t:|1776656532\n|move|p1a: Meowscarada|Flower Trick|p2a: Archaludon\n|-start|p1a: Meowscarada|typechange|Grass|[from] ability: Protean\n|-resisted|p2a: Archaludon|2\n|-crit|p2a: Archaludon\n|-damage|p2a: Archaludon|4/100\n|-ability|p2a: Archaludon|Stamina|boost\n|-boost|p2a: Archaludon|def|1\n|move|p2a: Archaludon|Dragon Tail|p1a: Meowscarada|[miss]\n|-miss|p2a: Archaludon|p1a: Meowscarada\n|\n|upkeep\n|turn|7\n|\n|t:|1776656538\n|move|p1a: Meowscarada|Flower Trick|p2a: Archaludon\n|-resisted|p2a: Archaludon|2\n|-crit|p2a: Archaludon\n|-damage|p2a: Archaludon|0 fnt\n|faint|p2a: Archaludon\n|\n|upkeep\n|\n|t:|1776656549\n|switch|p2a: Froslass|Froslass, L50, F, shiny|100/100\n|turn|8\n|\n|t:|1776656555\n|detailschange|p2a: Froslass|Froslass-Mega, L50, F, shiny\n|-mega|p2a: Froslass|Froslass|Froslassite\n|-weather|Snowscape|[from] ability: Snow Warning|[of] p2a: Froslass\n|move|p2a: Froslass|Shadow Ball|p1a: Meowscarada\n|-damage|p1a: Meowscarada|12/100 par\n|-unboost|p1a: Meowscarada|spd|1\n|cant|p1a: Meowscarada|par\n|\n|-weather|Snowscape|[upkeep]\n|upkeep\n|turn|9\n|\n|t:|1776656565\n|move|p2a: Froslass|Shadow Ball|p1a: Meowscarada\n|-damage|p1a: Meowscarada|0 fnt\n|faint|p1a: Meowscarada\n|\n|-weather|Snowscape|[upkeep]\n|upkeep\n|\n|t:|1776656567\n|switch|p1a: Dragapult|Dragapult, L50, M|36/100\n|-damage|p1a: Dragapult|24/100|[from] Stealth Rock\n|turn|10\n|\n|t:|1776656573\n|move|p1a: Dragapult|Shadow Ball|p2a: Froslass\n|-supereffective|p2a: Froslass|1\n|-damage|p2a: Froslass|34/100\n|move|p2a: Froslass|Blizzard|p1a: Dragapult\n|-supereffective|p1a: Dragapult|1\n|-damage|p1a: Dragapult|0 fnt\n|faint|p1a: Dragapult\n|\n|-weather|Snowscape|[upkeep]\n|upkeep\n|\n|t:|1776656575\n|switch|p1a: Blastoise|Blastoise-Mega, L50, M|34/100\n|-damage|p1a: Blastoise|22/100|[from] Stealth Rock\n|turn|11\n|\n|t:|1776656584\n|move|p2a: Froslass|Shadow Ball|p1a: Blastoise\n|-damage|p1a: Blastoise|0 fnt\n|faint|p1a: Blastoise\n|\n|win|sunshne\n|raw|fusionwatch's rating: 1106 &rarr; <strong>1087</strong><br />(-19 for losing)\n|raw|sunshne's rating: 1195 &rarr; <strong>1214</strong><br />(+19 for winning)\n|l|\u2606fusionwatch\n|player|p1|\n",
  "uploadtime": 1776656640,
  "views": 1,
  "formatid": "gen9championsbssregma",
  "rating": 1087,
  "private": 0,
  "password": null
}