{
  "id": "gen9championsbssregma-2588114735",
  "format": "[Gen 9 Champions] BSS Reg M-A",
  "players": [
    "LimitlessKieran",
    "adfsdfsdfsdaf"
  ],
  "log": "|j|\u2606LimitlessKieran\n|j|\u2606adfsdfsdfsdaf\n|t:|1776605861\n|gametype|singles\n|player|p1|LimitlessKieran|flint|1169\n|player|p2|adfsdfsdfsdaf|2|1237\n|gen|9\n|tier|[Gen 9 Champions] BSS Reg M-A\n|rated|\n|rule|Species Clause: Limit one of each Pok\u00e9mon\n|rule|Item Clause: Limit 1 of each item\n|clearpoke\n|poke|p1|Garchomp, L50, F|\n|poke|p1|Dragapult, L50, M|\n|poke|p1|Glimmora, L50, F|\n|poke|p1|Delphox, L50, F|\n|poke|p1|Umbreon, L50, F|\n|poke|p1|Krookodile, L50, M|\n|poke|p2|Venusaur, L50, M|\n|poke|p2|Clefable, L50, F|\n|poke|p2|Hippowdon, L50, M|\n|poke|p2|Dragonite, L50, F|\n|poke|p2|Aegislash, L50, F|\n|poke|p2|Infernape, L50, M|\n|teampreview|3\n|inactive|Battle timer is ON: inactive players will automatically lose when time's up. (requested by LimitlessKieran)\n|inactive|adfsdfsdfsdaf has 60 seconds left.\n|\n|t:|1776605893\n|teamsize|p1|3\n|teamsize|p2|3\n|start\n|switch|p1a: Delphox|Delphox, L50, F|100/100\n|switch|p2a: Dragonite|Dragonite, L50, F|100/100\n|turn|1\n|\n|t:|1776605907\n|detailschange|p1a: Delphox|Delphox-Mega, L50, F\n|-mega|p1a: Delphox|Delphox|Delphoxite\n|move|p1a: Delphox|Calm Mind|p1a: Delphox\n|-boost|p1a: Delphox|spa|1\n|-boost|p1a: Delphox|spd|1\n|move|p2a: Dragonite|Thunder Wave|p1a: Delphox\n|-status|p1a: Delphox|par\n|\n|upkeep\n|turn|2\n|\n|t:|1776605922\n|move|p2a: Dragonite|Fire Spin|p1a: Delphox|[miss]\n|-miss|p2a: Dragonite|p1a: Delphox\n|move|p1a: Delphox|Dazzling Gleam|p2a: Dragonite\n|-supereffective|p2a: Dragonite|1\n|-damage|p2a: Dragonite|49/100\n|\n|-heal|p2a: Dragonite|56/100|[from] item: Leftovers\n|upkeep\n|turn|3\n|\n|t:|1776605927\n|move|p2a: Dragonite|Roost|p2a: Dragonite\n|-heal|p2a: Dragonite|100/100\n|-singleturn|p2a: Dragonite|move: Roost\n|move|p1a: Delphox|Psychic|p2a: Dragonite\n|-damage|p2a: Dragonite|62/100\n|\n|-heal|p2a: Dragonite|68/100|[from] item: Leftovers\n|upkeep\n|turn|4\n|\n|t:|1776605933\n|move|p2a: Dragonite|Roost|p2a: Dragonite\n|-heal|p2a: Dragonite|100/100\n|-singleturn|p2a: Dragonite|move: Roost\n|move|p1a: Delphox|Calm Mind|p1a: Delphox\n|-boost|p1a: Delphox|spa|1\n|-boost|p1a: Delphox|spd|1\n|\n|upkeep\n|turn|5\n|\n|t:|1776605938\n|move|p2a: Dragonite|Fire Spin|p1a: Delphox\n|-resisted|p1a: Delphox|1\n|-damage|p1a: Delphox|99/100 par\n|-activate|p1a: Delphox|move: Fire Spin|[of] p2a: Dragonite\n|move|p1a: Delphox|Dazzling Gleam|p2a: Dragonite\n|-supereffective|p2a: Dragonite|1\n|-damage|p2a: Dragonite|31/100\n|\n|-heal|p2a: Dragonite|37/100|[from] item: Leftovers\n|-damage|p1a: Delphox|86/100 par|[from] move: Fire Spin|[partiallytrapped]\n|upkeep\n|turn|6\n|\n|t:|1776605949\n|move|p2a: Dragonite|Roost|p2a: Dragonite\n|-heal|p2a: Dragonite|87/100\n|-singleturn|p2a: Dragonite|move: Roost\n|move|p1a: Delphox|Psychic|p2a: Dragonite\n|-damage|p2a: Dragonite|0 fnt\n|faint|p2a: Dragonite\n|\n|-end|p1a: Delphox|Fire Spin|[partiallytrapped]|[silent]\n|upkeep\n|\n|t:|1776605956\n|switch|p2a: Aegislash|Aegislash, L50, F|100/100\n|turn|7\n|\n|t:|1776605973\n|-formechange|p2a: Aegislash|Aegislash-Blade|\n|move|p2a: Aegislash|Shadow Sneak|p1a: Delphox\n|-supereffective|p1a: Delphox|1\n|-damage|p1a: Delphox|31/100 par\n|move|p1a: Delphox|Flamethrower|p2a: Aegislash\n|-supereffective|p2a: Aegislash|1\n|-enditem|p2a: Aegislash|Focus Sash\n|-damage|p2a: Aegislash|1/100\n|\n|upkeep\n|turn|8\n|\n|t:|1776605982\n|switch|p1a: Glimmora|Glimmora, L50, F|100/100\n|move|p2a: Aegislash|Shadow Sneak|p1a: Glimmora\n|-damage|p1a: Glimmora|79/100\n|-activate|p1a: Glimmora|ability: Toxic Debris\n|-sidestart|p2: adfsdfsdfsdaf|move: Toxic Spikes\n|\n|upkeep\n|turn|9\n|\n|t:|1776605990\n|move|p1a: Glimmora|Power Gem|p2a: Aegislash\n|-resisted|p2a: Aegislash|1\n|-damage|p2a: Aegislash|0 fnt\n|faint|p2a: Aegislash\n|\n|upkeep\n|\n|t:|1776605992\n|switch|p2a: Venusaur|Venusaur, L50, M|100/100\n|-sideend|p2: adfsdfsdfsdaf|move: Toxic Spikes|[of] p2a: Venusaur\n|turn|10\n|\n|t:|1776605999\n|detailschange|p2a: Venusaur|Venusaur-Mega, L50, M\n|-mega|p2a: Venusaur|Venusaur|Venusaurite\n|move|p1a: Glimmora|Power Gem|p2a: Venusaur\n|-damage|p2a: Venusaur|75/100\n|move|p2a: Venusaur|Earth Power|p1a: Glimmora\n|-supereffective|p1a: Glimmora|2\n|-damage|p1a: Glimmora|0 fnt\n|faint|p1a: Glimmora\n|\n|upkeep\n|\n|t:|1776606006\n|switch|p1a: Delphox|Delphox-Mega, L50, F|31/100 par\n|turn|11\n|\n|t:|1776606009\n|move|p2a: Venusaur|Sludge Wave|p1a: Delphox\n|-damage|p1a: Delphox|0 fnt\n|faint|p1a: Delphox\n|\n|upkeep\n|\n|t:|1776606010\n|switch|p1a: Garchomp|Garchomp, L50, F|100/100\n|turn|12\n|\n|t:|1776606017\n|move|p1a: Garchomp|Swords Dance|p1a: Garchomp\n|-boost|p1a: Garchomp|atk|2\n|move|p2a: Venusaur|Giga Drain|p1a: Garchomp\n|-damage|p1a: Garchomp|68/100\n|-heal|p2a: Venusaur|94/100|[from] drain|[of] p1a: Garchomp\n|\n|upkeep\n|turn|13\n|\n|t:|1776606024\n|move|p1a: Garchomp|Earthquake|p2a: Venusaur\n|-damage|p2a: Venusaur|13/100\n|move|p2a: Venusaur|Giga Drain|p1a: Garchomp\n|-damage|p1a: Garchomp|37/100\n|-heal|p2a: Venusaur|31/100|[from] drain|[of] p1a: Garchomp\n|\n|upkeep\n|turn|14\n|\n|t:|1776606026\n|move|p1a: Garchomp|Earthquake|p2a: Venusaur\n|-damage|p2a: Venusaur|0 fnt\n|faint|p2a: Venusaur\n|\n|win|LimitlessKieran\n|raw|LimitlessKieran's rating: 1169 &rarr; <strong>1199</strong><br />(+30 for winning)\n|raw|adfsdfsdfsdaf's rating: 1237 &rarr; <strong>1207</strong><br />(-30 for losing)\n",
  "uploadtime": 1776606028,
  "views": 4,
  "formatid": "gen9championsbssregma",
  "rating": 1199,
  "private": 0,
  "password": null
}