{
  "id": "gen9championsbssregma-2587960039",
  "format": "[Gen 9 Champions] BSS Reg M-A",
  "players": [
    "praction",
    "asasdfaf"
  ],
  "log": "|j|\u2606praction\n|j|\u2606asasdfaf\n|t:|1776585063\n|gametype|singles\n|player|p1|praction|2|1121\n|player|p2|asasdfaf|265|1182\n|gen|9\n|tier|[Gen 9 Champions] BSS Reg M-A\n|rated|\n|rule|Species Clause: Limit one of each Pok\u00e9mon\n|rule|Item Clause: Limit 1 of each item\n|clearpoke\n|poke|p1|Greninja, L50, M|\n|poke|p1|Aegislash, L50, M|\n|poke|p1|Serperior, L50, M|\n|poke|p1|Hippowdon, L50, M|\n|poke|p1|Charizard, L50, M|\n|poke|p1|Lucario, L50, F|\n|poke|p2|Feraligatr, L50, M|\n|poke|p2|Aegislash, L50, F|\n|poke|p2|Garchomp, L50, M|\n|poke|p2|Rotom-Heat, L50|\n|poke|p2|Venusaur, L50, M|\n|poke|p2|Clefable, L50, F|\n|teampreview|3\n|inactive|Battle timer is ON: inactive players will automatically lose when time's up. (requested by praction)\n|\n|t:|1776585127\n|teamsize|p1|3\n|teamsize|p2|3\n|start\n|switch|p1a: Serperior|Serperior, L50, M|100/100\n|switch|p2a: Rotom|Rotom-Heat, L50|100/100\n|turn|1\n|\n|t:|1776585134\n|switch|p1a: Greninja|Greninja, L50, M|100/100\n|move|p2a: Rotom|Overheat|p1a: Greninja\n|-resisted|p1a: Greninja|1\n|-damage|p1a: Greninja|57/100\n|-unboost|p2a: Rotom|spa|2\n|\n|upkeep\n|turn|2\n|\n|t:|1776585141\n|switch|p2a: Feraligatr|Feraligatr, L50, M|100/100\n|move|p1a: Greninja|Surf|p2a: Feraligatr\n|-start|p1a: Greninja|typechange|Water|[from] ability: Protean\n|-resisted|p2a: Feraligatr|1\n|-damage|p2a: Feraligatr|76/100\n|\n|upkeep\n|turn|3\n|\n|t:|1776585146\n|move|p1a: Greninja|U-turn|p2a: Feraligatr\n|-damage|p2a: Feraligatr|61/100\n|\n|t:|1776585148\n|switch|p1a: Serperior|Serperior, L50, M|100/100|[from] U-turn\n|move|p2a: Feraligatr|Dragon Dance|p2a: Feraligatr\n|-boost|p2a: Feraligatr|atk|1\n|-boost|p2a: Feraligatr|spe|1\n|\n|upkeep\n|turn|4\n|\n|t:|1776585151\n|detailschange|p2a: Feraligatr|Feraligatr-Mega, L50, M\n|-mega|p2a: Feraligatr|Feraligatr|Feraligite\n|move|p2a: Feraligatr|Thrash|p1a: Serperior\n|-damage|p1a: Serperior|0 fnt\n|faint|p1a: Serperior\n|\n|upkeep\n|\n|t:|1776585160\n|switch|p1a: Lucario|Lucario, L50, F|100/100\n|turn|5\n|\n|t:|1776585169\n|detailschange|p1a: Lucario|Lucario-Mega, L50, F\n|-mega|p1a: Lucario|Lucario|Lucarionite\n|move|p2a: Feraligatr|Thrash|p1a: Lucario|[from] lockedmove\n|-resisted|p1a: Lucario|1\n|-damage|p1a: Lucario|18/100\n|move|p1a: Lucario|Close Combat|p2a: Feraligatr\n|-damage|p2a: Feraligatr|0 fnt\n|-unboost|p1a: Lucario|def|1\n|-unboost|p1a: Lucario|spd|1\n|faint|p2a: Feraligatr\n|\n|upkeep\n|\n|t:|1776585176\n|switch|p2a: Rotom|Rotom-Heat, L50|100/100\n|turn|6\n|\n|t:|1776585188\n|move|p2a: Rotom|Discharge|p1a: Lucario\n|-damage|p1a: Lucario|0 fnt\n|faint|p1a: Lucario\n|\n|upkeep\n|\n|t:|1776585192\n|switch|p1a: Greninja|Greninja, L50, M|57/100\n|turn|7\n|\n|t:|1776585199\n|move|p2a: Rotom|Discharge|p1a: Greninja\n|-supereffective|p1a: Greninja|1\n|-damage|p1a: Greninja|0 fnt\n|faint|p1a: Greninja\n|\n|win|asasdfaf\n|raw|praction's rating: 1121 &rarr; <strong>1100</strong><br />(-21 for losing)\n|raw|asasdfaf's rating: 1182 &rarr; <strong>1203</strong><br />(+21 for winning)\n",
  "uploadtime": 1776585202,
  "views": 2,
  "formatid": "gen9championsbssregma",
  "rating": 1100,
  "private": 0,
  "password": null
}