{
  "id": "gen9championsbssregma-2583201309",
  "format": "[Gen 9 Champions] BSS Reg M-A",
  "players": [
    "jjoony",
    "zaliyeyuan"
  ],
  "log": "|j|\u2606jjoony\n|j|\u2606zaliyeyuan\n|t:|1776154106\n|gametype|singles\n|player|p1|jjoony|169|1254\n|player|p2|zaliyeyuan|artist-gen4|1258\n|gen|9\n|tier|[Gen 9 Champions] BSS Reg M-A\n|rated|\n|rule|Species Clause: Limit one of each Pok\u00e9mon\n|rule|Item Clause: Limit 1 of each item\n|clearpoke\n|poke|p1|Incineroar, L50, F|\n|poke|p1|Charizard, L50, F|\n|poke|p1|Hippowdon, L50, F|\n|poke|p1|Primarina, L50, F|\n|poke|p1|Ceruledge, L50, M|\n|poke|p1|Hydreigon, L50, M|\n|poke|p2|Starmie, L50|\n|poke|p2|Hydreigon, L50, F|\n|poke|p2|Hippowdon, L50, M|\n|poke|p2|Rotom-Wash, L50|\n|poke|p2|Aegislash, L50, M|\n|poke|p2|Floette-Eternal, L50, F|\n|teampreview|3\n|inactive|Battle timer is ON: inactive players will automatically lose when time's up. (requested by jjoony)\n|inactive|zaliyeyuan has 60 seconds left.\n|inactive|zaliyeyuan has 30 seconds left.\n|inactive|zaliyeyuan has 20 seconds left.\n|inactive|zaliyeyuan has 15 seconds left.\n|inactive|zaliyeyuan has 10 seconds left.\n|inactive|zaliyeyuan has 5 seconds left.\n|\n|t:|1776154195\n|teamsize|p1|3\n|teamsize|p2|3\n|start\n|switch|p1a: Hippowdon|Hippowdon, L50, F|100/100\n|switch|p2a: Floette|Floette-Eternal, L50, F|100/100\n|-weather|Sandstorm|[from] ability: Sand Stream|[of] p1a: Hippowdon\n|turn|1\n|\n|t:|1776154208\n|move|p2a: Floette|Calm Mind|p2a: Floette\n|-boost|p2a: Floette|spa|1\n|-boost|p2a: Floette|spd|1\n|move|p1a: Hippowdon|Earthquake|p2a: Floette\n|-damage|p2a: Floette|59/100\n|\n|-weather|Sandstorm|[upkeep]\n|-damage|p2a: Floette|53/100|[from] Sandstorm\n|upkeep\n|turn|2\n|\n|t:|1776154217\n|detailschange|p2a: Floette|Floette-Mega, L50, F\n|-mega|p2a: Floette|Floette|Floettite\n|-ability|p2a: Floette|Fairy Aura\n|move|p2a: Floette|Draining Kiss|p1a: Hippowdon\n|-damage|p1a: Hippowdon|36/100\n|-heal|p2a: Floette|100/100|[from] drain|[of] p1a: Hippowdon\n|move|p1a: Hippowdon|Yawn|p2a: Floette\n|-start|p2a: Floette|move: Yawn|[of] p1a: Hippowdon\n|\n|-weather|Sandstorm|[upkeep]\n|-damage|p2a: Floette|94/100|[from] Sandstorm\n|-heal|p1a: Hippowdon|42/100|[from] item: Leftovers\n|upkeep\n|turn|3\n|\n|t:|1776154234\n|move|p2a: Floette|Draining Kiss|p1a: Hippowdon\n|-damage|p1a: Hippowdon|0 fnt\n|-heal|p2a: Floette|100/100|[from] drain|[of] p1a: Hippowdon\n|faint|p1a: Hippowdon\n|\n|-weather|Sandstorm|[upkeep]\n|-damage|p2a: Floette|94/100|[from] Sandstorm\n|-end|p2a: Floette|move: Yawn|[silent]\n|-status|p2a: Floette|slp\n|upkeep\n|\n|t:|1776154242\n|switch|p1a: Charizard|Charizard, L50, F|100/100\n|turn|4\n|\n|t:|1776154262\n|detailschange|p1a: Charizard|Charizard-Mega-Y, L50, F\n|-mega|p1a: Charizard|Charizard|Charizardite Y\n|-weather|SunnyDay|[from] ability: Drought|[of] p1a: Charizard\n|move|p1a: Charizard|Flame Charge|p2a: Floette\n|-damage|p2a: Floette|72/100 slp\n|-boost|p1a: Charizard|spe|1\n|cant|p2a: Floette|slp\n|\n|-weather|SunnyDay|[upkeep]\n|upkeep\n|turn|5\n|\n|t:|1776154274\n|switch|p2a: Hippowdon|Hippowdon, L50, M|100/100\n|-weather|Sandstorm|[from] ability: Sand Stream|[of] p2a: Hippowdon\n|move|p1a: Charizard|Heat Wave|p2a: Hippowdon\n|-damage|p2a: Hippowdon|49/100\n|-enditem|p2a: Hippowdon|Sitrus Berry|[eat]\n|-heal|p2a: Hippowdon|74/100|[from] item: Sitrus Berry\n|\n|-weather|Sandstorm|[upkeep]\n|-damage|p1a: Charizard|95/100|[from] Sandstorm\n|upkeep\n|turn|6\n|\n|t:|1776154287\n|move|p1a: Charizard|Heat Wave|p2a: Hippowdon\n|-damage|p2a: Hippowdon|25/100\n|move|p2a: Hippowdon|Stealth Rock|p1a: Charizard\n|-sidestart|p1: jjoony|move: Stealth Rock\n|\n|-weather|Sandstorm|[upkeep]\n|-damage|p1a: Charizard|89/100|[from] Sandstorm\n|upkeep\n|turn|7\n|inactive|zaliyeyuan has 30 seconds left.\n|inactive|zaliyeyuan has 20 seconds left.\n|inactive|zaliyeyuan has 15 seconds left.\n|inactive|zaliyeyuan has 10 seconds left.\n|\n|t:|1776154335\n|switch|p2a: Hydreigon|Hydreigon, L50, F, shiny|100/100\n|move|p1a: Charizard|Heat Wave|p2a: Hydreigon\n|-resisted|p2a: Hydreigon|1\n|-damage|p2a: Hydreigon|64/100\n|-status|p2a: Hydreigon|brn\n|\n|-weather|Sandstorm|[upkeep]\n|-damage|p1a: Charizard|83/100|[from] Sandstorm\n|-damage|p2a: Hydreigon|58/100 brn|[from] Sandstorm\n|-damage|p2a: Hydreigon|53/100 brn|[from] brn\n|upkeep\n|turn|8\n|j| p74\n|\n|t:|1776154355\n|move|p1a: Charizard|Focus Blast|p2a: Hydreigon\n|-supereffective|p2a: Hydreigon|1\n|-damage|p2a: Hydreigon|0 fnt\n|faint|p2a: Hydreigon\n|\n|-weather|Sandstorm|[upkeep]\n|-damage|p1a: Charizard|77/100|[from] Sandstorm\n|upkeep\n|\n|t:|1776154363\n|switch|p2a: Floette|Floette-Mega, L50, F|72/100 slp\n|-ability|p2a: Floette|Fairy Aura\n|turn|9\n|\n|t:|1776154368\n|move|p1a: Charizard|Heat Wave|p2a: Floette\n|-damage|p2a: Floette|26/100 slp\n|cant|p2a: Floette|slp\n|\n|-weather|none\n|upkeep\n|turn|10\n|\n|t:|1776154375\n|move|p1a: Charizard|Heat Wave|p2a: Floette\n|-damage|p2a: Floette|0 fnt\n|faint|p2a: Floette\n|\n|upkeep\n|-message|zaliyeyuan forfeited.\n|\n|win|jjoony\n|raw|jjoony's rating: 1254 &rarr; <strong>1279</strong><br />(+25 for winning)\n|raw|zaliyeyuan's rating: 1258 &rarr; <strong>1233</strong><br />(-25 for losing)\n|l|\u2606zaliyeyuan\n|player|p2|\n|l|\u2606jjoony\n|player|p1|\n",
  "uploadtime": 1776154447,
  "views": 2,
  "formatid": "gen9championsbssregma",
  "rating": 1233,
  "private": 0,
  "password": null
}