{
  "id": "gen9championsbssregma-2584173979",
  "format": "[Gen 9 Champions] BSS Reg M-A",
  "players": [
    "chrismjkim2",
    "korean noob"
  ],
  "log": "|j|\u2606chrismjkim2\n|j|\u2606korean noob\n|t:|1776234223\n|gametype|singles\n|player|p1|chrismjkim2|170|1294\n|player|p2|korean noob|265|1391\n|gen|9\n|tier|[Gen 9 Champions] BSS Reg M-A\n|rated|\n|rule|Species Clause: Limit one of each Pok\u00e9mon\n|rule|Item Clause: Limit 1 of each item\n|clearpoke\n|poke|p1|Hippowdon, L50, M|\n|poke|p1|Rotom-Wash, L50|\n|poke|p1|Mimikyu, L50, M|\n|poke|p1|Charizard, L50, M|\n|poke|p1|Corviknight, L50, F|\n|poke|p1|Blastoise, L50, M|\n|poke|p2|Pelipper, L50, F|\n|poke|p2|Basculegion, L50, M|\n|poke|p2|Archaludon, L50, M|\n|poke|p2|Garchomp, L50, F|\n|poke|p2|Meganium, L50, F|\n|poke|p2|Lucario, L50, F|\n|teampreview|3\n|inactive|Battle timer is ON: inactive players will automatically lose when time's up. (requested by korean noob)\n|inactive|chrismjkim2 also wants the timer to be on.\n|j| p74\n|inactive|korean noob has 60 seconds left.\n|\n|t:|1776234263\n|teamsize|p1|3\n|teamsize|p2|3\n|start\n|switch|p1a: Rotom|Rotom-Wash, L50|100/100\n|switch|p2a: Meganium|Meganium, L50, F, shiny|100/100\n|turn|1\n|\n|t:|1776234272\n|detailschange|p2a: Meganium|Meganium-Mega, L50, F, shiny\n|-mega|p2a: Meganium|Meganium|Meganiumite\n|move|p1a: Rotom|Volt Switch|p2a: Meganium\n|-resisted|p2a: Meganium|1\n|-damage|p2a: Meganium|84/100\n|\n|t:|1776234277\n|switch|p1a: Charizard|Charizard, L50, M|100/100|[from] Volt Switch\n|move|p2a: Meganium|Solar Beam||[still]\n|-prepare|p2a: Meganium|Solar Beam\n|-activate|p2a: Meganium|ability: Mega Sol\n|-anim|p2a: Meganium|Solar Beam|p1a: Charizard\n|-resisted|p1a: Charizard|2\n|-damage|p1a: Charizard|83/100\n|\n|upkeep\n|turn|2\n|\n|t:|1776234289\n|switch|p2a: Garchomp|Garchomp, L50, F, shiny|100/100\n|detailschange|p1a: Charizard|Charizard-Mega-X, L50, M\n|-mega|p1a: Charizard|Charizard|Charizardite X\n|move|p1a: Charizard|Dragon Dance|p1a: Charizard\n|-boost|p1a: Charizard|atk|1\n|-boost|p1a: Charizard|spe|1\n|\n|upkeep\n|turn|3\n|\n|t:|1776234303\n|switch|p1a: Mimikyu|Mimikyu, L50, M|100/100\n|move|p2a: Garchomp|Outrage|p1a: Mimikyu\n|-immune|p1a: Mimikyu\n|\n|upkeep\n|turn|4\n|\n|t:|1776234311\n|switch|p2a: Pelipper|Pelipper, L50, F, shiny|100/100\n|-weather|RainDance|[from] ability: Drizzle|[of] p2a: Pelipper\n|move|p1a: Mimikyu|Swords Dance|p1a: Mimikyu\n|-boost|p1a: Mimikyu|atk|2\n|\n|-weather|RainDance|[upkeep]\n|upkeep\n|turn|5\n|\n|t:|1776234320\n|move|p1a: Mimikyu|Shadow Claw|p2a: Pelipper\n|-damage|p2a: Pelipper|5/100\n|move|p2a: Pelipper|Hurricane|p1a: Mimikyu\n|-activate|p1a: Mimikyu|ability: Disguise\n|-damage|p1a: Mimikyu|100/100\n|detailschange|p1a: Mimikyu|Mimikyu-Busted, L50, M\n|-damage|p1a: Mimikyu|88/100|[from] pokemon: Mimikyu-Busted\n|\n|-weather|RainDance|[upkeep]\n|upkeep\n|turn|6\n|\n|t:|1776234331\n|move|p1a: Mimikyu|Drain Punch|p2a: Pelipper\n|-resisted|p2a: Pelipper|1\n|-damage|p2a: Pelipper|0 fnt\n|-heal|p1a: Mimikyu|90/100|[from] drain|[of] p2a: Pelipper\n|faint|p2a: Pelipper\n|\n|-weather|RainDance|[upkeep]\n|upkeep\n|\n|t:|1776234333\n|switch|p2a: Garchomp|Garchomp, L50, F, shiny|100/100\n|turn|7\n|\n|t:|1776234342\n|move|p2a: Garchomp|Iron Head|p1a: Mimikyu\n|-supereffective|p1a: Mimikyu|1\n|-damage|p1a: Mimikyu|18/100\n|cant|p1a: Mimikyu|flinch\n|\n|-weather|RainDance|[upkeep]\n|upkeep\n|turn|8\n|\n|t:|1776234357\n|move|p1a: Mimikyu|Shadow Sneak|p2a: Garchomp\n|-damage|p2a: Garchomp|61/100\n|-damage|p1a: Mimikyu|6/100|[from] ability: Rough Skin|[of] p2a: Garchomp\n|move|p2a: Garchomp|Iron Head|p1a: Mimikyu\n|-supereffective|p1a: Mimikyu|1\n|-damage|p1a: Mimikyu|0 fnt\n|faint|p1a: Mimikyu\n|\n|-weather|none\n|upkeep\n|\n|t:|1776234368\n|switch|p1a: Rotom|Rotom-Wash, L50|100/100\n|turn|9\n|\n|t:|1776234374\n|switch|p2a: Meganium|Meganium-Mega, L50, F, shiny|84/100\n|move|p1a: Rotom|Hydro Pump|p2a: Meganium\n|-resisted|p2a: Meganium|1\n|-damage|p2a: Meganium|59/100\n|\n|upkeep\n|turn|10\n|\n|t:|1776234380\n|switch|p2a: Garchomp|Garchomp, L50, F, shiny|61/100\n|move|p1a: Rotom|Hydro Pump|p2a: Garchomp\n|-damage|p2a: Garchomp|0 fnt\n|faint|p2a: Garchomp\n|\n|upkeep\n|\n|t:|1776234383\n|switch|p2a: Meganium|Meganium-Mega, L50, F, shiny|59/100\n|turn|11\n|\n|t:|1776234390\n|move|p1a: Rotom|Hydro Pump|p2a: Meganium\n|-resisted|p2a: Meganium|1\n|-damage|p2a: Meganium|38/100\n|move|p2a: Meganium|Solar Beam||[still]\n|-prepare|p2a: Meganium|Solar Beam\n|-activate|p2a: Meganium|ability: Mega Sol\n|-anim|p2a: Meganium|Solar Beam|p1a: Rotom\n|-supereffective|p1a: Rotom|1\n|-damage|p1a: Rotom|0 fnt\n|faint|p1a: Rotom\n|\n|upkeep\n|\n|t:|1776234398\n|switch|p1a: Charizard|Charizard-Mega-X, L50, M|83/100\n|turn|12\n|\n|t:|1776234401\n|move|p1a: Charizard|Flare Blitz|p2a: Meganium\n|-supereffective|p2a: Meganium|1\n|-damage|p2a: Meganium|0 fnt\n|faint|p2a: Meganium\n|-damage|p1a: Charizard|69/100|[from] Recoil\n|\n|win|chrismjkim2\n|raw|chrismjkim2's rating: 1294 &rarr; <strong>1326</strong><br />(+32 for winning)\n|raw|korean noob's rating: 1391 &rarr; <strong>1366</strong><br />(-25 for losing)\n|l|\u2606chrismjkim2\n|player|p1|\n|l|\u2606korean noob\n|player|p2|\n|l| p74\n",
  "uploadtime": 1776234427,
  "views": 8,
  "formatid": "gen9championsbssregma",
  "rating": 1326,
  "private": 0,
  "password": null
}