{
  "id": "gen9championsbssregma-2588106868",
  "format": "[Gen 9 Champions] BSS Reg M-A",
  "players": [
    "paradisesc",
    "gorilnx"
  ],
  "log": "|j|\u2606paradisesc\n|j|\u2606gorilnx\n|t:|1776605006\n|gametype|singles\n|player|p1|paradisesc|265|1204\n|player|p2|gorilnx|dawn-gen4pt|1190\n|gen|9\n|tier|[Gen 9 Champions] BSS Reg M-A\n|rated|\n|rule|Species Clause: Limit one of each Pok\u00e9mon\n|rule|Item Clause: Limit 1 of each item\n|clearpoke\n|poke|p1|Kingambit, L50, F|\n|poke|p1|Dragonite, L50, M|\n|poke|p1|Starmie, L50|\n|poke|p1|Hippowdon, L50, F|\n|poke|p1|Chandelure, L50, M|\n|poke|p1|Corviknight, L50, F|\n|poke|p2|Delphox, L50, M|\n|poke|p2|Lopunny, L50, F|\n|poke|p2|Corviknight, L50, F|\n|poke|p2|Primarina, L50, M|\n|poke|p2|Garchomp, L50, M|\n|poke|p2|Rotom-Heat, L50|\n|teampreview|3\n|inactive|Battle timer is ON: inactive players will automatically lose when time's up. (requested by gorilnx)\n|inactive|paradisesc has 60 seconds left.\n|\n|t:|1776605042\n|teamsize|p1|3\n|teamsize|p2|3\n|start\n|switch|p1a: Starmie|Starmie, L50|100/100\n|switch|p2a: Primarina|Primarina, L50, M|100/100\n|turn|1\n|\n|t:|1776605051\n|detailschange|p1a: Starmie|Starmie-Mega, L50\n|-mega|p1a: Starmie|Starmie|Starminite\n|move|p1a: Starmie|Flip Turn|p2a: Primarina\n|-resisted|p2a: Primarina|1\n|-damage|p2a: Primarina|70/100\n|\n|t:|1776605056\n|switch|p1a: Corviknight|Corviknight, L50, F|100/100|[from] Flip Turn\n|move|p2a: Primarina|Moonblast|p1a: Corviknight\n|-resisted|p1a: Corviknight|1\n|-damage|p1a: Corviknight|76/100\n|\n|-heal|p1a: Corviknight|81/100|[from] item: Leftovers\n|upkeep\n|turn|2\n|\n|t:|1776605073\n|move|p1a: Corviknight|U-turn|p2a: Primarina\n|-resisted|p2a: Primarina|1\n|-damage|p2a: Primarina|61/100\n|\n|t:|1776605075\n|switch|p1a: Starmie|Starmie-Mega, L50|100/100|[from] U-turn\n|move|p2a: Primarina|Flip Turn|p1a: Starmie\n|-resisted|p1a: Starmie|1\n|-damage|p1a: Starmie|90/100\n|\n|t:|1776605082\n|switch|p2a: Rotom|Rotom-Heat, L50|100/100|[from] Flip Turn\n|\n|upkeep\n|turn|3\n|\n|t:|1776605089\n|move|p2a: Rotom|Will-O-Wisp|p1a: Starmie\n|-status|p1a: Starmie|brn\n|move|p1a: Starmie|Waterfall|p2a: Rotom\n|-supereffective|p2a: Rotom|1\n|-damage|p2a: Rotom|6/100\n|\n|-damage|p1a: Starmie|84/100 brn|[from] brn\n|upkeep\n|turn|4\n|\n|t:|1776605097\n|switch|p2a: Primarina|Primarina, L50, M|61/100\n|move|p1a: Starmie|Aqua Jet|p2a: Primarina\n|-resisted|p2a: Primarina|1\n|-damage|p2a: Primarina|52/100\n|\n|-damage|p1a: Starmie|78/100 brn|[from] brn\n|upkeep\n|turn|5\n|inactive|paradisesc has 30 seconds left.\n|\n|t:|1776605131\n|move|p1a: Starmie|Flip Turn|p2a: Primarina\n|-resisted|p2a: Primarina|1\n|-damage|p2a: Primarina|38/100\n|-enditem|p2a: Primarina|Sitrus Berry|[eat]\n|-heal|p2a: Primarina|63/100|[from] item: Sitrus Berry\n|\n|t:|1776605140\n|switch|p1a: Corviknight|Corviknight, L50, F|81/100|[from] Flip Turn\n|move|p2a: Primarina|Flip Turn|p1a: Corviknight\n|-damage|p1a: Corviknight|71/100\n|\n|t:|1776605146\n|switch|p2a: Rotom|Rotom-Heat, L50|6/100|[from] Flip Turn\n|\n|-heal|p1a: Corviknight|77/100|[from] item: Leftovers\n|upkeep\n|turn|6\n|\n|t:|1776605156\n|switch|p1a: Chandelure|Chandelure, L50, M|100/100\n|move|p2a: Rotom|Volt Switch|p1a: Chandelure\n|-damage|p1a: Chandelure|55/100\n|\n|t:|1776605161\n|switch|p2a: Primarina|Primarina, L50, M|63/100|[from] Volt Switch\n|\n|upkeep\n|turn|7\n|\n|t:|1776605176\n|move|p1a: Chandelure|Energy Ball|p2a: Primarina\n|-supereffective|p2a: Primarina|1\n|-damage|p2a: Primarina|10/100\n|move|p2a: Primarina|Sparkling Aria|p1a: Chandelure\n|-supereffective|p1a: Chandelure|1\n|-damage|p1a: Chandelure|0 fnt\n|faint|p1a: Chandelure\n|\n|upkeep\n|\n|t:|1776605182\n|switch|p1a: Starmie|Starmie-Mega, L50|78/100 brn\n|turn|8\n|\n|t:|1776605185\n|move|p1a: Starmie|Waterfall|p2a: Primarina\n|-resisted|p2a: Primarina|1\n|-damage|p2a: Primarina|0 fnt\n|faint|p2a: Primarina\n|\n|-damage|p1a: Starmie|72/100 brn|[from] brn\n|upkeep\n|\n|t:|1776605188\n|switch|p2a: Lopunny|Lopunny, L50, F|100/100\n|turn|9\n|\n|t:|1776605192\n|switch|p1a: Corviknight|Corviknight, L50, F|77/100\n|detailschange|p2a: Lopunny|Lopunny-Mega, L50, F\n|-mega|p2a: Lopunny|Lopunny|Lopunnite\n|move|p2a: Lopunny|Fake Out|p1a: Corviknight\n|-resisted|p1a: Corviknight|1\n|-damage|p1a: Corviknight|69/100\n|\n|-heal|p1a: Corviknight|75/100|[from] item: Leftovers\n|upkeep\n|turn|10\n|\n|t:|1776605209\n|move|p2a: Lopunny|High Jump Kick|p1a: Corviknight\n|-damage|p1a: Corviknight|31/100\n|move|p1a: Corviknight|Roost|p1a: Corviknight\n|-heal|p1a: Corviknight|81/100\n|-singleturn|p1a: Corviknight|move: Roost\n|\n|-heal|p1a: Corviknight|87/100|[from] item: Leftovers\n|upkeep\n|turn|11\n|\n|t:|1776605216\n|move|p2a: Lopunny|High Jump Kick|p1a: Corviknight\n|-damage|p1a: Corviknight|43/100\n|move|p1a: Corviknight|Iron Defense|p1a: Corviknight\n|-boost|p1a: Corviknight|def|2\n|\n|-heal|p1a: Corviknight|49/100|[from] item: Leftovers\n|upkeep\n|turn|12\n|\n|t:|1776605224\n|move|p2a: Lopunny|U-turn|p1a: Corviknight\n|-resisted|p1a: Corviknight|2\n|-damage|p1a: Corviknight|47/100\n|\n|t:|1776605226\n|switch|p2a: Rotom|Rotom-Heat, L50|6/100|[from] U-turn\n|move|p1a: Corviknight|Roost|p1a: Corviknight\n|-heal|p1a: Corviknight|98/100\n|-singleturn|p1a: Corviknight|move: Roost\n|\n|-heal|p1a: Corviknight|100/100|[from] item: Leftovers\n|upkeep\n|turn|13\n|\n|t:|1776605247\n|move|p2a: Rotom|Overheat|p1a: Corviknight\n|-supereffective|p1a: Corviknight|1\n|-damage|p1a: Corviknight|0 fnt\n|-unboost|p2a: Rotom|spa|2\n|faint|p1a: Corviknight\n|\n|upkeep\n|\n|t:|1776605254\n|switch|p1a: Starmie|Starmie-Mega, L50|72/100 brn\n|turn|14\n|\n|t:|1776605258\n|move|p1a: Starmie|Aqua Jet|p2a: Rotom\n|-supereffective|p2a: Rotom|1\n|-damage|p2a: Rotom|0 fnt\n|faint|p2a: Rotom\n|\n|-damage|p1a: Starmie|66/100 brn|[from] brn\n|upkeep\n|\n|t:|1776605260\n|switch|p2a: Lopunny|Lopunny-Mega, L50, F|100/100\n|turn|15\n|\n|t:|1776605264\n|move|p2a: Lopunny|Fake Out|p1a: Starmie\n|-damage|p1a: Starmie|37/100 brn\n|cant|p1a: Starmie|flinch\n|\n|-damage|p1a: Starmie|31/100 brn|[from] brn\n|upkeep\n|turn|16\n|\n|t:|1776605270\n|move|p2a: Lopunny|High Jump Kick|p1a: Starmie\n|-resisted|p1a: Starmie|1\n|-damage|p1a: Starmie|0 fnt\n|faint|p1a: Starmie\n|\n|win|gorilnx\n|raw|paradisesc's rating: 1204 &rarr; <strong>1178</strong><br />(-26 for losing)\n|raw|gorilnx's rating: 1190 &rarr; <strong>1216</strong><br />(+26 for winning)\n|l|\u2606paradisesc\n|player|p1|\n",
  "uploadtime": 1776605277,
  "views": 2,
  "formatid": "gen9championsbssregma",
  "rating": 1178,
  "private": 0,
  "password": null
}