{
  "id": "gen9championsbssregma-2581568972",
  "format": "[Gen 9 Champions] BSS Reg M-A",
  "players": [
    "SuperTemmie64",
    "hackercat01"
  ],
  "log": "|j|\u2606SuperTemmie64\n|j|\u2606hackercat01\n|t:|1776011689\n|gametype|singles\n|player|p1|SuperTemmie64|miku-psychic|1098\n|player|p2|hackercat01|101|1059\n|gen|9\n|tier|[Gen 9 Champions] BSS Reg M-A\n|rated|\n|rule|Species Clause: Limit one of each Pok\u00e9mon\n|rule|Item Clause: Limit 1 of each item\n|clearpoke\n|poke|p1|Lopunny, L50, F|\n|poke|p1|Kingambit, L50, M|\n|poke|p1|Dragapult, L50, F|\n|poke|p1|Clefable, L50, F|\n|poke|p1|Garchomp, L50, M|\n|poke|p1|Sneasler, L50, M|\n|poke|p2|Greninja-*, L50, F|\n|poke|p2|Garbodor, L50, F|\n|poke|p2|Aegislash, L50, F|\n|poke|p2|Dragonite, L50, M|\n|poke|p2|Lycanroc-Dusk, L50, F|\n|poke|p2|Ditto, L50|\n|teampreview|3\n|\n|t:|1776011710\n|teamsize|p1|3\n|teamsize|p2|3\n|start\n|switch|p1a: Garchomp|Garchomp, L50, M|100/100\n|switch|p2a: Lycanroc|Lycanroc-Dusk, L50, F|100/100\n|turn|1\n|inactive|Battle timer is ON: inactive players will automatically lose when time's up. (requested by hackercat01)\n|\n|t:|1776011718\n|move|p2a: Lycanroc|Taunt|p1a: Garchomp\n|-start|p1a: Garchomp|move: Taunt\n|move|p1a: Garchomp|Earthquake|p2a: Lycanroc\n|-supereffective|p2a: Lycanroc|1\n|-enditem|p2a: Lycanroc|Focus Sash\n|-damage|p2a: Lycanroc|1/100\n|\n|upkeep\n|turn|2\n|\n|t:|1776011730\n|move|p2a: Lycanroc|Stealth Rock|p1a: Garchomp\n|-sidestart|p1: SuperTemmie64|move: Stealth Rock\n|move|p1a: Garchomp|Dragon Tail|p2a: Lycanroc\n|-damage|p2a: Lycanroc|0 fnt\n|faint|p2a: Lycanroc\n|\n|upkeep\n|\n|t:|1776011737\n|switch|p2a: Aegislash|Aegislash, L50, F|100/100\n|turn|3\n|\n|t:|1776011742\n|move|p2a: Aegislash|King's Shield|p2a: Aegislash\n|-singleturn|p2a: Aegislash|Protect\n|move|p1a: Garchomp|Earthquake|p2a: Aegislash\n|-activate|p2a: Aegislash|move: Protect\n|\n|-end|p1a: Garchomp|move: Taunt\n|upkeep\n|turn|4\n|\n|t:|1776011755\n|move|p1a: Garchomp|Earthquake|p2a: Aegislash\n|-supereffective|p2a: Aegislash|1\n|-damage|p2a: Aegislash|27/100\n|-formechange|p2a: Aegislash|Aegislash-Blade|\n|move|p2a: Aegislash|Poltergeist|p1a: Garchomp\n|-activate|p1a: Garchomp|move: Poltergeist|Yache Berry\n|-damage|p1a: Garchomp|34/100\n|\n|upkeep\n|turn|5\n|\n|t:|1776011768\n|move|p2a: Aegislash|Shadow Sneak|p1a: Garchomp\n|-damage|p1a: Garchomp|9/100\n|-damage|p2a: Aegislash|15/100|[from] ability: Rough Skin|[of] p1a: Garchomp\n|move|p1a: Garchomp|Earthquake|p2a: Aegislash\n|-supereffective|p2a: Aegislash|1\n|-damage|p2a: Aegislash|0 fnt\n|faint|p2a: Aegislash\n|\n|upkeep\n|\n|t:|1776011774\n|switch|p2a: Garbodor|Garbodor, L50, F|100/100\n|turn|6\n|\n|t:|1776011779\n|move|p1a: Garchomp|Earthquake|p2a: Garbodor\n|-supereffective|p2a: Garbodor|1\n|-damage|p2a: Garbodor|1/100\n|-ability|p2a: Garbodor|Weak Armor|boost\n|-unboost|p2a: Garbodor|def|1\n|-boost|p2a: Garbodor|spe|2\n|-enditem|p2a: Garbodor|White Herb\n|-clearnegativeboost|p2a: Garbodor|[silent]\n|move|p2a: Garbodor|Drain Punch|p1a: Garchomp\n|-damage|p1a: Garchomp|0 fnt\n|-heal|p2a: Garbodor|6/100|[from] drain|[of] p1a: Garchomp\n|-damage|p2a: Garbodor|0 fnt|[from] ability: Rough Skin|[of] p1a: Garchomp\n|faint|p1a: Garchomp\n|faint|p2a: Garbodor\n|\n|win|SuperTemmie64\n|raw|SuperTemmie64's rating: 1098 &rarr; <strong>1120</strong><br />(+22 for winning)\n|raw|hackercat01's rating: 1059 &rarr; <strong>1042</strong><br />(-17 for losing)\n|l|\u2606hackercat01\n|player|p2|\n|c|\u2606SuperTemmie64|gg\n",
  "uploadtime": 1776011797,
  "views": 12,
  "formatid": "gen9championsbssregma",
  "rating": 1042,
  "private": 0,
  "password": null
}